3034 4925
532 384 661 454 192
1462 394 1531 440 τ.
1579 393 1769 441 mvn

530 546 938 627 formamque
977 541 1102 608 viri
1126 539 1539 624 aliquantum
1569 540 1959 623 ampliorem
1988 540 2568 623 augustioremque
2597 539 2710 605 hu-'

533 665 731 712 mana
759 648 1041 723 intuens,
1068 645 1338 726 rogitat,
1370 643 1625 726 qui.vir
1660 646 1886 708 esset‘i
1976 643 2112 708 Ubi
2156 663 2391 709 nomen
2428 649 2711 727 patrem·

537 765 812 834 queac
854 746 1136 829 patriam
1189 745 1492 826 accepit:
1555 748 1577 777 ‘
1607 743 1779 809 Jove
1821 751 1996 823 nate,
2044 743 2454 823 Hercule5‚¹²
2485 744 2712 821 salve‚’

533 851 793 933 inquit:
835 853 943 913 ‘te
973 848 1135 913 mihi
1159 855 1391 925 mater,
1424 847 1719 913 veridica
1746 848 2063 932 interpres
2091 848 2338 925 Deum,
2369 855 2713 913 aucturum

538 951 919 1017 coelestium
948 969 1287 1017 numerum
1318 951 1605 1032 cecinit;
1655 951 1913 1036 tibique
1939 971 2123 1015 aram
2153 951 2261 1016 hic
2292 951 2591 1015 dicatum
2620 950 2718 1029 iri,

540 1072 740 1140 quam
789 1054 1286 1137 opulentissima
1332 1053 1492 1118 olim
1538 1054 1608 1117 in
1653 1055 1842 1119 terris
1887 1072 2045 1135 gens
2086 1053 2461 1126 Maximam
2503 1060 2719 1128 vocet,

538 1159 788 1240 tuoque
840 1158 970 1222 ritu
1014 1155 1236 1221 colat.’
1326 1143 1587 1220 Dextra
1617 1154 1951 1220 Hercules
1991 1154 2198 1232 data,‘²
2245 1159 2266 1189 ⁶
2298 1155 2610 1238 accipere
2651 1173 2719 1217 se

540 1277 734 1322 omen
772 1258 1334 1342 impleturumque
1375 1257 1536 1332 fata,
1577 1276 1693 1321 ara
1734 1257 2011 1322 condita
2043 1264 2250 1342 atque
2295 1256 2564 1334 dicata,'
2612 1256 2721 1320 ait.

513 1346 649 1425 'Ibi
707 1367 846 1426 tum
903 1362 1191 1444 primum
1250 1360 1419 1425 bove
1486 1360 1742 1425 eximia
1799 1366 1999 1444 capta
2060 1359 2145 1424 de
2200 1378 2390 1444 grege
2451 1377 2722 1432 sacrum

539 1461 848 1540 Herculi,
904 1462 1225 1527 adhibitis
1247 1469 1294 1508 ¹³
1354 1459 1437 1525 ad
1500 1461 1932 1526 ministerium
1985 1462 2364 1546 dapemque
2444 1460 2724 1526 Potitiis

538 1583 622 1628 ac
668 1560 1013 1644 PinariiS,‘¹
1057 1584 1208 1648 quae
1260 1571 1402 1629 tum
1449 1564 1720 1646 familiae
1764 1565 2057 1629 maxime
2114 1566 2393 1649 inclytae
2444 1585 2527 1631 ea
2579 1565 2729 1628 loca

539 1667 945 1745 incolebant,
989 1668 1268 1731 factum.
1360 1667 1565 1731 Forte
1600 1667 1698 1732 ita
1740 1668 1980 1745 evenit,
2028 1674 2103 1733 ut
2147 1667 2384 1733 Potitii
2430 1668 2517 1732 ad
2563 1676 2729 1732 tem·

540 1788 675 1852 pus
719 1775 975 1851 praesto
1031 1776 1273 1847 essent,
1321 1770 1545 1854 iisque
1602 1777 1769 1834 exta
1826 1769 2404 1853 apponerentui30
2450 1770 2728 1848 Pinarii,

543 1871 721 1935 extis
780 1870 1027 1950 adesiS,
1089 1872 1173 1938 ad
1235 1879 1526 1938 ceteram
1584 1874 1913 1938 venirent.
1944 1873 2210 1955 dapem.
2320 1871 2491 1937 Inde
2540 1873 2732 1937 insti-

542 1979 756 2038 tutum
813 1976 1082 2054 mansit,
1142 1977 1361 2041 donec
1415 1960 1765 2054 Pinarium
1802 1995 2020 2058 genus
2062 1976 2211 2053 fuit,
2263 1995 2346 2039 ne
2396 1976 2577 2041 extis
2621 1994 2732 2040 so-

543 2078 838 2143 lennium
858 2084 912 2125 ¹4
942 2076 1403 2145 vescerentur!
1482 2078 1744 2158 Potitii,
1774 2079 1860 2143 ab
1904 2076 2212 2143 Evandro
2246 2078 2496 2153 edocti,
2525 2077 2732 2142 antis-

1456 2244 1662 2265 OOOOOOO
1668 2244 1817 2266 ‘Oete

523 2325 720 2474 ἨῖῙΙιιιι.
769 2358 990 2410 Hercule.
992 2363 1121 2409 —13
1158 2360 1307 2426 Vulg.
1355 2375 1539 2412 smum
1600 2362 1845 2413 adhibitis.
1847 2367 1978 2413 -14
2032 2362 2181 2412 Vett.
2237 2361 2357 2412 edd.
2416 2361 2547 2411 extis
2586 2358 2737 2409 solen·

545 2438 599 2473 m
661 2439 686 2474 s

1539 2540 1753 2592 NOTAE

612 2659 634 2687 ⁰
668 2650 859 2704 Dextra
883 2654 1116 2706 Hercules
1136 2653 1274 2717 doto]
1309 2656 1398 2706 Ita
1422 2657 1604 2707 melius

550 2743 720 2793 quam,
766 2737 823 2778 ut
874 2730 1132 2794 Sigonius,
1184 2734 1359 2782 dextra
1403 2733 1607 2784 Herculi

550 2806 679 2853 dota.
749 2806 903 2855 Hunc
925 2808 1092 2857 locum
1112 2808 1337 2859 Turneb.
1357 2809 1431 2859 sic
1446 2810 1606 2859 inter·

554 2884 808 2941 pretatur,
819 2886 876 2927 ut
894 2880 1166 2945 Hercules,
1183 2891 1423 2946 porrecta
1439 2885 1608 2934 Evan-

554 2952 650 3001 dro
684 2967 857 3014 manu,
890 2954 1177 3005 divinitatis
1210 2973 1361 3007 omen
1392 2974 1613 3024 accepe-

555 3027 661 3087 rit;
697 3042 854 3092 seque
888 3027 1015 3092 fata,
1034 3045 1150 3094 quae
1175 3031 1455 3083 Carmenta
1475 3037 1631 3086 ceci--

554 3110 726 3160 neret,
770 3105 1121 3170 impleturum,
1164 3123 1408 3175 aramque
1451 3113 1614 3163 maxi·

556 3194 693 3229 mam
716 3179 1005 3232 dicaturum
1022 3184 1326 3236 ostenderit.
1396 3188 1465 3238 Et
1489 3203 1612 3240 sane

558 3257 770 3316 dicavit,
808 3273 908 3308 non
945 3260 1061 3324 sibi,
1093 3262 1296 3327 opinor,
1325 3265 1486 3329 (quod
1523 3267 1613 3317 ab·

558 3333 771 3384 surdum
811 3334 1020 3400 Sigonio
1056 3338 1237 3397 visum,
1270 3342 1500 3404 quamvis
1538 3342 1616 3393 ita

557 3411 688 3462 velit
711 3426 829 3461 cum
852 3412 1042 3465 Ovidio
1069 3415 1320 3482 Solinus,)
1361 3417 1455 3467 sed
1490 3418 1615 3470 Jovi

558 3489 841 3554 inventori,
865 3492 949 3540 eui
978 3490 1259 3555 juvencum
1282 3493 1350 3543 ob
1374 3503 1615 3558 receptas

559 3565 629 3614 de
653 3566 791 3615 Caco
812 3567 968 3616 boves
980 3569 1245 3619 mactavit.
1311 3568 1470 3619 Aram
1492 3584 1616 3621 vero

560 3640 702 3690 iilam
736 3643 1008 3692 Maximam
1049 3654 1336 3696 vocarunt:
1373 3652 1447 3709 et,
1493 3660 1617 3710 quo·

561 3716 698 3764 niam
742 3717 793 3765 in
838 3732 903 3768 ea
942 3718 1197 3769 Hercules
1237 3720 1463 3772 decimas
1498 3722 1621 3774 Jovi

562 3791 842 3849 obtulerat,
895 3796 1108 3845 Romani
1155 3796 1384 3853 ,Herculi
1437 3807 1624 3862 postea

560 3867 664 3932 ipsi
709 3868 1017 3919 facultatum
1053 3886 1257 3922 suarum
1292 3874 1520 3925 decimas
1547 3875 1621 3926 ibi

565 3941 873 3994 offerebant.

633 4022 658 4056 d
690 4022 894 4073 Potitiis
912 4038 969 4073 oo
991 4025 1229 4091 Pinariis]
1261 4028 1516 4079 Hercules
1542 4045 1619 4080 sa-

569 4098 672 4148 cris
694 4098 798 4148 suis
832 4099 958 4149 duas
991 4102 1188 4153 nobiles
1221 4104 1440 4155 familias
1462 4107 1620 4157 ritum

569 4176 711 4240 prins
748 4175 964 4227 edoctas
1004 4177 1271 4243 praefeciu
1313 4181 1624 4245 Potitiorum,

571 4268 786 4320 quorum
833 4253 1003 4318 potior
1047 4269 1202 4306 causa
1228 4256 1348 4322 fuit,
1385 4259 1522 4324 quod
1557 4259 1621 4309 ad

1686 2654 1995 2707 sacrificium
2018 2655 2259 2707 condicta
2293 2654 2421 2704 hora
2442 2655 2739 2704 venissent:

1686 2742 1741 2784 et
1765 2734 2096 2797 Pinariorum,
2112 2734 2201 2798 qui
2224 2732 2292 2782 ob
2312 2731 2613 2782 tarditatem
2635 2730 2741 2780 col·

1686 2810 1816 2872 legis
1838 2809 2026 2858 cedere
2050 2810 2103 2858 in
2119 2808 2278 2859 sacris
2295 2808 2461 2871 epuiis
2471 2808 2625 2871 jussi,
2644 2820 2741 2856 nee

1686 2885 1787 2934 nisi
1820 2885 2104 2935 consumtis
2139 2884 2466 2935 victimarum
2493 2883 2629 2932 extis
2653 2883 2743 2932 ad·

1687 2961 1850 3011 missi.
1913 2960 2018 3011 Sed
2057 2969 2241 3025 postea
2276 2961 2513 3010 extincta
2543 2958 2747 3008 Potitio·

1685 3045 1989 3100 reaigente,
2012 3052 2159 3087 sacra
2181 3051 2338 3101 penes
2358 3034 2591 3086 Pinus-ios
2611 3046 2746 3084 rese·

1687 3113 1821 3162 disse
1843 3120 1994 3163 notat
2015 3113 2195 3163 Aurei.
2209 3112 2412 3163 Victor.
2457 3112 2579 3164 Qua
2601 3109 2669 3160 de
2691 3122 2773 3163 re.

1690 3189 1920 3239 Liviusl.
1943 3203 2023 3239 rx.
2043 3203 2090 3238 c.
2113 3193 2198 3240 29.

1750 3264 1964 3327 Iisque
1977 3269 2091 3313 exto
2104 3263 2469 3328 opponerentur]
2514 3263 2577 3313 P.
2604 3204 2748 3311 Nau·

1693 3343 1808 3392 nius
1832 3343 1918 3392 lib.
1951 3356 2005 3391 v.
2040 3341 2332 3391 Miscellan.
2361 3354 2429 3388 ex
2457 3337 2750 3388 Buslidiani

1694 3422 1752 3470 et
1766 3419 2129 3470 Atrebatensis
2156 3418 2388 3469 codicum
2413 3418 2752 3478 auctoritate,

1694 3496 1969 3561 legendum
1993 3503 2161 3560 putat,
2174 3495 2303 3559 iique
2317 3499 2431 3544 exta
2445 3494 2718 3557 potirentur
2731 3510 2749 3542 .-

1696 3575 1838 3639 quasi
1878 3573 1941 3623 ad
1975 3574 2198 3623 nominis
2233 3571 2482 3634 originem
2517 3569 2750 3619 alludere

1697 3647 1897 3698 Auctor
1935 3647 2196 3708 voluerit;
2249 3653 2306 3697 et
2348 3646 2578 3702 Potitios,
2632 3659 2749 3694 cum

1699 3723 1839 3787 prius
1867 3723 1966 3771 alio
2002 3722 2208 3792 nomine
2240 3728 2599 3782 censerentur,
2621 3735 2649 3770 a
2669 3736 2751 3784 po-

1700 3800 1858 3850 tiendo
1883 3800 2051 3849 dictos
2091 3798 2349 3848 iudicare:
2393 3798 2637 3862 Pinarios,
2658 3797 2751 3846 ἀπὸ

1698 3878 1786 3926 τοῦ
1803 3877 1991 3941 πεινᾷν,
2015 3890 2044 3926 s
2058 3875 2363 3939 jejunando.
2442 3874 2549 3924 Alii
2576 3882 2749 3925 tamen

1702 3954 1913 4004 Potitios
1941 3969 1971 4002 a
1999 3954 2204 4016 potando
2227 3952 2482 4007 derivant,
2504 3951 2649 4016 quod
2673 3959 2751 4002 est

1700 4030 1890 4080 Graece
1917 4026 2138 4089 ποτίζειν.

1763 4103 1786 4136 f
1813 4106 1960 4154 Extis
1980 4104 2237 4155 solennium·
2257 4102 2569 4167 [solennibus]
2599 4118 2751 4154 vesce-

1699 4183 1888 4247 rentur]
1921 4180 2116 4232 Scribit
2132 4180 2585 4243 Gronovius,extis
2604 4184 2752 4231 solen·

1700 4259 1832 4310 nium
1866 4262 2190 4317 vescerentur5
2231 4255 2578 4322 intelligitque
2611 4273 2751 4310 escas
