3034 4925
1029 389 1174 440 ms.
1222 390 1272 444 1·
1318 374 1640 440 cam-«57.

166 533 421 624 vohjt
447 537 509 603 si
536 537 892 624 prolapsus
918 535 1304 613 cecidisset,
1333 543 1573 601 terram
1614 534 1852 601 osculo
1882 535 2204 619 centigit=
2235 538 2430 605 scili-

168 649 359 720 cet,
413 642 590 727 quod
623 662 705 707 ea
753 641 1123 708 communis
1152 635 1409 706 materk
1453 637 1741 705 omnium
1789 638 2169 705 mortalium
2216 648 2413 708 esset.

171 743 549 813 Reditum
572 744 731 809 inde
765 744 1078 821 Romam,
1102 743 1221 808 ubi
1247 741 1571 809 adversus
1603 739 1939 808 Rutulosl
1969 742 2222 809 bellum
2245 764 2426 810 sum-

169 867 330 913 ma
364 848 444 911 ›vi
470 849 849 932 parabatur.

290 952 431 1017 57.
478 949 768 1018 Ardeam
795 949 1035 1017 Rutuli
1065 950 1465 1028 habebant,¹¹¹
1487 946 1517 977 ⁸
1570 968 1754 1033 gens,
1799 954 1877 1014 ut
1929 948 2000 1013 in
2031 967 2112 1013 ea
2161 951 2426 1040 regione

173 1057 432 1138 atque
458 1053 528 1118 in
565 1072 647 1118 ea
682 1058 907 1132 aetate,
945 1053 1197 1122 divitiis
1226 1053 1664 1138 praepollens,
1754 1051 1985 1137 anue
2026 1052 2184 1138 ipsa
2220 1072 2427 1121 causa

180 1155 392 1226 belh·
426 1156 576 1235 snit,
605 1156 790 1241 quod
850 1176 968 1222 rex
1020 1157 1368 1223 Romanus
1417 1165 1560 1221 tum
1606 1156 1755 1240 ipse
1794 1154 2019 1234 ditari,
2053 1154 2434 1222 exhaustus-

178 1260 725 1343 magnificentia
752 1261 1175 1345 publicorum
1208 1279 1507 1346 operum,
1540 1266 1680 1323 tum
1724 1256 1955 1343 praeda
1987 1256 2257 1323 delinire
2303 1279 2427 1342 po-

186 1363 564 1448 pularium
586 1365 844 1429 animos
870 1362 1214 1444 studebat,
1243 1368 1478 1448 praeter
1497 1361 1697 1428 aliam
1729 1358 2138 1445 superbiam¹²
2167 1368 2422 1443 regno¹³

185 1466 522 1532 infestos
543 1465 770 1545 etiam,
799 1464 978 1550 quod
1009 1485 1087 1531 se
1134 1465 1201 1531 in
1247 1465 1584 1530 fabrorum
1633 1462 2019 1530 ministeriis
2072 1482 2152 1528 ac
2201 1465 2427 1530 servili

190 1569 497 1639 tamdiu
528 1569 796 1635 habitos
821 1589 1021 1655 opere
1058 1569 1145 1634 ab
1174 1587 1326 1651 rege
1356 1565 1885 1650 indignabantur.
1887 1577 1916 1603 ’⁸
2001 1546 2292 1631 Tentata
2322 1587 2425 1632 res

268 1728 305 1754 ¹⁸
345 1721 573 1781 Intentos
587 1723 740 1785 regna
761 1721 1089 1787 destinationi,
1111 1725 1213 1772 tum
1233 1722 1355 1772 alius
1375 1721 1433 1771 ob
1453 1733 1619 1769 cums
1638 1734 1701 1770 ex
1729 1717 1947 1783 superbia
1978 1716 2127 1784 ipsius
2147 1722 2295 1783 ortas,
2323 1723 2427 1768 tun

197 1786 377 1840 aiam
399 1790 523 1853 quod
545 1789 894 1853 aga-eferunt,
917 1790 998 1851 qv.

1153 1877 1510 1902 θθθθθθθθθθθ

226 2046 243 2054 ,
282 1988 356 2036 13
394 1984 631 2037 Malebat
651 1986 842 2038 Bauer.
861 1984 1126 2051 superbiam
1153 1984 1440 2048 regaie-14
1473 1984 1539 2035 In
1572 1990 1704 2038 vett.
1737 1982 1866 2036 libb.
1903 1983 2090 2048 legitur
2116 1983 2317 2034 Tentata
2356 1998 2433 2034 res

1216 2114 1431 2166 No'rAE

2288 373 2420 458 332
2527 365 2530 372 .

209 2215 360 2281 pias.
403 2215 540 2267 Inde
564 2231 768 2283 quoque
793 2216 990 2284 Pythia,
1011 2222 1160 2266 vates
1183 2231 1296 2281 quae

214 2308 483 2360 responsa
507 2296 573 2345 ab
611 2297 819 2346 oraculo
852 2304 1070 2362 accepta
1107 2295 1298 2356 edebat

212 2371 634 2421 consulentibus.
1108 2401 1112 2404 ὴ

226 2496 235 2511 ἶ
280 2446 312 2483 ¹¹
348 2450 710 2501 Remmia
736 2449 1171 2515 materJPrimum
1207 2446 1295 2498 bo·

218 2526 425 2577 minem
462 2541 528 2576 ex
563 2532 703 2577 terra
734 2526 929 2578 factum
952 2524 1143 2577 fabulae
1167 2526 1297 2589 ipsae

217 2603 519 2653 secundnm
559 2618 719 2654 sacrae
755 2605 985 2655 historiae
1024 2603 1296 2655 veritatem

223 2688 540 2753 agnoscunt.
586 2682 830 2747 Ejusdem
869 2682 1064 2746 gremio
1108 2681 1299 2733 mortni

223 2759 545 2823 excipimur.
590 2758 721 2809 Ideo
746 2758 962 2825 Cybele,
1002 2775 1154 2825 quam
1194 2767 1296 2808 ter-

224 2849 340 2905 ram
369 2837 810 2907 interpretantur,
840 2841 857 2867 ⁸
881 2853 1067 2902 magna
1104 2835 1299 2888 mater'

230 2911 528 2976 appellata.
596 2913 696 2962 His
749 2914 815 2964 de
869 2916 1038 2964 causis
1081 2914 1298 2979 Brutus,

227 2982 615 3053 quamprimum
639 2989 693 3040 in
715 2990 925 3040 Italiam
961 2992 1185 3056 appulit,
1220 3007 1299 3040 os-

232 3065 444 3116 culatus
475 3074 557 3117 est
591 3073 781 3117 terram
814 3069 1069 3125 natalem„
1089 3069 1173 3118 De
1199 3083 1299 3133 quo

231 3140 478 3195 Valerius
522 3144 779 3194 Maximus
818 3160 919 3197 uon
962 3145 1303 3211 ineleganter,

231 3218 326 3268 lib.
354 3216 465 3268 vn.
501 3235 546 3277 c.
571 3226 621 3270 3.
655 3221 893 3282 ‘Vafre,’
934 3224 1027 3285 ait,
1063 3225 1079 3253 ‘
1104 3218 1303 3275 Telluri

235 3294 549 3361 impressum
584 3300 809 3350 osculum
833 3301 960 3352 Urbi
984 3295 1303 3363 libertatem,

236 3371 412 3425 Bruto
434 3377 652 3438 primum
668 3378 722 3427 in
737 3375 1067 3429 fastislocum
1087 3377 1303 3430 tribuit.

322 3452 467 3507 Quod
523 3467 580 3502 eu
650 3455 908 3505 comminus
970 3461 1138 3513 mater,
1190 3457 1301 3522 aa]

240 3527 287 3577 E
328 3530 669 3582 Deucalionis
711 3531 889 3584 fabula
932 3535 1157 3600 repetita
1192 3534 1304 3585 haec

241 3603 382 3656 fictio
424 3608 645 3658 videtur.
692 3610 828 3660 Vide
867 3610 1041 3662 Ovidii
1086 3612 1304 3663 Metam.

245 3682 280 3731 1.
300 3699 340 3735 1.
357 3690 477 3736 393.
508 3688 565 3738 J.
595 3688 824 3739 elev-im.

308 3760 323 3795 ¹
356 3763 604 3817 Adversus
624 3765 855 3831 Rutulos]
889 3765 1085 3818 Priscis
1107 3766 1306 3817 Latinis

251 3837 314 3889 ad
335 3855 478 3890 mare
500 3842 804 3893 contermini
838 3842 987 3893 fuere
1011 3843 1211 3907 Rutuli,
1239 3843 1306 3896 ab

253 3916 452 3969 oriente
478 3917 727 3982 hyberno,
750 3919 1011 3984 ,exiguum
1035 3929 1190 3970 terrae
1218 3934 1306 3969 an·

251 3992 425 4055 gulam
446 3993 728 4046 incolentes
751 3996 888 4048 inter
913 3995 1227 4061 Lanuvinos,
1250 4003 1306 4047 et

254 4067 538 4121 Laurentes
582 4071 900 4137 Latinorum,
943 4072 1206 4136 Antiates,
1251 4081 1306 4123 et

256 4145 379 4207 alios
392 4149 694 4199 Volscorum
712 4150 956 4216 populos3
975 4164 1109 4200 novo
1125 4157 1310 4216 postea

257 4219 403 4281 Latio
425 4225 558 4275 haud
592 4225 748 4276 dubie
781 4225 1083 4279 contributi.
1120 4227 1309 4277 Eorum

264 4311 352 4351 rex
372 4303 575 4354 Turnus
603 4305 796 4354 Dauno
818 4304 1118 4373 progenitus
1134 4303 1309 4359 AEneae

1372 2216 1545 2266 rivalis
1599 2215 1735 2281 apud
1786 2213 2068 2277 Virgilium
2122 2220 2175 2263 et
2225 2212 2428 2264 Livium

1371 2309 1527 2358 supra
1550 2309 1668 2359 cap.
1690 2300 1738 2345 2.
1773 2293 1944 2357 Hujus
1966 2290 2021 2342 in
2044 2305 2131 2341 eos
2164 2290 2289 2340 belli
2312 2306 2431 2340 cau·

1373 2389 1480 2424 sam
1531 2374 1842 2440 Tarquinius
1899 2369 2245 2436 praetexebat,
2291 2369 2429 2434 quod

1372 2451 1551 2502 Rutuli
1570 2451 1830 2502 Romanos
1849 2447 2027 2501 exules
2050 2447 2102 2497 in
2119 2445 2336 2510 patriam
2353 2458 2432 2494 ra-

1372 2529 1563 2579 ducere
1585 2534 1936 2578 conarentur.
1974 2537 2096 2574 vera
2116 2537 2273 2573 causa
2294 2521 2433 2588 quod

1373 2621 1546 2669 eorum
1570 2607 1753 2671 opibus
1780 2604 2023 2653 inhiaret.

1436 2691 1471 2717 ¹¹¹
1505 2683 1717 2734 Ardeam
1765 2680 1934 2735 Runa·
1975 2676 2232 2741 habebant]
2273 2664 2438 2726 Rutu·

1373 2761 1538 2811 lorum
1562 2760 1679 2810 olim
1699 2746 1858 2824 capnt
1874 2756 2030 2806 Ardea
2045 2754 2255 2805 circiter
2270 2753 2435 2803 tribus

1374 2838 1598 2888 millibus
1619 2851 1857 2902 passuum
1878 2849 1907 2881 a
1925 2832 2086 2882 mari.
2110 2835 2192 2880 20.
2211 2829 2434 2881 millibus

1376 2914 1442 2965 ab
1467 2914 1613 2967 Urbe
1634 2915 1818 2973 Roma,
1850 2924 2034 2960 nomen
2057 2908 2108 2958 in
2134 2910 2245 2957 vico
2270 2896 2437 2956 adbuc

1376 2999 1571 3054 servat,
1586 2992 1699 3041 loco
1725 2996 1781 3039 ut
1815 2990 1955 3049 olim,
1975 2987 2049 3037 ita
2071 3000 2207 3035 nunc
2230 2998 2435 3049 quoque

1376 3068 1619 3123 insalubri
1647 3065 1942 3126 admodum,
1977 3064 2029 3114 in
2066 3061 2266 3113 ditione
2289 3060 2436 3112 ducis
2473 3068 2482 3077 ·
2508 3072 2515 3079 ·

1378 3144 1652 3208 Coesarini.
1703 3142 1929 3194 Condita
1952 3138 2142 3191 dicitur
2187 3153 2217 3188 a
2262 3137 2439 3188 Danae

1378 3225 1560 3275 Persei
1606 3230 1793 3285 matre,
1831 3234 1945 3286 quoe
1981 3218 2082 3268 buc
2119 3217 2310 3276 delata,
2347 3214 2439 3264 Pi-

1378 3303 1553 3355 lumno
1575 3301 1685 3365 regi
1712 3297 1967 3363 nupserit,
1990 3290 2056 3345 e'x
2079 3293 2277 3349 Servio,
2300 3292 2440 3355 apud

1378 3395 1529 3446 quem
1574 3377 1813 3442 Hyginus
1852 3372 1917 3424 de
1966 3372 2170 3423 Italicis
2208 3368 2441 3432 urbibus,

1381 3457 1447 3507 ab
1482 3456 1697 3520 augurio
1727 3454 1836 3503 avis
1860 3451 2052 3501 Ardeoe
2077 3449 2270 3499 dictam
2293 3448 2438 3497 vult:

1379 3548 1670 3599 quanquam
1721 3530 1879 3581 Ovid.
1926 3540 2045 3578 xlv.
2086 3522 2440 3588 Metamorpli.

1380 3610 1647 3661 fabulatur
1681 3610 1814 3658 lianc
1852 3604 2030 3657 urbem
2065 3602 2128 3651 ab
2165 3601 2326 3651 AEnea
2365 3600 2444 3649 in-

1382 3703 1610 3750 censam,
1655 3687 1707 3737 in
1740 3692 1902 3733 ‘avem
1948 3680 2180 3746 ejusdem
2223 3677 2440 3727 nominis

1381 3780 1683 3815 conversam
1707 3761 1889 3814 fuisse.
1934 3760 2013 3809 Ex
2036 3772 2100 3807 ea
2121 3754 2223 3806 orti
2246 3755 2442 3818 Sagun·
2489 3823 2502 3835 θ

1383 3842 1478 3894 tini
1503 3843 1555 3892 in
1575 3839 1848 3907 Hispania.

1447 3919 1471 3945 ⁴¹
1503 3919 1572 3970 A.
1594 3919 1665 3969 U.
1691 3918 1753 3968 C.
1773 3919 1887 3966 243.

1447 4005 1472 4031 ¹¹
1507 3992 1810 4063 Superbum]
1846 3990 1961 4041 Etsi
1994 3988 2224 4055 snperbia
2260 4002 2447 4038 nomeu

1389 4072 1604 4138 proprie
1648 4084 1744 4135 pro
1797 4068 2091 4132 arrogantia
2128 4081 2191 4116 ex
2232 4065 2450 4128 divitiis,

1390 4149 1616 4213 indeque
1651 4146 1771 4195 oriri
1805 4144 1961 4194 solita
1993 4143 2256 4205 violentia,
2288 4156 2453 4191 suma·

1391 4233 1508 4278 tur:
1543 4223 1716 4274 latiori
1761 4229 1932 4272 tamen
1972 4219 2347 4285 significatione
2382 4216 2449 4266 ad

1391 4317 1543 4357 omne
1593 4316 1754 4372 genus
1805 4299 2088 4367 iniquitatis
2129 4295 2453 4364 producitur,
