3034 4925
1047 369 1495 424 ms‘roaica.
2294 356 2428 426 135

248 524 396 589 sules
419 523 497 587 ad
522 522 852 588 Antoniam
889 524 1135 600 abeunt,
1165 526 1233 587 L.
1261 524 1526 590 Plancus
1564 531 1627 587 et
1667 522 1759 587 M.
1783 522 1968 586 Titius
1995 522 2074 587 ad
2101 523 2426 604 Caesarem,

246 625 335 686 cni
351 634 769 694 testamentum
794 623 1038 687 Antonii
1066 623 1349 705 produnt.

625 800 701 863 U.
721 801 795 862 C.
825 802 967 864 721.
1048 800 1126 863 A.
1153 799 1225 862 C.
1258 802 1358 862 31.
1440 798 1539 861 Ol.
1570 818 1903 864 cmxxxvn.
1934 802 1995 863 2.

325 917 385 977 C.
419 915 631 978 Julius
668 918 871 978 Caesar
921 919 1123 980 Octav.
1172 916 1304 978 III.
1355 917 1455 978 Μ.
1511 916 1780 978 Valerius
1820 916 2109 981 Messalla
2140 919 2434 983 Corvinus

246 1023 465 1083 oratorz
511 1015 613 1077 M.
656 1015 878 1090 Titius,
926 1015 1035 1078 Cn.
1078 1015 1425 1096 Pompeias.
1510 1013 1790 1075 Proelium
1838 1016 2047 1078 navale
2085 1016 2162 1076 ad
2191 1019 2433 1082 Actium

244 1099 474 1193 ludique
503 1112 751 1174 Actiaci.
833 1113 1100 1194 Agrippa
1145 1112 1363 1175 vexillo
1414 1111 1671 1174 eoeruleo
1715 1112 1998 1175 donatus.
2081 1116 2159 1177 C.
2200 1116 2430 1179 Cilnius

247 1209 541 1272 Maecenas
568 1229 666 1289 eq.
693 1209 871 1271 Rom.
903 1209 1047 1271 Urbi
1079 1209 1388 1290 Italioeque
1420 1210 1761 1290 praefectus.

710 1389 788 1450 U.
817 1389 891 1452 C.
920 1392 1063 1453 722.
1106 1390 1183 1451 A.
1214 1389 1291 1452 C.
1317 1391 1419 1451 30.
1459 1388 1560 1450 01.
1586 1406 1920 1451 cmxxvu.
1952 1392 2012 1451 3.

323 1520 388 1583 C.
409 1519 623 1583 Julius
654 1522 858 1584 Caesar
889 1523 1093 1583 Oetav.
1119 1520 1227 1583 IV.
1266 1521 1366 1582 M.
1390 1521 1673 1583 Licinius
1697 1522 1986 1589 Crassus,-
2020 1522 2086 1584 C.
2116 1522 2439 1585 Antistius

253 1620 440 1694 Vetus,
488 1620 588 1680 M.
638 1619 872 1680 Tullius
930 1619 1153 1694 Cicero,
1201 1618 1448 1680 oratoris
1502 1620 1547 1680 f.
1603 1631 1665 1680 et
1708 1619 1790 1681 L.
1835 1619 2071 1681 Saenius
2109 1619 2436 1684 Balbinus.

246 1716 403 1779 Mors
439 1717 687 1778 Antonii
730 1728 793 1777 et
836 1716 1194 1799 Cleopatrae.
1279 1717 1487 1778 Caesar
1533 1718 1792 1798 AEgypto
1836 1716 1899 1777 in
1943 1717 2266 1799 provinciae
2316 1719 2441 1780 for·

246 1833 395 1875 mam
448 1814 710 1877 redactae
762 1814 879 1877 Cn.
937 1816 1283 1876 Cornelium
1339 1813 1584 1876 Gallum
1641 1815 1900 1898 equitem
1949 1814 2054 1875 dat
2089 1816 2440 1896 praefectum

245 1912 662 1993 Augustalem.
735 1913 946 1994 Legati
977 1911 1277 1988 Phraatis,
1305 1913 1601 1975 Tiridates
1631 1914 1707 1974 ab
1733 1933 1806 1974 eo
1833 1912 2044 1994 pulsus
2077 1924 2140 1974 et
2167 1914 2440 1976 Herodes

246 2007 321 2068 ad
361 2009 663 2071 Gaesarem
707 2009 976 2071 veniunt.
1061 2009 1139 2085 P.
1169 2009 1483 2085 Canidius,
1541 2010 1788 2071 Cassius
1833 2009 2181 2072 Parmensis
2221 2011 2443 2094 aliique

245 2107 438 2169 occisi.
512 2107 606 2169 M.
629 2106 890 2188 Lepidus
910 2107 1170 2188 juvenis,
1197 2107 1422 2170 bellum
1451 2108 1514 2169 in
1544 2107 1719 2170 Italia
1744 2107 2017 2182 moliens,
2041 2128 2079 2169 a
2105 2108 2444 2173 Moecenate

245 2215 514 2267 necatur.
595 2205 752 2267 Novi
785 2205 1043 2268 honores
1087 2207 1316 2268 Caesari
1355 2207 1470 2269 hoe
1497 2217 1561 2271 et
1600 2207 1869 2287 proximo
1911 2226 2073 2276 anno
2117 2207 2447 2272 decreti.—

246 2302 547 2367 Diodorus
576 2304 1135 2385 Sim—Apollonius
1185 2303 1472 2385 Sophista
1521 2305 2283 2387 Lexieogr.-Parthenius.
2367 2308 2445 2369 A.

249 2403 561 2468 Cornelius
590 2402 1192 2487 Celsus.·Didymus.
1236 2401 1536 2487 Hyginus.
1577 2395 1818 2468 Aretes.

653 2582 730 2646 U.
761 2583 835 2645 C.
867 2585 1009 2645 723.
1092 2584 1167 2644 A.
1199 2582 1273 2643 C.
1300 2585 1403 2644 29.
1485 2583 1587 2646 Ol.
1616 2603 1952 2645 cnxxxvn.
1981 2586 2047 2645 4.

324 2698 392 2759 C.
433 2696 650 2761 Julius
703 2699 905 2761 Caesar
948 2701 1154 2761 Octav.
1202 2700 1269 2761 V.
1328 2699 1462 2763 Seae.
1494 2698 1833 2780 Apuleiue‚·
1884 2699 2138 2760 Potitus
2183 2697 2454 2763 Valerius

250 2795 557 2870 Messalla,
592 2798 657 2858 G.
709 2797 998 2870 Furnius,
1040 2796 1107 2858 C.
1154 2795 1415 2862 Cluvius.
1511 2796 1817 2879 Triumphi
1872 2796 2150 2858 Coesaris.
2258 2797 2457 2858 Janus

248 2895 480 2955 tertium
509 2896 768 2957 clausus.
839 2894 1215 2957 Consultatio
1246 2896 1510 2957 Caesaris
1540 2916 1680 2958 eum
1720 2895 1987 2976 Agrippa
2024 2903 2087 2955 et
2112 2893 2453 2958 Maecenate

247 2989 450 3052 habita
506 2992 588 3053 de
642 2991 888 3073 imperio
945 2992 1323 3074 deponendo.
1408 2992 1585 3067 Daci,
1639 2991 1972 3065 Bastarnae,
2026 2989 2228 3065 Moesi,
2276 2991 2451 3053 Getae

249 3086 628 3172 Thracesque
672 3109 710 3151 a
753 3090 846 3151 M.
874 3089 1097 3152 Licinio
1143 3091 1386 3167 Crasso,
1426 3090 1682 3177 Hispani
1712 3110 1750 3151 a
1774 3090 1846 3152 T.
1888 3090 2122 3151 Statilio
2147 3090 2366 3167 Tauro,
2391 3101 2459 3154 et

248 3185 465 3248 Treviri
489 3192 535 3249 'a
565 3186 770 3248 Nonio
787 3186 967 3250 Gallo
997 3188 1253 3250 subacti.
1455 3188 1460 3193 ’

657 3369 734 3430 U.
763 3369 860 3432 C.'
881 3370 1023 3429 724.
1071 3371 1147 3432 A.
1178 3370 1250 3431 C.
1281 3371 1384 3431 28.
1441 3368 1546 3431 Ol.
1576 3386 1940 3430 cnnxvrrr.
1976 3372 2032 3429 l.

308 3470 398 3546 Ὀ.
428 3481 645 3545 Julius
673 3483 877 3545 Caesar
908 3485 1114 3546 Octav.
1148 3484 1253 3546 VI.
1298 3484 1397 3545 M.
1434 3484 1753 3567 Vipsanius
1776 3482 2068 3564 Agrippa
2095 3479 2187 3540 II.
2273 3479 2455 3560 Apol-

251 3577 384 3641 linis
421 3580 487 3641 in
539 3578 770 3642 Palatio
813 3580 1100 3664 templum
1145 3600 1282 3642 cum
1322 3578 1686 3641 bibliotheca
1715 3577 2074 3638 dedicatum.
2159 3572 2311 3634 Ludi
2341 3574 2458 3635 Ac-

252 3678 388 3741 tiaci
437 3676 919 3760 quinquennales
988 3679 1388 3762 gymnicique.
1499 3679 1737 3739 Census
1792 3689 1962 3737 actus
2008 3692 2047 3734 a
2100 3672 2341 3732 Caesare
2398 3682 2460 3735 et

253 3777 544 3860 Agrippa.
628 3778 888 3838 Senatus
929 3787 1216 3859 purgatus
1265 3774 1711 3858 suppletusque,
1752 3782 1814 3835 et
1856 3791 2073 3834 census
2119 3779 2460 3831 senatorum

255 3876 599 3957 ampliatus.
704 3875 1003 3938 Praetores
1061 3891 1134 3936 x.
1187 3885 1254 3936 et
1301 3893 1446 3936 cura
1492 3871 1685 3935 aerarii
1737 3870 1892 3932 binis
1948 3867 2249 3932 Proetoriis
2291 3889 2463 3932 mana

255 3971 417 4036 data.
1668 3974 1677 3981 ’

369 4210 372 4215 ,
692 4150 771 4212 U.
801 4149 877 4213 C.
908 4152 1047 4212 725.
1090 4150 1168 4212 A.
1198 4148 1272 4210 C.
1300 4151 1403 4209 27.
1445 4147 1551 4211 01.
1582 4163 1950 4208 chxxvux.
1976 4146 2038 4204 2.

337 4264 406 4328 C.
432 4262 652 4331 Julian
681 4267 886 4331 Caesar
913 4268 1123 4332 octav.
1152 4264 1298 4329 VII.
1346 4265 1445 4327 M.
1476 4263 1799 4344 Vipsanius
1826 4258 2115 4343 Agrippa
2143 4253 2269 4320 ΙΙΙ.
2332 4255 2467 4316 Coe·
