3034 4925
573 365 705 433 35⁶2
1523 381 1590 428 T.
1638 381 1834 429 mvn

576 525 755 595 buit:
800 526 920 611 qui
961 542 1095 591 non
1123 526 1335 590 acrior
1352 522 1611 590 vindex
1650 523 1982 592 libertatis
2015 522 2258 602 suerat,
2288 541 2492 607 quam
2525 521 2754 596 deinde

576 637 809 696 custos
835 630 978 695 fuit.
1068 628 1380 692 Omnium
1413 628 1697 710 primum
1733 626 2001 692 avidum
2044 646 2240 690 novae
2285 626 2622 691 libertatis
2650 647 2756 710 po-

573 732 829 817 pulum,
887 751 973 796 ne
1033 730 1457 814 postmodum
1510 730 1698 794 flecti
1757 729 2072 814 precibus
2129 734 2247 792 aut
2299 728 2505 793 donis
2568 732 2756 813 regiis

575 839 834 918 posset,
873 833 1308 917 jurejurando
1354 832 1602 915 adegit,
1634 832 1966 896 neminem
2005 831 2239 898 Romae
2258 851 2600 915 passuros
2625 852 2753 914 reg-

574 936 789 1001 nare!
873 936 1158 1013 Deinde,
1189 955 1326 1019 quo
1348 935 1501 1020 plus
1536 934 1769 998 virium
1795 934 1866 997 in
1889 940 2128 997 senatu
2150 933 2539 1017 frequentia
2561 935 2756 1000 etiam

577 1038 827 1104 ordinis
856 1038 1147 1117 faceret,⁸'
1189 1037 1492 1102 caedibus
1522 1036 1739 1120 regis*
1782 1036 2190 1101 deminutum
2224 1035 2510 1100 Petrum
2543 1057 2756 1102 nume-

574 1161 743 1219 rum,
790 1143 1194 1226 primoribus
1231 1141 1559 1226 equestris
1608 1139 1855 1223 gradus
1878 1136 1905 1174 ¹¹
1949 1140 2162 1216 lectio,
2187 1139 2272 1203 ad
2315 1145 2754 1205 trecentorum

570 1241 935 1310 summam¹
978 1245 1291 1328 explevit.
1377 1243 1861 1328 Traditumque
1881 1241 2049 1307 inde
2076 1242 2307 1321 fertur,
2343 1246 2421 1306 ut
2465 1243 2545 1307 in
2573 1261 2757 1307 sena-

574 1355 713 1416 tum
746 1352 1157 1424 vocarentur,
1182 1347 1299 1431 qui
1324 1346 1577 1423 PatreS,
1603 1347 1853 1430 quique
1882 1346 2250 1430 conscripti
2274 1353 2532 1410 essent.
2591 1345 2759 1411 Gon-

572 1450 919 1533 scriptosm
964 1448 1279 1514 videlicet
1310 1451 1378 1513 in
1422 1468 1672 1513 novum
1718 1456 2023 1514 senatum
2046 1448 2071 1487 ⁸
2093 1456 2125 1492 ¹¹
2166 1447 2614 1532 appellabant
2639 1448 2757 1513 lec·

638 1646 666 1681 ¹⁵
689 1649 926 1711 Compulit
956 1650 1020 1698 od
1057 1650 1398 1700 decernendum
1431 1649 1597 1698 addito
1619 1647 1919 1729 jnrnmento,
1936 1648 2051 1709 fore
2070 1653 2127 1700 nt
2146 1663 2239 1700 novt
2262 1649 2603 1714 pern-itteram
2625 1663 2757 1716 quen·

574 1728 711 1776 quom
727 1715 779 1761 in
797 1720 1031 1776 posterum
1055 1714 1216 1763 Romo.
1237 1729 1396 1776 reg-em
1415 1729 1532 1764 esse.

636 1776 654 1810 ὖ
692 1777 757 1826 Ut
779 1779 913 1842 copia
931 1779 1078 1839 πιτύαν
1098 1779 1373 1830 Senatorum
1393 1779 1543 1841 mains
1562 1779 1705 1831 robur
1719 1779 1928 1830 Senam
1940 1781 2180 1846 ficere&

637 1841 662 1875 ἰ
685 1842 845 1893 luatis
862 1861 894 1894 a
913 1859 1027 1906 rege
1048 1844 1303 1909 Tarquinio
1322 1845 1546 1895 coedibas.
1841 1869 1852 1880 ·

1467 1988 1531 2009 00·
1532 1986 1830 2009 ΟΟΟΟΟΟΟΟ
1851 2019 1862 2032 s

567 2092 665 2139 -7
703 2090 831 2146 Quia
848 2105 1053 2140 annuum
1067 2091 1328 2156 imperium,
1342 2092 1601 2157 consulare,
1620 2088 1816 2160 sectant
1830 2098 1901 2142 est
1921 2092 2249 2158 interpuugit
2268 2092 2571 2156 Rauen—t}
2607 2093 2754 2157 vulg.

566 2153 781 2205 videlicet
800 2170 968 2206 novum
985 2162 1216 2209 senatum.

1555 2254 1773 2306 No'rAE

565 2349 643 2401 illi
684 2350 1027 2415 apparebant,
1069 2351 1283 2402 alternis
1325 2352 1620 2403 mensibusx
1697 2369 1814 2404 cum
1856 2354 2061 2405 Sabinis
2106 2355 2254 2418 inito,
2297 2363 2354 2407 ut
2394 2372 2463 2409 ex
2493 2319 2758 2423 'Dionysio'

567 2428 845 2495 aliquando
869 2437 1040 2480 tamen
1069 2430 1282 2481 alternis
1312 2430 1492 2481 diebus
1517 2429 1622 2481 fas·

563 2521 651 2557 ces
675 2508 815 2558 inter
835 2515 1107 2573 utrumque
1129 2509 1417 2558 anibulasse
1436 2509 1624 2572 probat

564 2583 783 2651 Pighius
822 2584 935 2635 init.
976 2585 1064 2635 lib.
1088 2599 1150 2635 tt.
1189 2584 1377 2635 Annal.
1402 2601 1465 2635 ex
1487 2584 1621 2650 frag·

566 2672 739 2709 mento
760 2667 991 2710 actorum
1007 2662 1300 2712 diurnorum
1322 2662 1499 2726 populi
1517 2663 1621 2713 Ro-

564 2737 720 2788 mani.
785 2737 887 2787 Sed
923 2752 953 2786 a
983 2739 1126 2791 Julio
1152 2739 1357 2789 Caesare
1380 2739 1430 2789 in
1457 2740 1622 2803 primo

563 2812 831 2862 consulatu
855 2821 1081 2863 veterem
1106 2829 1297 2867 morem
1321 2816 1619 2866 restitutum

563 2904 676 2939 esse
700 2891 900 2956 colligit
921 2906 987 2941 ex
1008 2892 1271 2943 Suetonio.
1296 2892 1447 2958 Apud
1467 2908 1619 2959 quem

563 2974 716 3015 erant
750 2981 977 3029 secures,
1017 2982 1132 3018 eum
1157 2970 1400 3033 majorem
1437 2984 1626 3020 consu-f

565 3041 665 3091 lem
693 3043 969 3094 vocabant:
1005 3045 1240 3103 alterum,
1280 3047 1437 3111 virgis
1460 3047 1620 3111 insig-

563 3132 681 3168 nem
707 3118 901 3170 dictum
926 3120 1123 3172 volunt.
1157 3123 1313 3172 Hunc
1337 3132 1505 3174 autem
1530 3126 1617 3190 lio·

560 3206 739 3243 norem
765 3195 929 3259 primo
951 3211 1126 3247 mense
1150 3199 1433 3250 Collatinus
1451 3202 1617 3255 Bruto

561 3272 875 3323 concessisse
916 3272 1000 3324 bic
1043 3268 1389 3327 memoraturi
1437 3287 1619 3342 postea

559 3349 609 3398 ei
633 3349 720 3414 qui
744 3349 906 3414 major
936 3356 1062 3399 natu
1084 3359 1224 3402 esset
1256 3352 1341 3401 lex
1372 3353 1617 3425 Valeria3

557 3426 644 3476 cui
676 3427 848 3492 plures
882 3434 1057 3477 essent
1086 3427 1232 3478 liberi
1254 3429 1338 3479 lex
1359 3430 1502 3483 Julia
1526 3433 1614 3484 de·

557 3504 674 3554 tulit
700 3505 838 3568 apud
870 3504 1112 3554 Gellium.
1145 3503 1290 3559 Alias
1327 3508 1375 3556 ei
1414 3508 1615 3561 defere-

555 3579 710 3630 batur
761 3581 848 3645 qui
892 3582 1068 3634 consul
1112 3583 1283 3646 priore
1326 3584 1441 3636 loco
1479 3595 1615 3639 esset

555 3659 897 3711 renuntiatus.

620 3733 644 3769 Β
696 3736 944 3801 Equestris
992 3737 1200 3803 gradus]
1267 3736 1489 3800 Gradus,
1548 3755 1613 3791 ex

555 3807 910 3875 translatione,
945 3827 1038 3877 pro
1060 3813 1261 3877 ordine,
1285 3815 1418 3879 loco,
1441 3816 1613 3881 digni·

555 3890 665 3934 tate
697 3888 929 3939 sumitur.
973 3889 1232 3954 Equester
1267 3900 1440 3941 nutent
1482 3894 1612 3945 ordo

555 3964 786 4013 nativum
808 3973 920 4014 erat
942 3966 1269 4017 seminarium
1284 3968 1525 4020 Senatus.

1695 2440 1919 2484 constat.
1968 2432 2205 2485 Totidem
2218 2434 2528 2502 Tarquinius
2546 2434 2753 2486 Priscus

1695 2509 1887 2574 adjecit
1908 2510 1997 2560 lib.
2017 2525 2056 2560 ι.
2090 2526 2210 2577 cap.
2241 2516 2322 2563 35.
2356 2520 2414 2563 et
2434 2513 2512 2563 sic
2535 2510 2753 2563 trecenti

1694 2584 1857 2637 fuere.
1893 2589 1996 2640 Qui
2019 2603 2261 2643 numerus
2292 2589 2547 2640 hactenus
2580 2603 2751 2654 recep-

1695 2670 1799 2719 tus,
1820 2665 1988 2729 cassis,
2022 2666 2283 2732 pulsisque
2306 2682 2338 2715 n
2358 2666 2642 2732 Tarquinio
2661 2664 2752 2716 Su·¹

1695 2739 1858 2802 perbo
1898 2741 2225 2805 primoribus,
2256 2755 2355 2792 nec
2382 2742 2437 2792 in
2461 2742 2751 2792 demortuo·

1692 2832 1804 2867 rum
1830 2819 1997 2869 locum
2020 2819 2266 2869 sublectis
2303 2819 2439 2878 aliis,
2479 2820 2542 2869 ad
2584 2834 2679 2869 sex
2700 2823 2752 2869 ct

1694 2893 1913 2958 triginta
1933 2910 2088 2962 supra
2115 2904 2324 2947 centum
2353 2897 2603 2948 redactus
2626 2905 2750 2948 erat.

1694 2971 1849 3022 Nunc
1869 2974 2141 3038 suppletus
2165 2982 2247 3024 est
2282 2974 2460 3025 ascitis
2491 2990 2559 3025 ex
2601 2976 2748 3041 plebe

1691 3056 1897 3099 centum
1923 3051 2192 3114 sexaginta
2208 3059 2262 3102 et
2278 3060 2520 3116 quatuor,
2540 3061 2749 3103 auctore

1692 3125 1978 3179 Plutarcho
2013 3129 2064 3178 in
2088 3129 2299 3179 Valerio
2330 3129 2634 3196 Poplicola:
2669 3129 2747 3181 cni

1689 3200 1804 3251 ltaec
1836 3217 2084 3254 novorum
2118 3204 2423 3254 Senatorum
2461 3208 2664 3257 creatio
2686 3206 2747 3257 ab

1689 3278 1779 3329 illo
1804 3280 2094 3331 ascribitur.
2159 3281 2356 3334 Noster
2372 3281 2563 3348 aliique
2587 3284 2747 3335 Bruto

1692 3355 2019 3420 attribuunt;
2068 3358 2344 3424 Dionysius
2388 3362 2597 3425 utrique
2633 3364 2746 3425 post

1661 3434 1901 3483 ‘exilium
1940 3434 2207 3498 Collatini,
2246 3436 2387 3501 quod
2430 3438 2554 3487 milii
2595 3438 2744 3505 paulo

1690 3510 2048 3562 verosimilius,
2106 3513 2177 3562 Et
2224 3513 2412 3564 Brutus
2463 3516 2577 3580 ejns
2626 3530 2740 3566 con·

1688 3587 1787 3637 silii
1810 3598 1989 3639 auctor
2024 3602 2137 3638 esse
2171 3591 2362 3654 potuit,
2397 3594 2530 3657 quod
2566 3593 2650 3642 vel
2679 3607 2742 3641 eo

1686 3667 1969 3730 superstite
2023 3667 2264 3717 Valerius
2320 3669 2597 3733 Poplicola
2649 3685 2740 3719 sno

1687 3756 1879 3801 mense,
1919 3744 1999 3793 vel
2023 3755 2138 3809 post
2163 3744 2297 3795 illius
2332 3746 2600 3799 interitum
2620 3762 2738 3797 exc-

1687 3829 1837 3871 cutus
1859 3823 1945 3872 sit.
2017 3836 2022 3841 ·

1749 3904 1786 3932 ¹¹¹
1820 3899 2143 3965 Conscriptos]
2175 3899 2395 3950 Petrum
2429 3901 2739 3966 conscripto-

1684 3987 1796 4024 rum
1820 3975 2067 4039 originem
2107 3975 2170 4026 ad
2196 3976 2415 4027 Brutum
2439 3975 2602 4028 refert
2621 3993 2736 4028 cum

624 4032 638 4067 ¹
667 4036 747 4086 Aa
768 4042 1073 4090 trecentorum
1094 4044 1344 4109 smmum]
1379 4044 1609 4098 Primum
1681 4049 1829 4100 Livio
1842 4052 2051 4102 Tacitus
2068 4065 2145 4102 ¹1.
2165 4050 2356 4102 Annal.
2379 4051 2453 4102 At
2468 4054 2736 4118 Dionysius

554 4113 754 4163 nonnisi
778 4121 986 4164 centum
1009 4117 1284 4168 Senatores
1306 4121 1481 4171 lectis
1503 4122 1609 4174 Ro·
1680 4125 1770 4176 lib.
1795 4142 1857 4178 ιι.
1888 4130 2000 4193 ,iam
2029 4136 2066 4178 a
2088 4129 2256 4194 prima
2294 4130 2501 4181 Romuli
2535 4131 2734 4181 institu-

554 4191 695 4242 mulo
715 4190 802 4242 lib.
827 4206 863 4242 ι.
899 4186 1016 4257 cap.
1038 4198 1086 4245 8.
1137 4194 1241 4246 Alii
1272 4198 1461 4248 deinde
1483 4213 1606 4251 cen-

1684 4203 1825 4254 tioue
1865 4205 2273 4270 conscriptorum
2310 4221 2495 4257 nomen
2525 4209 2731 4258 Senato-

554 4274 663 4320 tum
701 4284 768 4322 ex
805 4268 950 4321 novis
983 4269 1179 4323 civibus
1215 4273 1380 4327 additi
1400 4273 1599 4330 foedere
1677 4280 1818 4333 ribus
1839 4282 2015 4335 datum
2037 4282 2237 4349 scribit,
2254 4283 2394 4352 quod
2414 4285 2560 4351 lecti,
2579 4292 2730 4353 atque
