3034 4925
1029 386 1176 435 Lus.
1224 386 1305 435 11.
1348 385 1511 434 cst.
1553 365 1666 433 27.
2318 365 2451 432 415

230 539 462 617 fama,
490 534 671 620 haud
698 534 930 621 procul
947 534 1092 621 jam
1124 536 1212 601 ab
1248 533 1482 600 Aricia
1509 531 1666 612 visi,
1696 535 1883 598 tauto
1913 530 2197 596 tumultu
2226 527 2453 595 couci·

236 644 362 709 vit
388 641 783 719 Romanoa?
826 645 900 705 ut
940 658 1065 704 nec
1084 638 1361 718 ‚consuli
1405 637 1637 703 ordine
1686 635 1952 714 Patres,
1986 654 2110 700 nec
2138 640 2455 720 pacatum

234 763 651 831 responsum
681 762 864 808 arma
890 742 1323 808 inferentibus
1353 758 1538 806 arma
1567 739 1706 825 ipsi
1733 739 2080 822 capientes
2110 738 2264 803 dare
2292 757 2455 821 pos-

234 856 432 914 sent.
517 846 812 913 Ariciam
869 846 1116 912 infesto
1168 843 1429 928 agmine
1461 843 1630 909 itur:
1676 862 1803 908 nec
1850 842 2090 926 procul
2120 840 2270 905 iude
2299 859 2454 905 cum

236 950 607 1041 Auruncis
630 951 822 1036 signa
850 950 1116 1028 collata,
1138 948 1509 1034 praelioque
1542 967 1673 1013 uno
1695 945 2102 1012 debellatum
2132 953 2254 1011 est.

343 1056 450 1121 27.
496 1055 694 1121 Fusis
746 1053 1107 1133 Auruncis»,
1154 1052 1364 1117 victor
1422 1056 1524 1116 tot
1569 1050 1749 1115 iutra
1776 1068 2037 1133 paucos
2068 1048 2217 1113 dies
2262 1044 2459 1112 bellis

248 1159 622 1248 Romanus
647 1160 974 1244 promissa
1001 1157 1295 1222 consulis
1323 1154 1654 1238 fidemque
1693 1143 1964 1218 senatus
1993 1150 2394 1236 expectabat
2418 1158 2459 1213 ι’

251 1284 425 1330 cum
450 1262 745 1348 Appiae,
791 1269 859 1328 et
875 1262 1082 1327 insita
1103 1261 1419 1345 superbia
1447 1259 1692 1334 auimo,
1723 1266 1790 1322 et
1811 1264 1886 1321 ut
1907 1255 2186 1338 collegae
2214 1239 2461 1318 vanam

247 1368 516 1455 faceret
534 1365 755 1445 fidem,
781 1385 984 1450 quam
1015 1366 1372 1451 asperrIme
1396 1369 1681 1446 poterat,
1708 1361 1827 1446 jus
1856 1360 1939 1426 de
1963 1358 2229 1425 creditis
2251 1376 2461 1441 pecu-

251 1472 400 1538 niis
431 1471 701 1540 dicere.¹³
791 1459 1132 1554 Deinceps
1156 1474 1248 1547 et,
1294 1469 1410 1553 qui
1439 1472 1592 1532 ante
1623 1466 1782 1532 nexi
1811 1464 2084 1542 fueraut,
2118 1459 2459 1544 creditori-

248 1575 401 1640 bus
431 1574 888 1653 tradebantur,
917 1580 989 1637 et
1006 1573 1440 1636 nectebantur
1481 1568 1648 1636 alii.⁰
1738 1564 1944 1645 Quod
1975 1563 2093 1628 ubi
2124 1562 2237 1628 cui
2264 1560 2464 1626 militi

251 1677 615 1755 inciderat,
660 1678 985 1759 collegam
1055 1674 1482 1759 appellabat:
1527 1689 1892 1738 concursus
1950 1666 2036 1733 ad
2108 1664 2466 1731 Servilium

254 1781 530 1860 fiebat:
586 1780 769 1845 illius
823 1777 1159 1863 promissa
1195 1777 1578 1861 jactabant,
1636 1774 1737 1839 illi
1791 1770 2285 1855 exprobrabant
2342 1786 2468 1832 sua

258 1884 556 1969 quisque
608 1884 767 1949 belli
819 1884 1046 1948 merita
1076 1890 1103 1930 Ρ
1160 1880 1634 1964 cicatricesque
1696 1882 2040 1960 acceptas,
2148 1870 2467 1937 Postula·
2568 1945 2572 1950 ,

252 1989 457 2075 bant,
500 1992 591 2060 ut,
616 1995 733 2052 aut
768 1984 1036 2050 referret
1080 1983 1166 2048 ad
1212 1989 1540 2059 senatum,
1588 1988 1705 2046 aut
1729 1988 1779 2029 ¹⁷
1825 1986 1899 2044 ut
1941 1976 2196 2042 auxilio
2238 1978 2470 2040 essetq

260 2091 511 2156 consul
531 2090 792 2156 civibus
822 2090 986 2159 suis,
1007 2087 1364 2171 imperator
1385 2085 1732 2149 militibus.
1821 2080 2194 2145 Movebant
2223 2097 2470 2143 cousu-

258 2194 404 2259 lem
429 2194 612 2274 haec;
659 2190 781 2256 sed
809 2188 1230 2274 tergiversari
1274 2205 1384 2251 res
1438 2186 1746 2268 cogebat.
1833 2180 2030 2246 Adeo
2075 2181 2143 2244 iu
2192 2179 2469 2244 alteram

266 2316 552 2388 causam
580 2316 713 2361 non
732 2296 989 2379 collega
1018 2293 1238 2359 solum
1268 2311 1574 2377 praeceps
1603 2284 1852 2365 ierat,¹⁸
1873 2292 1895 2320 ¹
1939 2283 2056 2349 sed
2085 2283 2298 2348 omnis
2329 2282 2471 2346 fac·

278 2540 285 2545 -
337 2514 368 2548 v
406 2502 555 2564 Curius
574 2502 810 2552 exer-citu
833 2501 991 2561 sama,
1012 2497 1212 2564 quijam
1244 2496 1375 2547 visu
1396 2510 1491 2544 non
1511 2492 1650 2556 longe
1668 2490 1728 2540 ab
1749 2487 1917 2539 Aricia
1938 2486 2200 2549 dicebatur,
2237 2484 2476 2534 Romanos

268 2573 396 2622 adeo
416 2570 693 2619 tumultuose
713 2565 989 2622 concitavit,
1012 2569 1090 2628 ξε.

339 2644 366 2669 z
401 2634 701 2700 Expectabat
738 2638 791 2683 ut
826 2631 1032 2682 Senatu·
1050 2631 1215 2681 datam
1251 2643 1334 2693 per
1371 2626 1633 2681 Servilium
1656 2621 1813 2689 fidem
1847 2618 2081 2683 impleret,
2115 2615 2216 2680 ejus
2245 2615 2479 2681 promim

272 2705 671 2824 WPgffJQm
691 2764 930 2814 acciderat
961 2760 1109 2811 alicui
1132 2758 1300 2823 militi,
1322 2758 1367 2808 ir
1389 2758 1451 2807 ad
1474 2753 1732 2805 Servilium
1750 2751 1977 2813 collegam
1998 2748 2143 2814 Appii
2162 2744 2481 2810 confugiebat.

272 2833 363 2884 Aa
383 2847 486 2882 etam
503 2846 662 2881 omnes
677 2829 1035 2880 concurrebant.
2397 2834 2402 2843 ⁴

1196 2917 1560 2942 OOOOOOONJOO

349 3050 411 3096 17
446 3045 674 3097 Aah...
696 3050 780 3095 ant
803 3042 951 3094 abest
988 3056 1019 3092 a
1056 3039 1235 3092 multis
1269 3036 1389 3089 edd.
1430 3036 1581 3104 prob.
1612 3036 1666 3088 J.
1703 3035 1761 3086 F.
1797 2994 2160 3085 Gronovss-lss
2193 3024 2330 3077 Vide
2354 3025 2485 3113 lflot·

1274 3204 1492 3258 NOTAE

288 3319 297 3327 ‘
351 3324 376 3349 ²
391 3316 485 3364 Jus
497 3315 553 3363 de
573 3311 767 3363 creditis
775 3308 986 3375 pecuniis
998 3304 1177 3369 dicere]
1196 3304 1340 3356 Non·
1424 3302 1622 3354 habant
1645 3299 1785 3365 apud
1810 3296 2059 3350 Sabinos?

283 3393 412 3444 dum
445 3391 581 3443 enim
617 3396 790 3441 creato
826 3394 1074 3453 praetore,
1108 3383 1344 3435 consuler
1508 3389 1534 3424 ¹³
1569 3380 1672 3432 Aut
1716 3384 1772 3428 ut
1806 3377 1991 3427 auxilio
2023 3373 2173 3438 erret]
2228 3369 2390 3435 Alia'a,
2430 3378 2486 3422 ut

277 3475 371 3540 jus
390 3471 700 3523 reddebant.
804 3524 809 3529 ‚
1423 3458 1609 3509 auxilio
1626 3461 1765 3506 emt.
1799 3450 2137 3505 Variantibus
2160 3449 2326 3512 libris,
2350 3448 2487 3498 Gro-

353 3561 377 3586 0
408 3552 480 3601 Et
498 3549 801 3600 nectebantur
818 3546 931 3611 alii]
966 3545 1111 3596 Hinc
1133 3542 1345 3608 colliga·
1424 3536 1583 3587 novio
1628 3534 1806 3598 placet
1858 3528 2090 3594 expungi
2140 3525 2487 3577 alternantem

285 3644 402 3680 mus
441 3643 587 3679 nexos
612 3641 705 3693 pro
742 3625 932 3676 vinctis
967 3631 1026 3674 ut
1066 3621 1346 3687 plurimum
1426 3613 1760 3679 particulam,
1780 3613 1862 3659 aut
1886 3625 1902 3658 ε
1939 3604 2184 3656 volebant
2219 3603 2376 3666 euim,
2414 3603 2491 3651 in-

287 3705 476 3769 accipi.
1428 3691 1565 3757 quit,
1588 3693 1865 3751 utrumque
1884 3682 1995 3734 fieri
2017 3698 2034 3745 ;
2066 3688 2173 3731 tum
2197 3687 2257 3731 ut
2279 3677 2410 3729 fides
2434 3686 2490 3728 et

298 3776 307 3793 ²
336 3792 381 3847 ,Ρ
413 3782 516 3832 Sua
550 3782 744 3846 quisque
775 3778 884 3829 belli
915 3773 1110 3838 mer-ita]
1165 3772 1351 3823 Merita
1429 3767 1682 3834 promissa
1703 3771 1908 3829 patrum
1933 3759 2351 3815 exsolverentur,
2377 3763 2490 3806 tum

290 3862 419 3917 beni.
441 3875 534 3925 pro
559 3859 731 3924 operis
754 3858 805 3907 iu
823 3855 960 3906 bello
984 3852 1248 3918 impensio,
1270 3865 1348 3900 re·
1429 3853 1488 3898 ut
1512 3843 1855 3910 impediretur
1880 3833 2044 3903 Appii
2077 3847 2214 3883 aaeva
2249 3833 2304 3883 in
2344 3831 2491 3884 debi-

291 3940 494 4004 busque
525 3937 579 3988 in
616 3936 774 4000 bello,
810 3948 902 3984 seu
939 3932 1061 3982 belli
1097 3938 1351 3993 tempore,
1433 3931 1574 3975 tores
1587 3916 1899 3985 jurisdictio.
2158 3918 2166 3925 ·

296 4017 473 4083 gestia.
537 4014 622 4065 Au
642 4013 796 4063 simili
815 4009 984 4060 forma
1000 4005 1354 4073 loquendi‘ex'·
1498 4007 1519 4033 ¹·
1553 3999 1666 4048 Non
1704 3996 1883 4055 collega
1923 3990 2071 4040 nolum
2102 4002 2310 4053 proeceps
2345 3984 2498 4049 ierat]

295 4095 486 4159 plicari
506 4097 703 4156 posset,
725 4088 862 4155 quod
899 4088 999 4137 hoc
1042 4084 1228 4136 eodem
1248 4083 1355 4133 l.c.
1437 4075 1582 4129 Libri
1625 4072 1740 4123 fere
1777 4069 1973 4121 habent
2007 4069 2316 4132 praeeperat,
2354 4058 2495 4127 quod

298 4169 383 4222 16.
417 4171 612 4220 dictum
653 4169 718 4218 de
760 4163 1079 4216 turbatoribus
1123 4161 1265 4219 belli5
1300 4165 1358 4210 ut
1438 4148 1690 4206 Rhenauo
1713 4146 1983 4215 probatur,
2011 4142 2263 4209 particula
2296 4139 2353 4189 in
2385 4144 2498 4188 mu·

300 4241 681 4323 intelligantur,
735 4239 1191 4309 (quemadmodum
1240 4252 1356 4288 aen·
1439 4238 1551 4284 tata
1574 4230 1626 4279 in
1657 4228 1732 4277 vi:
1771 4232 1830 4276 ut
1863 4222 1951 4282 ait,
1989 4221 2041 4271 vi
2079 4223 2278 4272 almam
2305 4228 2497 4265 causam

305 4324 474 4378 tentia
496 4319 778 4389 postulato
811 4321 848 4372 ii
869 4319 959 4387 qui
977 4317 1116 4371 bello
1138 4331 1222 4368 rer
1249 4322 1357 4367 tur·
1438 4308 1531 4363 iton
1549 4309 1729 4373 collega
1747 4306 1894 4358 solum
1900 4305 2204 4371 preceperat,
2223 4292 2276 4347 id
2291 4299 2392 4353 ert»
2409 4304 2497 4341 8¹¹·
