3034 4925
603 368 733 437 m

604 549 729 596 nos
757 528 1263 614 comprehensos
1294 527 1731 612 querebatur-2
1760 521 2018 602 Sabini,
2047 540 2208 593 suos
2239 520 2427 606 prins
2456 519 2527 585 in
2554 518 2778 587 laeum

529 620 536 630 ⁶
606 633 1024 715 confugies&
1067 649 1149 694 ac
1181 628 1423 695 Romae
1449 635 1764 694 retentos.
1868 625 2007 692 Hae
2040 645 2269 692 causae
2295 623 2455 689 belli
2484 623 2782 691 fereban-

603 742 735 801 tur.
814 733 1073 811 Sabini,
1114 732 1293 797 haud
1324 751 1563 817 parum
1591 748 1937 811 memores,
1963 737 2033 796 et
2063 748 2335 796 suarum
2363 729 2607 794 virium
2636 744 2782 809 par·

603 847 736 906 tem
761 836 1003 903 Romae
1023 836 1112 900 ab
1135 835 1333 901 Tatio
1351 835 1669 913 locatam,
1690 842 1759 899 et
1777 832 2149 899 Romanam
2174 851 2309 897 rem
2336 849 2554 916 nuper
2582 829 2782 894 etiarn

647 941 974 1026 djecticne
1027 938 1262 1023 populi
1311 936 1562 1004 Albani
1610 942 1899 1014 auctam,
1960 934 2475 1020 circumspicere
2532 941 2609 997 et
2653 932 2783 1017 ipsi
2859 1008 2869 1018 ·

604 1051 880 1110 externa
930 1043 1211 1109 auxilia.
1296 1040 1562 1108 Etruria
1589 1048 1735 1106 erat
1754 1039 2001 1117 vicina,
2035 1038 2321 1124 proximi
2353 1038 2782 1103 Etruscorum

604 1146 947 1213 Veientes.
1056 1144 1247 1223 Inde,
1274 1145 1362 1209 ob
1390 1143 1689 1210 residuas
1718 1142 2044 1209 bellorum
2076 1141 2211 1206 iras
2236 1141 2534 1233 maxime
2563 1137 2784 1204 solici-

602 1251 760 1316 tatis
798 1251 885 1316 ad
910 1250 1346 1316 defectionem
1379 1248 1644 1327 animiS,
1674 1244 2099 1313 voluntarios
2129 1251 2401 1312 traxere.
2491 1242 2586 1308 Et
2608 1243 2784 1328 apud

601 1372 814 1438 vagos
844 1352 1169 1438 quosdam
1195 1371 1285 1416 ex
1307 1351 1495 1435 inopi
1521 1351 1722 1437 plebe
1749 1350 1957 1417 etiam
1979 1368 2234 1415 merces
2256 1346 2523 1415 valuit.¹‘
2614 1346 2785 1413 Pub-

601 1456 735 1521 lico
785 1456 1047 1522 auxilio
1090 1455 1273 1521 nullo
1314 1454 1530 1539 adjuti
1559 1460 1734 1521 sunt.
1820 1452 2188 1537 Valuitque
2239 1451 2419 1537 apud
2465 1449 2784 1514 Veientes

599 1559 787 1640 (nam
838 1559 920 1623 de
964 1558 1204 1624 ceteris
1251 1557 1471 1622 minus
1509 1560 1751 1622 mirum
1795 1554 1932 1642 est)
1975 1561 2178 1641 pacta
2224 1575 2374 1637 cnm
2416 1551 2721 1618 Romulo
2736 1557 2786 1587 ²⁰

602 1660 1017 1726 induciarum
1062 1660 1285 1726 fides?
1367 1661 1539 1726 Cum
1584 1661 1836 1727 bellum
1880 1660 2207 1744 utrimque
2237 1676 2497 1723 summa
2520 1675 2656 1740 ope
2675 1674 2783 1738 pa-

600 1769 871 1842 rarent,¹
904 1763 1202 1847 vertique
1231 1763 1301 1827 in
1331 1783 1414 1828 eo
1444 1783 1552 1829 res
1582 1762 1937 1840 videretur,
1982 1763 2117 1827 utri
2156 1761 2347 1846 prius
2376 1778 2570 1825 arma
2598 1758 2785 1823 infer-

600 1870 766 1939 rent,
794 1874 1083 1951 occupat
1124 1866 1362 1932 Tullus
1410 1867 1478 1932 in
1528 1885 1756 1950 agrum
1807 1865 2128 1930 Sabinum
2169 1863 2468 1929 transire.
2560 1861 2786 1944 Pugna

602 1972 795 2034 atrox
828 1968 916 2034 ad
951 1969 1209 2054 sylvam
1260 1967 1759 2036 Malitiosam²⁹
1802 1967 1953 2033 fuit.
2040 1965 2182 2032 Ubi
2211 1970 2276 2031 et
2302 1964 2611 2052 pediturn
2641 1962 2779 2046 qui-

1527 380 1594 431 T.
1638 379 1829 428 mvn

630 2174 634 2178 ’
663 2164 681 2193 ⁸
714 2160 992 2224 Perfugiue
1012 2163 1074 2211 ud
1095 2161 1319 2227 Asylum.

665 2233 694 2258 ⁸
726 2227 1022 2292 Stipendium
1043 2227 1205 2293 effecit
1224 2233 1280 2278 ut
1299 2226 1436 2290 egeni
1454 2241 1515 2308 ea:
1530 2227 1663 2293 plebe
1680 2227 2031 2294 impellerentur
2048 2227 2112 2277 ad
2132 2240 2285 2277 ama.

1512 2387 1873 2410 Odummdb

597 2505 936 2569 Rapum—20
967 2514 983 2538 ⁴
1001 2507 1110 2558 Ant
1137 2508 1347 2558 Romam
1369 2516 1459 2559 ant
1484 2509 1620 2558 Tullo
1642 2508 1958 2572 legendum?
1982 2509 2173 2560 Stroth.
2244 2508 2457 2570 Remmia
2481 2505 2621 2570 conj.
2647 2502 2783 2554 nuk.

599 2570 731 2621 Tullo
753 2572 1021 2623 Periz.--1
1042 2574 1313 2625 Par-aretur
1334 2574 1468 2624 Edd.
1489 2590 1523 2625 a
1546 2574 1717 2625 Paris.
1741 2578 1886 2626 1578.
1912 2574 1984 2625 ad
2009 2576 2343 2625 Creviera—-ss
2364 2573 2451 2624 ΑΙ.
2473 2572 2782 2635 Matyeum.

1583 2720 1799 2795 Nom

595 2845 772 2881 corum
795 2833 1027 2899 Soracte,
1047 2834 1113 2884 ad
1136 2835 1384 2901 Tiberim,
1404 2834 1654 2899 ternplum
1807 2834 1997 2886 Voluit.
2016 2869 2030 2887 .
2050 2868 2062 2885 .
2075 2840 2218 2901 pacta
2255 2848 2360 2883 cum
2384 2832 2586 2881 Romulo
2612 2828 2788 2880 induci·

595 2905 829 2956 Feronia!
860 2908 983 2972 fuit,
1022 2911 1269 2976 inclytum
1307 2912 1526 2975 divitiis,
1563 2911 1653 2964 ubi

596 2982 752 3032 bodie
772 2984 942 3034 Fiam.
992 2980 1076 3034 De
1094 2987 1188 3035 lioc
1207 2987 1402 3049 Livius,
1423 2986 1654 3052 itemque

597 3058 929 3120 accipiendus
954 3059 1166 3123 Dionys.
1190 3062 1281 3112 lib.
1306 3075 1393 3112 m.
1419 3077 1535 3112 cum
1561 3064 1655 3127 ait,

597 3131 772 3183 fanum
791 3149 902 3184 esse
922 3136 1057 3201 quod
1080 3136 1281 3187 Sabinis
1298 3153 1447 3204 aeque
1472 3153 1533 3189 ac
1557 3140 1654 3189 La·

595 3208 720 3258 tinia
742 3224 939 3259 summa
960 3212 1206 3276 religione
1229 3213 1434 3279 colitur,
1453 3230 1655 3266 sacrum

597 3285 726 3336 Dete
754 3287 1007 3338 Feronlae.
1076 3288 1180 3339 Hic
1210 3289 1385 3354 itaque
1418 3306 1653 3356 compre-

595 3359 783 3411 hensos
824 3377 855 3413 a
894 3363 1096 3415 Sabinis
1146 3369 1496 3430 negotiatores
1537 3382 1653 3417 suos

596 3436 815 3488 Romani
837 3439 1203 3503 querebantur.

658 3520 682 3546 ⁰
716 3514 1179 3581 Induciarumfides]
1230 3517 1407 3567 Factae
1446 3517 1653 3583 quidem

596 3590 691 3641 snb
711 3592 929 3641 Romulo
952 3591 1171 3643 induciae
1196 3594 1247 3643 in
1271 3608 1427 3645 annor
1444 3604 1654 3647 centum

596 3679 712 3716 cnm
737 3666 1078 3719 Veientibusx
1114 3670 1227 3728 sed,
1262 3679 1318 3721 nt
1353 3677 1586 3723 notatum
1622 3686 1654 3723 a

595 3739 877 3798 Glareano‚
901 3756 986 3792 eas
1008 3743 1057 3792 hi
1082 3744 1198 3808 jam
1220 3753 1472 3809 ruperant
1495 3761 1654 3811 supra

597 3829 716 3879 cap.
736 3821 819 3867 27.
887 3818 1180 3872 Potuerunt
1203 3828 1376 3872 tamen
1401 3822 1653 3874 Veientes

597 3890 767 3942 videri
784 3893 913 3943 velle
928 3895 1265 3947 Fidenatibus
1283 3905 1484 3949 tantum
1502 3900 1653 3950 sociis

597 3968 706 4019 unis
750 3985 900 4035 opem
946 3975 1145 4039 tulisse,
1182 3989 1287 4025 non
1320 3974 1515 4026 bellum
1552 3976 1652 4041 ipsi

599 4045 834 4095 sumsisse
863 4061 957 4098 suo
978 4049 1209 4100 nominet
1249 4056 1307 4100 et
1332 4049 1656 4116 instauratae,

601 4130 691 4173 aut
738 4125 897 4175 etiarn
943 4126 997 4176 in
1043 4128 1245 4194 longine
1297 4135 1500 4195 tempus
1539 4147 1656 4195 pro·

600 4198 772 4250 ductae
803 4201 1044 4266 induciat,
1079 4217 1143 4252 ea
1174 4205 1289 4267 lege
1327 4219 1393 4256 ne
1426 4206 1658 4259 hostibus

600 4272 946 4328 Romanorum
969 4275 1351 4332 auxiliarentur.

1737 4296 2002 4333 numerum
2067 4280 2472 4345 duplicaturum,

1731 2911 2026 2978 urumfides]
2057 2911 2221 2976 Atqui
2256 2909 2352 2960 sub
2384 2911 2482 2960 boc
2507 2909 2622 2971 ipso
2644 2907 2788 2956 Tullo

1734 2986 1954 3038 fractam
1975 2994 2228 3038 memorat
2252 2987 2427 3036 Livius
2446 3000 2494 3035 c.
2514 2988 2596 3035 27.
2616 2991 2675 3034 et
2689 2996 2787 3046 seq.

1735 3057 1845 3112 Aut
1871 3076 1995 3127 ergo
2034 3062 2280 3112 memoria
2310 3060 2391 3111 bie
2428 3076 2547 3109 enm
2580 3057 2784 3118 fefeuit,

1734 3146 1795 3191 ut
1816 3141 2039 3206 putabat
2061 3139 2224 3190 Henr.
2247 3138 2554 3198 Glareanus,
2587 3141 2681 3184 aut
2719 3145 2790 3182 re·

1734 3223 1950 3267 novatae
1990 3216 2199 3267 easdem
2234 3213 2488 3275 inducias,
2530 3218 2652 3276 post
2688 3208 2786 3259 bel·

1733 3293 1860 3356 lum,
1908 3291 2170 3356 intelligit.
2227 3289 2440 3341 Eaedem
2483 3295 2663 3338 autem
2703 3285 2787 3334 ha-

1731 3369 1941 3433 bentur‚
1996 3370 2118 3434 quia
2158 3382 2190 3419 a
2232 3366 2456 3417 Romulo
2507 3367 2786 3429 coeperant.

1733 3446 1790 3494 J.
1815 3445 2043 3502 clericus.

1795 3529 1822 3565 ⁹
1842 3521 1925 3571 Aa
1945 3524 2127 3588 sylvam
2153 3516 2476 3581 Malitiosam]
2511 3516 2656 3567 Aliae
2678 3515 2784 3565 Ma·

1732 3598 1943 3649 limam.
1988 3598 2090 3648 Sed
2114 3597 2395 3661 Dionysius
2415 3594 2574 3643 babet
2595 3594 2784 3657 sylvam

1733 3673 2021 3740 κακούργων,
2059 3674 2111 3723 id
2145 3680 2249 3735 est,
2281 3670 2652 3721 Melitiuorun.
2714 3668 2786 3717 Ea

1732 3750 1872 3800 circa
1894 3751 2112 3801 Eretum
2147 3756 2204 3800 et
2237 3748 2460 3810 Fidenas
2480 3745 2584 3795 fuit
2605 3746 2655 3794 in
2679 3742 2785 3793 fini·

1733 3826 1830 3876 bus
1851 3826 2173 3877 Sabinorum.
2240 3825 2359 3875 Hoc
2379 3824 2574 3873 bellum
2597 3823 2680 3873 vix
2700 3821 2783 3871 tri·

1734 3902 1887 3953 ennio
1915 3901 2229 3954 confectum.
2291 3900 2472 3965 Primo
2495 3900 2636 3949 enirn
2658 3910 2784 3947 anno

1734 3987 2018 4043 pugnatum
2050 3985 2134 4029 est
2173 3987 2324 4041 aequo
2357 3976 2568 4037 Marte;
2603 3970 2779 4024 deinde

1736 4055 1918 4119 praelio
1958 4054 2024 4104 ad
2079 4045 2295 4104 Eretum
2334 4056 2448 4102 107.
2497 4050 2681 4101 stadiis
2723 4048 2782 4098 ab

1734 4130 1878 4180 Urbe
1900 4128 2189 4192 commisso,
2223 4141 2337 4176 cum
2359 4126 2542 4176 Tullus
2569 4126 2782 4175 Saturno

1737 4215 1792 4258 et
1823 4206 1929 4272 Opi
1961 4208 2198 4257 solennes
2232 4203 2405 4260 ferias,
2431 4203 2780 4267 Saliorumque

2552 4279 2783 4333 vermer,
