3034 4925
1054 393 1200 442 mn.
1248 394 1299 441 1.
1345 392 1512 443 oAr.
1555 378 1621 445 9.
2295 378 2427 447 199

254 536 446 613 derat,
474 541 727 622 ταμίαις
779 536 1109 623 quasdam
1135 535 1355 603 forma
1382 537 1817 616 excellente,⁵
1858 537 2258 623 primoribus
2290 535 2428 605 Pa.

251 644 405 704 trum
436 640 825 719 destinatas,
851 661 942 707 ex
971 641 1175 725 plebe
1197 641 1527 721 homines,
1548 640 1798 725 quibus
1829 641 2062 716 datum
2087 643 2427 726 negotium

252 747 402 821 erat,
431 741 663 808 domos
693 743 1098 810 deferebant.
1194 743 1435 821 Unam,
1465 744 1661 826 longe
1691 751 1843 809 ante
1876 744 2050 810 alias
2079 747 2310 830 specie
2341 766 2426 812 ac

251 844 723 925 pulchritudine
755 846 1102 929 insignem,
1126 867 1171 913 a
1199 848 1397 931 globo
1425 846 1717 912 Talassii
1735 845 1764 887 ⁶
1794 846 2140 931 cujusdam
2167 855 2429 933 raptam

249 945 481 1028 ferunt3
508 948 872 1034 multisque
898 950 1432 1028 sciscitantibuS,
1471 950 1734 1014 cuinam
1767 970 1915 1015 eam
1945 951 2213 1030 ferrent,
2241 951 2428 1015 iden-

251 1049 456 1127 tidem,
493 1071 580 1116 ne
626 1051 779 1135 quis
823 1051 1126 1132 violaret,
1168 1052 1484 1117 Talassio
1529 1051 1683 1116 ferri
1730 1053 2174 1119 clamitatum.
2263 1053 2428 1118 Inde

248 1153 592 1235 nuptialem
618 1154 793 1220 hanc
826 1173 1060 1220 vocem
1078 1151 1107 1190 ‘¹
1138 1155 1411 1219 factam.
1498 1153 1798 1219 Turbato
1827 1173 1943 1239 per
1970 1162 2221 1220 metum
2250 1156 2428 1220 ludi-

248 1272 374 1331 cro,
399 1256 622 1323 moesti
651 1264 956 1340 parentes
987 1257 1316 1340 virginum
1347 1255 1755 1340 profugiunt,
1783 1255 2164 1322 incusantes
2194 1257 2428 1324 violati

245 1353 505 1440 hospitii
556 1359 806 1438 foedus,
860 1360 1209 1444 Deumque
1264 1359 1692 1435 invocantes,
1753 1357 1949 1442 cujus
2005 1357 2093 1423 ad
2149 1359 2425 1424 solenne

245 1456 586 1544 ludosque,
610 1480 728 1545 per
753 1462 859 1526 fas
886 1481 968 1527 ac
995 1461 1200 1527 fidem
1224 1459 1558 1544 decepti,¹⁸
1585 1461 1946 1526 venissent.
2036 1461 2186 1526 Nec
2210 1462 2426 1545 raptis

246 1567 353 1626 aut
379 1582 534 1645 spes
561 1563 646 1627 de
676 1584 752 1629 se
779 1565 1033 1643 melior,
1078 1574 1201 1630 aut
1244 1563 1607 1647 indignatio
1647 1568 1753 1628 est
1779 1564 1997 1628 minor
2020 1571 2097 1626 :⁷-
2128 1564 2248 1629 sed
2275 1564 2427 1647 ipse

247 1659 572 1730 Romulus
598 1665 975 1745 circuibat:
1005 1666 1432 1751 docebatque
1458 1689 1474 1729 ε
1523 1671 1544 1702 ‘
1569 1653 1833 1751 patru‘m
1862 1665 1933 1730 id
1954 1666 2267 1750 superbia
2286 1665 2428 1732 fae-

242 1767 389 1843 tmu,
419 1763 538 1852 qui
572 1768 980 1836 connubium
1011 1768 1305 1834 finitimis
1326 1776 1683 1851 negassent
1706 1789 1725 1849 3
1750 1768 1901 1833 illas
1940 1773 2161 1835 tamen
2189 1768 2261 1831 in
2285 1787 2427 1833 ma-

245 1865 560 1948 trimonio,
594 1869 663 1934 in
702 1871 1025 1937 societate
1063 1871 1478 1936 fortunarum
1515 1871 1810 1936 omnium
1855 1871 2308 1953 civitatisque,
2335 1876 2431 1949 et,

246 1986 371 2049 quo
401 1970 564 2036 nihil
593 1972 817 2044 carius
845 1973 1134 2041 humano
1165 1975 1390 2059 generi
1405 1976 1513 2054 sit,
1536 1975 1817 2040 liberum
1835 1973 1998 2039 fore.
2086 1971 2429 2037 Mollirent

294 2150 331 2177 ¹⁸
363 2146 686 2200 circumventi
707 2150 862 2216 specie
871 2151 1003 2215 juris
1023 2150 1203 2213 divini,
1217 2154 1267 2199 et
1287 2149 1553 2215 datoefidei
1573 2150 1839 2216 hospitalis.

238 2423 348 2485 quin
370 2425 645 2491 legendum
680 2426 748 2479 sit
776 2428 840 2490 ei,
877 2443 951 2480 se.
983 2429 1322 2494 spectaculo.⁹
1352 2430 1656 2507 liutpert—6
1691 2429 1826 2480 Edd.
1864 2436 1989 2480 ante
2010 2427 2242 2479 Gronov.
2278 2427 2429 2477 excet-

235 2487 483 2543 ἱρήια-6
515 2492 606 2544 Al.
643 2495 994 2546 Thalassii—⁷
1028 2499 1045 2526 ‘
1064 2495 1169 2547 Aut
1186 2496 1457 2558 indignatio
1478 2496 1650 2545 minor.
1684 2495 1822 2549 Flor.
1847 2495 1997 2544 Voss.
2016 2500 2258 2557 uterque,
2281 2494 2429 2543 Rott.

1210 2641 1429 2694 NOTAE

236 2738 339 2784 tore
361 2739 617 2788 nonultra
637 2718 853 2802 triginta
874 2739 1033 2791 fuisse
1056 2739 1285 2796 tradunt,
1360 2736 1524 2795 thum,
1563 2736 1712 2802 cujus
1752 2738 1806 2787 in
1844 2713 2083 2787 lanificiis
2113 2749 2254 2784 usus.
2320 2732 2428 2783 Sed

236 2822 342 2871 quaa
366 2811 536 2862 Curiis
575 2814 784 2864 nomina
816 2815 1088 2866 dederiutz
1125 2815 1284 2864 Vale·
1360 2813 1541 2879 quidni
1565 2815 1617 2864 in
1641 2812 1775 2863 ludis
1803 2814 2056 2878 Neptuno
2089 2812 2202 2861 Deo
2228 2808 2426 2858 marino

235 2884 327 2934 tius
360 2885 545 2939 Antias
580 2897 787 2954 septem
821 2894 874 2940 et
910 2889 1092 2954 viginti
1124 2904 1287 2954 supra

234 2960 556 3025 quingentas:
592 2963 730 3016 ana
770 2975 822 3015 et
851 2965 1129 3031 Dionysius
1166 2980 1284 3016 sex·

234 3042 402 3086 centas
424 3045 481 3088 et
504 3046 618 3089 tres
640 3046 797 3104 atquc
821 3041 1106 3106 octoginta.
1142 3042 1284 3106 Rap-

234 3116 331 3161 tum
354 3113 486 3163 bunc
504 3113 815 3166 Sabinarum
844 3131 979 3167 anno
998 3121 1050 3168 4.
1074 3118 1288 3168 condita

234 3183 367 3261 Urbe
384 3191 668 3253 contigisse
691 3192 974 3257 Dionysius
996 3193 1133 3242 idem
1150 3193 1285 3244 arbi·

234 3266 424 3315 tratur:
460 3265 605 3331 quod
629 3279 809 3329 parum
833 3268 1085 3317 credibile
1107 3268 1175 3319 sit
1193 3283 1284 3320 no-

235 3345 304 3386 vae
326 3339 465 3390 urbis
497 3342 846 3405 conditorem,
880 3342 1036 3393 rebus
1058 3345 1287 3395 nondum

233 3416 540 3484 conutitutis,
564 3424 769 3469 tantum
812 3420 1009 3472 facitms
1044 3435 1160 3472 esse
1198 3436 1284 3487 ag-

236 3502 472 3553 gressum.

289 3565 313 3599 ‘¹
344 3568 462 3618 Inde
478 3569 1061 3637 nuptialenthancvoeem]
1096 3576 1285 3628 Roma·

233 3642 278 3691 ni
306 3645 691 3697 Thalassionem
728 3649 781 3698 in
814 3649 1011 3713 nuptiis
1040 3650 1285 3703 inclama-

234 3716 365 3776 bant,
390 3721 609 3785 perinde
629 3729 684 3772 ut
707 3722 886 3775 Graeci
912 3723 1282 3789 Hymenaeumz

235 3807 352 3844 voce
388 3810 421 3847 a
455 3799 751 3862 Thalassio,
786 3799 1059 3863 splendido
1086 3801 1284 3864 juvene

234 3884 292 3919 ex
309 3874 569 3935 primariis
593 3875 797 3926 Romuli
816 3876 1059 3940 ducibus,
1090 3877 1285 3929 deduc·

233 3953 299 4007 ta,
320 3949 755 4013 quemadmodum
788 3952 986 4004 Noster
1020 3954 1208 4016 innuit,
1230 3960 1289 4004 et

234 4020 370 4091 Plut.
397 4026 580 4078 tradit.
615 4028 783 4079 Varro
798 4036 969 4079 tamen
986 4030 1123 4095 apud
1140 4031 1287 4083 Fest.

238 4094 531 4165 Pompeium
569 4104 710 4155 vocis
747 4107 858 4170 ejus
888 4120 1096 4157 causam
1119 4107 1186 4157 ad
1210 4109 1284 4157 la·

234 4174 450 4230 nificium
523 4178 810 4233 referebat.
893 4183 1282 4235 Thalassiouem

224 4252 421 4319 -quippe
443 4255 700 4309 vocabant
719 4259 990 4323 quasillum
1011 4260 1124 4310 sive
1146 4259 1284 4311 cala·

1361 2890 1544 2954 sacris,
1564 2904 1714 2956 quem
1735 2889 1929 2940 idcirco
1962 2884 2240 2937 Θαλάσσίον
2258 2891 2429 2935 Ποσσι-

1359 2967 1424 3015 δῶ
1464 2964 1838 3030 Aristophanes
1882 2969 2334 3028 vocat,.tesseram
2395 2974 2425 3010 a

1360 3043 1554 3093 Graeco
1573 3043 1681 3093 Dei
1710 3041 1943 3107 ejusdem
1981 3037 2285 3102 cognomine
2322 3037 2427 3086 Ro-

1360 3120 1527 3168 mulus
1587 3119 1822 3183 petierit‚
1876 3123 1935 3167 ut
1979 3115 2198 3179 juberet
2242 3126 2274 3163 a
2321 3113 2427 3163 suis

1360 3194 1663 3245 Thalassion
1685 3191 1951 3244 invocari?

1425 3279 1448 3304 θ
1481 3271 1594 3334 Ipse
1618 3270 1849 3320 &nulus
1869 3266 2125 3332 circuibat]
2173 3266 2425 3317 Romulus

1361 3348 1560 3398 servari
1581 3357 1753 3400 castas
1774 3348 1943 3412 prima
1965 3352 2145 3409 nocte,
2160 3358 2221 3394 ac
2239 3343 2428 3407 postri-

1361 3424 1447 3474 die
1491 3424 1557 3475 ad
1597 3440 1654 3476 se
1696 3425 1883 3475 adduci
1915 3423 2170 3487 jusserat.
2237 3420 2427 3484 Itaque

1361 3500 1608 3550 moestitia
1634 3501 1871 3564 dejectos
1911 3512 2090 3549 earum
2113 3495 2312 3544 animos
2336 3494 2426 3541 de·

1361 3576 1510 3626 linire
1551 3585 1766 3628 conatus
1805 3583 1903 3638 est,
1948 3580 2153 3638 raptum
2194 3568 2424 3633 ipsarum

1360 3666 1464 3701 non
1507 3653 1574 3702 ad
1608 3652 1867 3716 injuriam,
1902 3651 1992 3700 scd
2031 3648 2095 3698 ad
2130 3644 2424 3709 conjugium

1359 3733 1605 3790 spectare
1644 3724 1929 3774 dictitans:
1980 3723 2276 3784 docensque
2321 3733 2428 3768 mo-

1363 3816 1468 3851 rem
1503 3802 1639 3852 hunc
1670 3796 1974 3851 Gr‘oecornm
1998 3812 2113 3849 esse
2136 3795 2428 3861 antiquissi-

1360 3893 1521 3943 mum,
1545 3885 1601 3929 et
1627 3878 1714 3943 qui
1738 3878 2012 3928 maximum
2037 3875 2197 3925 decus
2212 3871 2427 3923 afferret

1360 3954 1612 4018 expetitis
1634 3954 1699 4004 ad
1717 3954 1926 4018 nuptias
1945 3949 2263 4003 mulieribus.
2295 3950 2427 4000 Post

1362 4032 1475 4082 bac
1491 4032 1711 4082 totidem
1733 4033 1869 4083 viros
1892 4029 2100 4095 selegit,
2123 4029 2309 4095 quibus
2333 4043 2427 4080 eas

1362 4109 1417 4159 in
1448 4110 1828 4161 matrimonium
1860 4107 2026 4174 dedit,
2049 4110 2152 4159 ritu
2172 4107 2425 4172 cujusque

1364 4185 1556 4248 puellae
1581 4185 1770 4251 patrio,
1791 4184 1922 4252 iguis
1945 4191 2001 4235 ct
2021 4198 2168 4251 aquae
2200 4183 2424 4234 societa-

1363 4265 1471 4315 tem
1489 4266 1694 4326 pactus.
