3034 4925
574 377 702 443 182

575 539 1005 626 profluentem
1061 558 1299 622 aquam
1344 538 1522 603 mitti
1545 536 1573 575 ‘¹
1621 539 1837 624 jubet.
1927 539 2124 606 Forte
2175 542 2461 628 quadam
2521 539 2780 608 divini-

569 653 682 707 -tus
707 652 753 691 ¹³
778 653 802 681 ⁶
857 664 1054 727 super
1116 643 1300 726 ripas
1347 642 1613 707 Tiberis
1663 643 1914 708 effusus
1976 645 2243 710 lenibus
2297 646 2592 729 stagnis3
2636 666 2780 711 nec

575 748 745 814 adiri
802 768 1081 832 usquam
1141 747 1227 811 ad
1261 747 1431 832 justi
1476 765 1744 811 cursum
1799 753 2062 832 poterat
2111 745 2381 827 amnis,f
2415 755 2506 826 et,
2555 768 2780 832 posse

576 851 885 935 quamvis
913 849 1230 933 languida
1266 851 1467 933 mergi
1503 870 1677 934 aqua
1699 851 2009 931 infanteS,
2039 871 2226 936 spem
2256 852 2620 917 ferentibus
2648 850 2780 915 da-

574 955 734 1019 bat:
765 955 862 1018 ita
890 955 1073 1018 velut
1104 952 1403 1018 defuncti
1432 954 1604 1035 regis
1632 953 1939 1037 imperio,
1957 956 2026 1018 in
2055 955 2361 1044 proxima
2390 955 2783 1032 alluvie,¹⁴⁸

574 1059 692 1122 ubi
721 1077 894 1121 nunc
938 1055 1108 1121 ficus
1158 1053 1584 1120 Ruminalish
1639 1062 1764 1134 est,
1805 1054 2269 1132 (Romularem
2316 1065 2620 1123 vocatam
2674 1058 2778 1121 fe-

573 1158 780 1244 runt,)
809 1180 1054 1244 pueros
1084 1166 1449 1242 exponunt.
1514 1160 1753 1226 Vastae
1785 1166 1924 1224 tum
1955 1160 2026 1223 in
2056 1159 2141 1223 iis
2169 1160 2339 1225 locis
2370 1159 2781 1225 solitudines

571 1269 777 1328 erant.
864 1262 1082 1329 Tenet
1126 1262 1330 1340 sama,
1376 1281 1527 1327 cum
1573 1261 1939 1329 fluitantem
1971 1264 2261 1341 alveum,
2303 1282 2436 1346 quo
2463 1261 2783 1345 expositi

572 1375 763 1432 erant
792 1368 1008 1451 pueri,
1035 1368 1250 1432 tenuis
1280 1367 1350 1431 in
1380 1367 1564 1431 sicco
1595 1386 1776 1451 aqua
1803 1367 2250 1445 destituisset,
2278 1367 2498 1450 lupam
2529 1364 2783 1429 sitien-

574 1467 741 1535 temi
774 1490 862 1534 ex
889 1470 1242 1549 montibuS,
1279 1469 1391 1554 qui
1423 1470 1604 1535 circa
1625 1476 1793 1547 sunt,
1827 1471 1912 1535 ad
1945 1471 2265 1555 puerilem
2293 1467 2582 1550 vagitum
2614 1486 2784 1531 cur-

571 1593 715 1637 sum
749 1571 1062 1638 flexisse:
1110 1592 1257 1638 eam
1290 1573 1688 1639 summissas
1720 1574 2078 1640 infantibus
2118 1573 2287 1638 adeo
2331 1572 2558 1636 mitem
2589 1590 2785 1653 prae-

511 1761 518 1764 Ἰ
568 1677 804 1741 buisse
832 1695 1179 1753 mammas,
1208 1682 1280 1739 ut
1305 1676 1536 1759 lingua
1561 1677 1955 1742 lambentem
1981 1697 2225 1762 pueros
2254 1675 2572 1759 magister
2598 1675 2781 1756 regii

571 1779 839 1862 pecoris
869 1780 1214 1844 invenerit.
1306 1776 1679 1845 Faustulo*
1708 1780 1919 1847 fuisse
1948 1801 2181 1845 nomen
2211 1780 2447 1844 serunt.
2534 1774 2658 1841 Ab
2689 1796 2782 1842 eo

1510 393 1580 442 T.
1630 394 1817 443 mvn

1481 1946 1786 1974 ‘cutm-ov·
1790 1945 1854 1968 ee

570 2062 736 2112 Gron.
799 2062 902 2112 Sed
928 2062 1002 2113 ita
1024 2064 1109 2113 vix
1128 2070 1268 2115 recte
1289 2064 1393 2115 dici
1415 2072 1606 2130 potest,
1639 2072 1695 2114 et
1721 2066 1801 2115 vel
1829 2080 1943 2116 voc.
1964 2064 2192 2115 divinitas
2222 2060 2496 2111 delendum
2533 2058 2780 2117 videtur,

573 2128 658 2175 vel
692 2127 988 2191 legendum,
1016 2130 1152 2189 sorte
1178 2133 1376 2192 quadam
1412 2131 1593 2190 divina,
1631 2130 1729 2196 θείᾳ
1755 2130 1851 2182 τινὶ
1880 2130 2028 2196 τύχῃ,
2063 2137 2152 2178 aut
2188 2129 2360 2192 potius
2381 2141 2492 2184 cum
2526 2125 2697 2176 Grur.
2722 2132 2779 2174 et

575 2191 919 2253 Bauerosorte
940 2195 1140 2258 quadum
1166 2210 1229 2246 an
1250 2196 1517 2246 divinitus!
1539 2197 1894 2262 Rupert.-›l4
1913 2197 2035 2249 J0F.
2054 2194 2284 2250 Gronov.
2307 2191 2638 2257 approbante
2663 2192 2781 2241 Ru·

1559 2344 1772 2396 NOTAE

567 2438 829 2488 occultum
888 2453 949 2489 sc
1009 2447 1316 2504 perpetuum
1366 2454 1628 2495 carcerem
1701 2445 1840 2496 viem.

571 2518 880 2584 conjectam,
921 2520 1273 2584 scripseruut3
1324 2521 1462 2571 unde
1513 2529 1631 2587 post
1768 2522 1793 2557 ³¹
1829 2524 1972 2575 Ficus
2017 2521 2306 2584 Ruminalis]
2341 2520 2429 2573 Sic
2466 2519 2610 2568 dicta
2656 2516 2778 2568 haee

570 2594 766 2645 Amulii
783 2602 999 2647 mortem
1024 2598 1240 2647 liberata
1261 2597 1435 2650 fuerit.
1687 2601 1837 2666 ficus,
1859 2602 1970 2652 give
1994 2600 2129 2666 quod
2161 2612 2352 2662 pecora
2374 2595 2466 2647 mh
2489 2609 2555 2644 ea
2577 2594 2777 2644 herb„

632 2672 658 2706 ‘¹
690 2673 752 2723 In
786 2675 1094 2738 prqflueatem
1128 2690 1299 2739 aquam
1333 2675 1489 2740 mitti]
1544 2677 1631 2727 lta
1703 2678 2002 2728 mandentia
2055 2677 2391 2731 ruminarent,
2449 2672 2561 2721 sive
2626 2671 2776 2735 quod

570 2749 821 2813 plerique,
842 2750 932 2800 sed
958 2752 1144 2800 Fabius
1177 2751 1375 2811 Pictor,
1412 2761 1469 2803 et
1489 2755 1630 2803 Ven-

568 2826 748 2877 nonius
770 2827 907 2889 apud
923 2827 1099 2877 Aurei.
1119 2828 1260 2879 vict.
1281 2830 1492 2881 aiebant
1519 2832 1631 2880 Nu·

571 2901 811 2950 mitorem
869 2917 963 2965 pro
1015 2903 1233 2966 geminis
1276 2905 1404 2954 alios
1453 2906 1630 2958 snbffi-

571 2975 728 3037 disse,
766 2977 984 3042 illosque
1036 2993 1152 3028 suos
1209 2994 1358 3030 veros
1411 2991 1628 3045 nepotes

569 3053 815 3105 Faustulo
850 3064 1112 3119 pastorum
1151 3056 1397 3122 magistro
1420 3057 1629 3109 dedisse

569 3129 891 3179 nutriendos.

633 3213 656 3240 e
690 3206 840 3257 Forte
860 3209 1059 3276 quadum
1080 3208 1335 3272 divinitus]
1380 3210 1627 3275 Speciosa

569 3281 785 3333 Gruteri
806 3284 1105 3348 conjectura
1121 3286 1346 3349 legentis
1367 3288 1502 3349 forte
1512 3306 1627 3354 quu-

567 3359 678 3407 dam
707 3373 771 3408 an
803 3360 1065 3410 divinitus?
1097 3362 1189 3411 sed
1223 3362 1297 3412 sic
1319 3371 1495 3429 potest
1519 3368 1628 3415 vul-

566 3435 706 3498 garis
747 3436 963 3499 scriptio
1006 3438 1242 3502 intelligi,
1284 3441 1431 3505 quasi
1472 3451 1627 3500 esset,

566 3512 725 3563 Forte
743 3514 967 3578 qrtadam
984 3514 1229 3565 divinitus
1244 3525 1562 3581 comparata.

636 3589 657 3624 f
692 3592 775 3641 Aa
807 3591 938 3652 justi
980 3607 1171 3641 cursum
1215 3598 1403 3656 poterut
1447 3595 1626 3659 mnis]

562 3668 757 3718 Cursus
796 3669 957 3718 amnis
1001 3676 1084 3720 est
1127 3670 1262 3718 iutra
1312 3672 1468 3734 ripas,
1507 3688 1625 3737 quae

565 3760 669 3795 non
692 3756 978 3810 mutamur,
1000 3749 1102 3798 etsi
1127 3746 1407 3813 aliquando
1429 3749 1623 3801 flumen

564 3823 648 3870 vel
673 3824 934 3887 imbribus,
956 3825 1040 3874 vel
1061 3838 1164 3889 qua
1196 3825 1302 3874 alia
1334 3826 1534 3876 ratione
1557 3826 1622 3876 ad

565 3906 769 3961 tempus
792 3901 1104 3952 excreverit.

629 3984 656 4018 8
688 3975 747 4024 In
767 3978 984 4039 proxima
1004 3979 1204 4043 alluvie]
1252 3978 1483 4030 Sumitur
1516 3984 1534 4008 ‘
1551 3979 1622 4028 al-

563 4051 765 4112 luvies,’
803 4055 1037 4116 prolium
1072 4071 1168 4120 per
1200 4057 1507 4109 alluvionem
1530 4057 1621 4106 ad-

563 4135 735 4190 vecto,
756 4127 1034 4194 differtque
1058 4130 1124 4181 sl!
1140 4135 1291 4184 eluvie
1313 4141 1368 4184 et
1388 4134 1620 4197 eluvione,

562 4222 678 4271 quae
724 4206 992 4256 inundatio
1035 4217 1135 4257 est.
1224 4210 1432 4260 Idcirco
1484 4211 1622 4261 Gro-

556 4283 743 4333 novius
763 4282 846 4333 hic
865 4284 1070 4333 eluviem
1086 4286 1296 4341 mavult,
1319 4300 1468 4348 quam
1498 4288 1617 4336 allu-

1706 2755 1852 2817 pueri
1896 2755 2145 2805 Romulus
2188 2761 2244 2803 et
2292 2752 2482 2801 Remus
2535 2761 2599 2796 eo
2654 2749 2777 2801 loeo

1704 2833 1838 2897 lupae
1858 2833 2061 2882 rumina
2076 2829 2329 2882 suxerint.
2384 2825 2606 2890 Antiqui
2628 2826 2773 2877 enim

1702 2923 2160 2959 mammamrunaeu
2183 2905 2453 2956 vocabant.
2520 2901 2774 2950 Romula·

1668 2996 1673 2997 ⁷
1704 3000 1812 3035 rem
1850 2999 1880 3033 a
1919 2985 2138 3034 Romulo
2176 2983 2370 3033 dictam
2402 2980 2517 3030 vult
2565 2978 2772 3029 Livius.

1704 3059 1859 3110 Hanc
1883 3061 2081 3110 Plinius
2103 3059 2194 3109 lib.
2218 3072 2311 3109 xv·
2346 3072 2394 3107 c.
2427 3060 2776 3107 leftestnmr

1701 3137 1870 3187 adbuc
1912 3153 2004 3187 sua
2049 3143 2208 3186 aetate
2249 3136 2301 3185 iu
2356 3134 2470 3185 foro
2532 3134 2772 3185 Romano

1701 3216 1946 3265 stetisse:
2002 3213 2215 3264 Tacitus
2259 3213 2312 3261 in
2352 3211 2457 3261 fine
2500 3211 2595 3265 lib.
2634 3222 2774 3260 xm.

1700 3290 1889 3340 Annal.
1920 3290 2143 3341 Neronis
2179 3287 2525 3353 Imperatoris
2558 3301 2698 3336 anno
2714 3292 2771 3337 6.

1699 3367 1751 3416 iu
1775 3366 2001 3433 Comitio
2023 3367 2236 3428 mortuis
2259 3363 2542 3418 ramalibus
2559 3368 2616 3413 et
2635 3377 2775 3412 ares·

1692 3451 1854 3495 cente
1900 3450 2083 3494 trunco
2140 3442 2481 3503 deminutam,
2542 3438 2770 3503 prodigii

1699 3523 1814 3572 loco
1859 3520 2041 3581 fuisse,
2082 3520 2248 3570 donec
2292 3518 2347 3567 in
2396 3531 2557 3567 novos
2602 3513 2768 3565 foetus

1699 3597 2059 3648 reviresceret.

1764 3673 1778 3708 ¹
1808 3676 1995 3739 Lupum
2014 3673 2276 3736 sitientem]
2301 3672 2485 3721 Totam
2520 3668 2659 3718 hanc
2691 3665 2767 3719 fa·

1699 3750 1871 3800 hulam
1916 3749 2218 3798 describunt
2266 3746 2536 3799 Halicarn.
2582 3744 2766 3795 Aurel-

1698 3825 1897 3888 Victor,
1939 3832 1995 3875 et
2033 3823 2189 3874 ovid.
2222 3823 2311 3873 lib.
2334 3835 2397 3871 u.
2436 3818 2582 3871 Fast.
2634 3817 2765 3881 Ejus

1697 3903 1862 3966 Lupae
1882 3907 2059 3951 statua
2082 3900 2133 3949 in
2153 3899 2371 3962 Templo
2396 3894 2601 3949 Romuli
2628 3896 2766 3945 vise·

1698 3979 1872 4030 batur.

1758 4054 1785 4088 ¹¹
1819 4052 2072 4116 Faustulo]
2107 4052 2304 4105 Auctor
2339 4057 2420 4103 est
2452 4049 2758 4112 Dionysius.

1690 4132 1828 4182 hunc
1862 4131 2185 4193 Faustulum,
2220 4127 2306 4177 ubi
2345 4126 2410 4179 de
2444 4125 2564 4177 nise
2604 4133 2758 4189 partu

1690 4208 1994 4271 inaudisset,
2037 4221 2152 4256 cum
2193 4203 2387 4257 Amulii
2441 4200 2674 4263 famulis,
2723 4215 2756 4251 a

1693 4285 1878 4350 quibus
1901 4281 2126 4334 infantes
2159 4281 2226 4333 ad
2259 4279 2471 4331 fluvium
2509 4279 2756 4342 deporta·
