3034 4925
1132 396 1578 448 Hls'romcAE.
2311 382 2448 452 147.

259 548 352 609 67.
378 546 535 608 Nero
560 547 616 607 in
648 547 901 609 Graecise
924 546 1159 629 oppidis
1189 547 1515 622 histrionis,
1534 541 1864 621 citharoedi,
1885 556 1946 608 et
1965 547 2188 629 aurigoe
2215 557 2433 630 partes,

257 653 314 706 et
340 646 548 705 Romae
577 646 875 706 scenicum
924 645 1280 725 triumphum
1325 644 1469 724 agit.
1553 644 1590 705 J
1599 642 1773 704 udaea
1801 663 1837 703 a
1859 645 2225 725 Vespasiano
2267 665 2430 725 proc.

258 743 516 815 subacta,
533 753 595 803 et
622 745 872 803 obsessa
891 742 1326 821 Hierosolyma.
1399 741 1474 802 C.
1503 740 1699 801 Julius
1731 739 1966 802 Vindex
1995 760 2192 822 propr.
2218 740 2435 804 Gauiae

253 836 557 917 Transalp.
598 858 690 898 res
736 858 923 899 novas
965 838 1239 906 molitum
1282 835 1390 898 sed
1427 838 1619 898 victus
1658 858 1695 897 a
1723 838 1796 898 T.
1828 838 2094 918 Virginio
2125 839 2282 898 Rufo
2310 840 2432 919 leg.

250 953 409 1015 proc.
443 936 780 997 Germaniae
809 956 1008 1015 super.
1045 936 1144 1015 qui
1172 936 1476 1015 imperium
1505 936 1580 996 ab
1608 933 1865 997 exercitu
1896 936 2159 997 oblatum
2187 937 2435 1016 respuit,

252 1042 429 1093 semet
453 1034 763 1095 interfecit.
836 1036 934 1095 68.
978 1035 1052 1095 C.
1077 1033 1258 1093 Silius
1290 1032 1555 1103 Italicus,
1581 1035 1780 1113 poeta,
1807 1034 2038 1095 consul.
2110 1035 2278 1096 Mors
2308 1035 2361 1093 N
2367 1055 2431 1095 e·

246 1131 418 1203 tonis,
445 1132 700 1216 defectio
725 1131 939 1192 Galbae
967 1131 1027 1191 in
1056 1130 1367 1210 Hispania.
1445 1193 1450 1198 ,

902 1298 999 1358 68.
1027 1298 1127 1358 69.
1177 1295 1307 1356 Ser.
1338 1294 1645 1375 Sulpicius
1671 1294 1888 1356 Galba.

320 1410 415 1469 68.
460 1410 845 1472 Defectiones
891 1410 1221 1493 legatorum
1264 1411 1331 1474 L.
1378 1409 1610 1471 Fonteii
1649 1410 1960 1490 Capitonis
2000 1409 2059 1468 in
2110 1407 2431 1469 Germania

246 1506 342 1568 inf.
370 1518 429 1567 et
458 1507 658 1567 Clodii
680 1509 871 1571 Macri
904 1511 962 1569 in
983 1509 1206 1573 Africa.
1304 1510 1404 1569 69.
1435 1508 1758 1589 Adoptatio
1788 1509 1857 1570 L.
1876 1506 2110 1569 Pisonis
2133 1506 2312 1587 Frugi
2335 1504 2424 1566 Li·

248 1601 479 1676 ciniani,
500 1617 565 1665 et
586 1625 741 1665 mors
760 1605 996 1668 Galboe.

961 1770 1062 1831 69.
1108 1770 1208 1832 M.
1242 1770 1473 1833 Salvius
1504 1769 1682 1831 Otho.

195 1892 210 1901 ‘
318 1882 415 1943 69.
465 1882 585 1941 Alii
638 1881 964 1961 legatorum
1001 1883 1078 1943 ad
1106 1881 1363 1944 Othonis
1402 1894 1602 1965 partes
1629 1892 1960 1954 transeunt,
1986 1883 2086 1945 alii
2115 1883 2192 1945 ad
2219 1884 2292 1946 A.
2321 1884 2423 1942 Vi-

243 1975 399 2050 tellii,
420 1978 522 2058 qui
547 1978 928 2039 Germaniam
957 1980 1128 2043 infer.
1161 1981 1501 2049 obtinebat;
1534 1981 1610 2041 ad
1641 1981 1775 2040 illas
1806 1980 2107 2059 Virginius
2137 1981 2195 2040 in
2217 1980 2420 2042 Germ.

240 2093 358 2155 sup.
377 2084 438 2135 et
456 2076 529 2136 C.
546 2075 865 2155 Vipsanius
882 2076 1261 2157 Apronianus
1283 2078 1341 2138 in
1364 2078 1563 2139 Africa
1583 2099 1599 2146 ;
1627 2078 1703 2137 ad
1727 2077 1834 2137 has
1858 2077 2230 2139 Hordeonius
2252 2079 2419 2140 Flac-

238 2191 353 2245 cus,
399 2174 650 2253 Virginii
700 2195 1025 2248 successor,
1055 2177 1166 2237 etsi
1206 2178 1444 2250 invitus,
1472 2176 1746 2236 Valerius
1778 2175 2073 2236 Asiaticus
2121 2175 2181 2235 in
2223 2176 2423 2237 Gallia

240 2268 399 2348 Belg.
430 2267 650 2331 Junius
680 2271 912 2333 Blaesus
934 2275 992 2334 in
1025 2275 1230 2336 Gallia
1259 2274 1452 2354 Lugd.
1481 2274 1680 2335 Julius
1710 2273 1946 2333 Cordus
1991 2273 2051 2334 in
2079 2274 2422 2354 Aquitania.

238 2364 391 2426 Mors
422 2368 707 2440 Othonis,
747 2370 825 2430 ad
875 2371 1224 2432 Bedriacum
1253 2371 1390 2432 victi
1421 2391 1458 2431 a
1486 2372 1559 2431 C.
1593 2371 1777 2432 Fabio
1810 2370 2059 2432 Valente
2086 2382 2149 2433 et
2174 2373 2248 2433 A.
2280 2373 2418 2436 Cae-

236 2466 360 2526 cina
384 2468 601 2548 legatis
623 2468 846 2530 Vitellii
874 2471 1156 2531 absentis.

1052 2622 1156 2683 69.
1196 2621 1282 2682 Α.
1318 2620 1608 2682 Vitellius.

306 2735 397 2796 69.
429 2735 838 2815 Vespasianus
856 2736 915 2796 in
936 2735 1155 2797 Judaea
1181 2736 1483 2816 imperium
1507 2735 1786 2816 capessit,
1817 2736 2154 2797 auctoribus
2182 2735 2414 2796 Tiberio

233 2828 563 2893 Alexandro
590 2834 829 2915 AEgypti
852 2844 1226 2915 procuratore
1249 2844 1312 2894 et
1337 2835 1427 2897 M.
1458 2833 1682 2894 Licinio
1703 2834 1924 2895 Crasso
1946 2833 2229 2894 Muciano
2247 2852 2410 2912 proc.

234 2929 425 3009 Syriae.
510 2933 809 3012 Capitolio
836 2933 1066 2994 incensi
1096 2932 1364 2993 Flaviani
1392 2942 1498 2994 aut
1538 2933 1675 3014 igne
1703 2943 1953 3015 pereunt
1980 2943 2084 2993 aut
2110 2932 2269 3012 capti
2306 2952 2411 2993 ne-

231 3040 461 3091 cantur:
509 3030 574 3090 in
600 3030 693 3091 his
722 3031 790 3091 T.
823 3031 1061 3092 Flavius
1092 3032 1348 3092 Sabinus
1378 3032 1549 3113 praef.
1579 3041 1744 3112 proet.
1771 3031 2066 3110 fraterque
2096 3031 2414 3111 Vespasia-

231 3123 305 3186 ni.
383 3127 681 3189 Postridie
705 3129 894 3190 Roma
920 3129 1150 3211 capitur
1177 3131 1251 3190 ab
1274 3130 1538 3190 Antonio
1556 3129 1773 3202 Primo,
1804 3140 1865 3190 et
1883 3127 2159 3189 Vitellius
2198 3128 2409 3189 misere

229 3222 580 3288 interficitur.

797 3381 1007 3442 69-79.
1057 3382 1127 3442 T.
1154 3380 1398 3441 Hosius
1420 3381 1829 3462 Vespasianus.

299 3494 395 3557 69.
437 3493 719 3556 Potentia
755 3514 827 3555 ac
868 3493 1170 3556 discordia
1202 3495 1469 3556 Muciani
1496 3508 1559 3557 et
1585 3496 1854 3558 Antonii.
1938 3495 2316 3558 Domitianus
2345 3504 2408 3554 et

229 3587 528 3653 Mucianus
559 3592 806 3652 absente
834 3592 1207 3672 Vespasiano
1238 3603 1512 3672 regnant.
1598 3591 1867 3654 Praetura
1884 3595 2031 3653 Sex.
2046 3592 2191 3654 Julii
2220 3592 2404 3650 Fron-

228 3685 325 3748 tini
369 3690 562 3770 (cujus
614 3690 733 3749 duo
777 3698 985 3750 extant
1022 3688 1179 3764 libri)
1222 3699 1286 3749 et
1327 3689 1572 3748 Aruleni
1609 3689 1863 3750 Rustici.
1947 3686 2013 3749 L.
2046 3687 2406 3767 Calpurnius

227 3780 355 3846 Piso
400 3807 562 3866 proc.
605 3785 821 3848 Africae
868 3806 903 3847 a
930 3787 1171 3848 Valerio
1220 3788 1401 3847 Festo
1438 3806 1790 3857 successore
1828 3786 2194 3848 interemtus.
2224 3783 2403 3843 Pom·

228 3881 377 3960 peius
408 3885 685 3945 Silvanus
715 3886 832 3964 leg.
863 3903 1025 3963 proc.
1056 3884 1397 3956 Dalmatioe,
1426 3885 1498 3945 Τ.
1533 3884 1779 3964 Ampius
1811 3882 2130 3943 Flavianus
2163 3882 2403 3942 Panno·

229 3980 350 4055 niae,
377 3983 466 4045 M.
499 3983 770 4063 Aponius
800 3981 1153 4043 Saturninus
1190 3991 1252 4042 et
1278 3983 1561 4043 Fonteius
1595 3983 1855 4062 Agrippa
1883 3979 2135 4051 Moesiae,
2165 3980 2399 4041 Vettius

227 4076 472 4141 Bolanus
519 4080 863 4141 Britanniae.
947 4082 1047 4141 70.
1109 4080 1525 4162 Hierosolyma
1574 4099 1611 4138 a
1653 4080 1786 4139 Tito
1830 4087 2013 4158 ‘capta
2056 4097 2128 4138 ac
2178 4078 2394 4138 diruta.

228 4175 526 4256 Imperium
565 4178 938 4257 Vespasiano
968 4197 1006 4237 a
1040 4188 1250 4239 senatu
1280 4178 1583 4237 decretum
1619 4175 1752 4255 lege
1798 4175 1979 4255 regia.
2062 4174 2256 4235 Julius
2287 4175 2397 4232 Sa-

226 4272 382 4336 binus
411 4276 598 4357 Lingo
620 4275 765 4336 Julii
799 4276 1055 4336 Caesaris
1083 4275 1238 4336 filius
1268 4283 1530 4354 putatur,
1561 4272 1968 4351 salutatur-que
1996 4273 2198 4332 Caesar
2224 4291 2240 4331 ε
2287 4268 2398 4331 sed
