3034 4925
1199 438 1711 490 MoNuMnNTA.
2469 428 2562 495 6⁵

341 593 645 655 transtuli
672 592 1013 656 Armeniam
1041 603 1304 675 gentem.
1385 595 1611 656 Postea
1640 593 1962 676 inquietam
2006 602 2245 677 gentem
2274 604 2337 657 et
2364 579 2578 661 rebelss

324 692 593 766 -lantem,
621 690 903 754 domitam
923 713 1028 775 per
1054 692 1270 755 Caium
1289 692 1477 754 filium
1497 705 1746 776 meum‚¹’
1786 695 1912 775 regi
1931 694 2320 757 Ariobarzani
2342 698 2562 778 guber-

341 791 608 853 nandam
633 799 693 852 et
712 792 1082 874 frenandam
1112 791 1353 867 tradidi,
1380 801 1443 853 et
1467 803 1608 874 poet
1636 796 1769 873 ejus
1798 801 2049 854 mortem
2078 793 2202 854 filio
2223 793 2352 874 ejus
2381 797 2559 858 Arta·

340 891 537 965 vasdi‚
558 891 814 973 quodam
822 896 973 973 jure
995 892 1429 965 Ariobarzane,
1448 890 1700 971 quierat
1725 910 1801 952 ex
1821 891 1986 973 regio
2009 911 2226 975 genere
2247 893 2560 956 Armenio-

341 1010 474 1049 rum
534 988 844 1063 oriundue,
883 991 945 1050 in
981 991 1045 1051 id
1084 1009 1330 1071 reg-mm
1380 988 1684 1051 deductos
1768 989 2117 1053 Provincias
2160 990 2373 1067 omnia,
2422 1012 2559 1072 quoe

323 1098 510 1147 *trans
550 1087 921 1149 Hadrianum
969 1107 1129 1150 mare
1167 1096 1443 1168 vergunt,
1471 1095 1532 1148 et
1557 1087 1862 1150 Ponticae
1899 1088 2283 1170 Asianaeque
2321 1089 2447 1170 jam
2484 1112 2560 1151 ex
2603 1092 2607 1096 ’

329 1196 512 1265 *parte
543 1204 763 1265 magna
782 1185 1022 1267 regibus
1044 1205 1147 1247 eas
1175 1186 1628 1268 possidentibus
1657 1189 1962 1250 concessi:
2046 1188 2312 1251 Siciliam
2332 1197 2392 1250 et
2420 1189 2559 1251 Sar-

340 1284 569 1345 diniam
601 1293 926 1365 occupatas
952 1285 1114 1346 bello
1142 1285 1373 1346 servili·
1413 1285 1757 1366 reciperavi.

426 1381 713 1442 Coloniae
767 1381 828 1442 in
874 1382 1098 1457 Africa,
1149 1381 1374 1455 Sicilia,
1416 1381 1798 1457 Macedonia,
1837 1391 2089 1465 utraque
2130 1384 2445 1466 Hispania,
2491 1387 2559 1447 ia

347 1480 556 1541 Gallia
588 1482 827 1543 Comata
887 1490 946 1543 et
1006 1480 1209 1542 Gallia
1257 1480 1658 1558 Narbonensi,
1698 1494 1915 1564 praeter
1958 1482 2242 1565 praesidia
2283 1484 2559 1559 militum,

342 1578 588 1639 deduxi.
676 1579 854 1669 Italia
890 1591 1081 1643 autem
1117 1581 1405 1657 colonias,
1438 1601 1578 1661 quae
1624 1580 1759 1642 vivo
1788 1602 1883 1643 me
1927 1581 2328 1644 celeberrimae
2354 1592 2417 1645 et
2443 1583 2559 1644 fre-

340 1678 753 1759 quentissimae
778 1679 1041 1755 fuerunt,
1072 1679 1368 1742 IIXXX.
1399 1678 1692 1741 deductas
1720 1679 1947 1742 habet.t

425 1777 618 1857 Signa
641 1777 911 1840 militaria
937 1778 1241 1858 complura
1261 1798 1373 1860 per
1392 1787 1630 1841 nostroe
1651 1777 1834 1841 daces
1856 1779 2079 1841 amissa
2099 1778 2353 1840 devietis
2377 1779 2560 1862 legio·

338 1876 520 1936 nibus
538 1889 564 1914 ¹¹
605 1879 799 1958 recepi
826 1897 903 1938 ex
932 1876 1228 1958 Hispania
1254 1887 1318 1938 et
1344 1878 1626 1959 gentibue
1648 1877 2035 1948 Delmateisff
2097 1877 2355 1940 Parthos
2381 1877 2559 1937 trium

339 1975 708 2035 exercituum
754 1975 1162 2037 Romanorum
1201 1977 1429 2058 spouar
1472 1990 1535 2037 et
1576 1978 1753 2058 signa
1789 1977 2101 2039 restituere
2136 1976 2300 2049 mihi,
2331 1976 2560 2055 suppli·

339 2092 564 2152 cesque
610 2073 928 2135 amicitiam
969 2075 1174 2157 populi
1219 2075 1476 2136 Romani
1519 2085 1722 2157 petere
1763 2076 1955 2156 coegi.
2043 2075 2133 2137 Ea
2160 2086 2356 2137 autem
2387 2075 2560 2156 signa

336 2171 399 2230 in
431 2172 743 2253 penetrali,
773 2173 936 2253 quod
964 2184 1057 2234 est
1084 2175 1145 2234 in
1169 2174 1392 2257 templo
1423 2174 1637 2236 Martie
1670 2174 1939 2250 Ultoris,⁸
1979 2163 2239 2256 reposui.

426 2270 871 2360 Pannoniorum
903 2281 1139 2353 gentes,
1167 2293 1319 2353 quas
1349 2282 1489 2334 ante
1540 2293 1636 2333 me
1677 2273 2012 2354 Principem
2054 2272 2263 2355 populi
2299 2271 2560 2332 Romani

335 2370 637 2430 exercitus
668 2390 975 2451 nunqnam
1003 2371 1160 2445 adIt,
1202 2362 1470 2432 devictas
1511 2391 1619 2454 per
1644 2372 1732 2432 Ti.
1766 2372 2094 2445 (linearem,
2123 2372 2224 2452 qui
2243 2365 2378 2431 'tum
2403 2388 2558 2450 prae-

333 2476 471 2529 erat
500 2471 872 2543 exercitibus,
901 2470 1147 2552 imperio
1172 2471 1378 2552 populi
1415 2472 1673 2532 Romani
1698 2471 1925 2552 subjeci
1949 2491 1966 2541 ς
1988 2485 2013 2512 ·
2039 2471 2382 2552 protulique
2408 2470 2559 2530 fines

332 2570 580 2653 imperii
607 2571 691 2633 ad
718 2571 873 2632 Ietri
898 2570 1155 2631 fluminis
1184 2573 1429 2651 ripam.¹’
1539 2602 1565 2615 -
1679 2604 1706 2616 -
1816 2568 1979 2649 quod
2010 2587 2048 2629 a
2118 2603 2147 2617 -
2215 2589 2256 2628 u
2380 2603 2407 2617 -
2529 2601 2560 2617 -

402 2763 431 2797 Ρ
466 2754 534 2806 Α.
555 2756 624 2807 U.
647 2761 762 2808 766.
828 2758 933 2808 Res
956 2754 1069 2808 fuse
1090 2757 1409 2809 narraturin
1487 2756 1723 2821 supplices
1777 2755 2092 2807 exhibent-ur
2139 2751 2361 2812 „Par-tbi,
2424 2766 2561 2818 genn
2595 2770 2600 2773 ·

332 2834 528 2886 Cenot.
552 2834 666 2884 Pis.
1486 2831 1628 2885 flexo
1650 2831 1932 2884 offerentes
1954 2829 2128 2897 signa)
2154 2831 2254 2882 Dio
2276 2835 2459 2881 nme.

403 2918 429 2954 ‘¹
467 2910 550 2963 ef.
573 2918 813 2969 auctores
835 2913 979 2964 laud.
1018 2920 1076 2964 et
1101 2913 1232 2964 Tae.
1268 2910 1405 2965 Aun.

330 3002 406 3039 u.
427 2993 478 3038 3.
503 2994 552 3039 4.

370 3102 375 3107 -
401 3075 423 3102 ¹
447 3067 531 3117 ef.
553 3067 693 3118 Suet.
715 3083 764 3121 c.
780 3072 863 3120 48.
885 3073 940 3119 et
962 3068 1029 3118 de
1052 3069 1266 3132 cingulis
1291 3082 1405 3134 reg-

330 3145 417 3196 nis
456 3147 523 3196 ab
556 3146 794 3212 Augusto
831 3147 1054 3197 redditis
1087 3148 1257 3213 intpp.
1295 3148 1406 3212 ejus

331 3220 437 3274 loci
462 3230 518 3274 et
543 3225 595 3274 in
616 3225 791 3289 primis
808 3226 985 3279 Notis.
1004 3226 1070 3276 ad
1089 3228 1274 3277 Cenot.
1294 3227 1404 3277 Pis.

333 3318 388 3366 p.
412 3306 528 3352 224.
554 3317 629 3367 sq.

401 3386 421 3413 ⁸
456 3378 540 3431 Cf.
565 3386 672 3430 not.
694 3379 748 3429 d.
781 3395 834 3445 p.
855 3385 939 3432 63.

398 3458 418 3490 ⁶
452 3457 540 3508 Cf.
563 3458 710 3507 Suet.
735 3473 784 3507 c.
806 3461 890 3510 46.
912 3458 1093 3522 ibique
1117 3458 1247 3508 Ern.

401 3545 424 3570 ¹¹
448 3538 534 3587 Sc.
561 3537 825 3586 Romanis.
871 3536 970 3586 Sed
996 3534 1177 3586 forsan
1200 3535 1304 3599 leg.
1325 3537 1405 3584 de-

298 3626 305 3631 ·
328 3614 478 3664 vietis
511 3613 578 3663 iis
609 3613 874 3678 provinciis
895 3613 978 3663 vel
1001 3614 1213 3662 hostibus
1234 3613 1407 3676 recepi,

328 3690 474 3741 forte
498 3697 554 3741 et
574 3707 638 3740 ex
659 3690 902 3755 Hispania
922 3697 970 3740 et
993 3690 1188 3740 Galatis
1206 3696 1254 3740 et
1285 3690 1408 3740 Dal-

330 3770 499 3820 matis.
556 3767 641 3818 cf.
663 3778 774 3820 not.
798 3769 847 3818 b.
868 3767 1024 3818 infra.

242 3884 253 3893 .
298 3860 303 3865 ²
398 3857 427 3883 ¹
462 3847 549 3900 Cf.
570 3848 761 3899 Vellei.
786 3861 848 3897 ιι.
867 3851 950 3898 90.
1003 3846 1111 3896 Dio
1146 3849 1407 3898 xux.43.

332 3926 569 3991 Appian.
593 3925 745 3989 Illyr.
769 3928 852 3974 28.

399 4012 422 4046 5
447 4004 534 4053 Sc.
555 4003 633 4052 Μ.
655 4002 849 4059 Crassi,
871 4001 1092 4052 Statiani
1116 4002 1278 4065 legati
1296 3999 1404 4050 An-

333 4080 537 4132 toniani
570 4088 628 4130 et
663 4079 821 4144 ipsius
841 4077 1078 4129 Antonii.
1132 4076 1217 4128 Cf.
1239 4077 1307 4128 de
1328 4078 1406 4127 his

332 4159 496 4224 signis
518 4165 578 4209 et
613 4157 781 4222 captis
814 4163 870 4207 et
902 4171 949 4205 a.
987 4159 1104 4206 732.
1142 4155 1406 4206 restitutis

330 4237 484 4286 Suet.
519 4239 603 4284 21.
653 4233 846 4284 Vellei.
881 4248 946 4285 ιι.
977 4237 1058 4283 82.
1081 4236 1167 4282 91.
1211 4233 1406 4290 Justin.

333 4329 473 4366 nn.
489 4313 889 4365 5.Strab.vr.4.
913 4319 963 4363 2.
990 4329 1040 4378 p.
1063 4317 1179 4364 288.
1203 4314 1406 4365 Eckhel

334 4394 512 4445 doctr.
539 4391 829 4442 NN.T.v1.
850 4406 899 4457 p.
915 4394 997 4441 94.
1019 4406 1097 4458 eq.
1115 4390 1227 4458 (ubi
1243 4391 1402 4443 etiam

470 4475 651 4539 Delph.
673 4480 719 4525 et
746 4474 860 4527 Var.
882 4476 1012 4527 Clas.

1553 2919 1575 2944 ¹
1606 2911 1730 2961 Scil.
1753 2924 1837 2976 eo,
1859 2908 1999 2975 qnod
2022 2909 2074 2959 iu
2100 2907 2366 2972 Capitolio
2389 2913 2558 2958 struc-

1489 2996 1600 3040 tum
1621 2997 1705 3040 eet
1727 3004 1774 3040 a.
1794 2992 1912 3039 ⁶1³2.
1933 3001 2037 3054 quo
2058 2987 2207 3050 signa
2229 2986 2315 3036 illa
2334 2992 2457 3036 eunt
2480 2999 2562 3036 re-

1487 3075 1679 3133 cepta:
1709 3081 1831 3117 nam
1854 3066 1993 3116 alind
2018 3065 2207 3115 Martie
2232 3066 2481 3130 templum
2506 3064 2560 3115 in

1486 3144 1602 3196 foro
1626 3144 1867 3210 Augusto
1890 3143 2157 3196 conditum
2181 3150 2236 3194 et
2260 3158 2307 3193 a.
2327 3146 2442 3194 75⁰.
2467 3140 2557 3191 de·

1487 3223 1719 3274 dicatum
1742 3229 1841 3274 eet.
1895 3223 1980 3273 cf.
2005 3228 2115 3273 not.
2137 3236 2189 3272 o.
2214 3236 2265 3285 p.
2284 3224 2369 3271 62.

1552 3309 1577 3337 ⁸
1609 3300 1693 3353 Cf.
1724 3302 1789 3352 ad
1832 3300 1945 3352 Liv.
1980 3300 2125 3366 Epit.
2150 3303 2266 3349 139.
2288 3305 2344 3349 et
2368 3297 2560 3349 Vellei.

1487 3391 1551 3429 ιι.
1571 3382 1657 3428 96.
1715 3376 1799 3427 Ad
1825 3377 2065 3429 victoriae
2095 3375 2292 3427 Tiberii
2316 3382 2561 3440 spectant

1489 3469 1642 3505 arcus
1661 3455 1987 3520 triumphalia
2010 3452 2366 3504 can-nuntians
2384 3452 2436 3503 ln
2456 3454 2561 3504 Po-

1489 3532 1664 3583 cockii
1688 3533 1881 3582 Descr.
1906 3529 1969 3581 of
1985 3530 2073 3581 the
2096 3531 2243 3581 Ean.
2274 3529 2332 3578 Τ.
2354 3541 2416 3578 ιι.
2441 3542 2559 3595 pag.

1491 3614 1608 3661 100.
1640 3618 1697 3661 et
1733 3610 1954 3661 Kollarii
1994 3607 2149 3658 Anal.
2181 3603 2408 3655 Vindob.
2438 3605 2499 3653 Τ.
2523 3618 2563 3656 ι.

1493 3705 1546 3754 p.
1562 3694 1710 3740 1019.
1733 3687 2023 3752 nobilisque
2046 3683 2278 3734 Achates
2297 3682 2348 3731 in
2372 3682 2561 3733 Museo

1488 3768 1713 3818 Vindob.
1735 3781 1886 3832 quem
1910 3764 2189 3827 vulgarunt
2223 3758 2467 3812 Maffeius
2505 3762 2561 3812 in
2645 3754 2650 3763 '

1487 3842 1735 3910 Append.
1758 3841 1824 3892 ad
1852 3842 2092 3892 Mueeum
2113 3840 2417 3888 Veronense
2442 3853 2561 3904 pag.

1486 3926 1604 3974 246.
1643 3922 1693 3971 le
1728 3920 1865 3984 Roy,
1905 3917 2105 3968 Kollar.
2142 3924 2197 3967 et
2235 3914 2561 3968 lambecius.

1486 4000 1595 4048 Pro
1629 4002 1839 4063 praerat
1874 3994 2167 4045 exercitibus
2202 3994 2367 4044 Gron.
2407 3993 2561 4045 dedit

1485 4081 1588 4126 erat
1610 4074 1862 4140 privignus
1881 4088 2026 4122 meae.
2074 4069 2161 4122 Cf.
2184 4076 2293 4122 not.
2315 4085 2428 4135 seq.

1549 4154 1575 4190 b
1610 4155 1752 4204 Ister
1774 4160 1829 4202 et
1854 4150 2144 4217 Euphraten
2176 4148 2382 4213 imperii
2408 4149 2558 4197 Rom.

1486 4233 1683 4284 limites
1706 4231 1863 4298 positi
1887 4246 1918 4280 a
1943 4236 2132 4279 natura
2152 4235 2209 4277 et
2229 4226 2295 4276 ab
2320 4223 2560 4289 Augusto

1490 4312 1692 4363 statuti.
1725 4308 1809 4361 Cf.
1822 4310 1947 4358 Tac.
1970 4306 2109 4357 Ann.
2131 4319 2169 4354 1.
2191 4307 2273 4352 11.
2298 4307 2355 4352 et
2379 4301 2559 4367 Agric.

1490 4394 1569 4440 13.
1604 4388 1776 4441 Strab.
1795 4389 2101 4447 vnextrtet
2117 4393 2266 4431 xvn.
2284 4384 2421 4431 extr.
2459 4379 2558 4430 Dio

1372 4471 1559 4523 Livius.
2314 4462 2361 4511 E
