3034 4925
563 359 695 425 40⁰
1496 370 1584 417 τ..
1611 367 1800 418 mvn

567 528 831 611 gillum²
889 527 961 591 in
1010 544 1167 609 agro
1196 522 1603 589 Tusculano
1658 521 1902 606 agmini
1953 520 2249 587 hostium
2285 520 2740 584 occurrerunt.

568 632 681 709 Et,
713 631 871 716 quia
909 629 1306 712 Tarquinios
1354 647 1506 693 esse
1553 628 1623 691 in
1668 624 1989 690 exercitu.
2017 623 2406 689 Latinorum
2452 620 2742 686 auditum

567 741 694 811 est,
741 730 1052 798 sustineri
1101 731 1198 794 ira
1248 749 1378 794 non
1427 730 1668 814 potuit,
1715 728 1875 812 quin
1921 726 2260 810 extemplo
2293 723 2744 807 confligerent.

569 837 749 919 Ergo
776 830 978 899 etiam
1009 832 1314 918 praelium
1345 834 1715 917 aliquanto,
1744 850 1944 915 quam
1969 838 2211 907 cetera,
2241 828 2517 913 gravius
2550 833 2743 910 atque

571 939 859 1005 atrocius
887 937 1032 1001 fuit.
1105 937 1266 1002 Non
1296 936 1473 1001 enim
1490 936 1706 1006 ‚duces
1739 934 1826 1000 ad
1854 932 2204 1017 regendam
2232 930 2435 997 modo
2464 929 2745 995 consilio

571 1060 705 1105 rem
730 1099 733 1102 .
760 1039 1032 1119 affuere,
1086 1041 1231 1118 sed,
1280 1040 1557 1106 suismet
1601 1038 1773 1123 ipsis
1794 1034 1847 1077 ¹⁶
1890 1036 2276 1121 corporibus
2327 1033 2744 1107 dimicanteS‚

571 1143 895 1208 miscuere
924 1144 1337 1211 certamina!
1422 1142 1572 1209 Nec
1601 1129 1965 1227 quisquam
2000 1157 2344 1223 procerum
2376 1136 2590 1201 ferme
2631 1134 2747 1198 hac

574 1253 693 1311 aut
721 1246 840 1310 illa
859 1254 912 1296 ¹⁷
958 1267 1045 1313 ex
1073 1248 1222 1313 acie
1255 1248 1401 1311 sine
1432 1246 1726 1319 vulnere,
1777 1250 2017 1329 praeter
2061 1242 2451 1308 dictatorem
2508 1238 2751 1304 Roma-

572 1368 750 1427 num,
781 1351 1095 1432 excessit.
1182 1349 1273 1414 In,
1294 1350 1743 1425 Postumium,
1773 1348 1992 1431 prima
2041 1346 2110 1410 in
2150 1345 2296 1410 acie
2325 1361 2494 1408 snos
2524 1340 2751 1407 adhor-

572 1454 820 1514 tantem
852 1452 1443 1536 instruentemque,
1475 1450 1879 1541 Tarquinius
1903 1448 2321 1532 .Superbu5‚⁸
2372 1463 2749 1531 quanquam

566 1552 710 1636 jam
742 1559 940 1617 aetate
968 1559 1039 1617 et
1065 1552 1316 1617 viribus
1345 1561 1485 1619 erat
1511 1553 1794 1637 gravior,
1824 1572 2060 1636 equum
2092 1550 2373 1615 infestus
2405 1547 2676 1613 admisit
2698 1557 2752 1612 :⁹

574 1653 885 1737 ictusque
913 1654 998 1718 ab
1029 1653 1250 1733 latere,
1294 1674 1621 1720 concursu
1654 1673 1925 1719 suorum
1956 1659 2263 1737 receptus
2291 1652 2362 1717 in
2391 1656 2614 1717 tutum
2642 1653 2750 1714 est.

576 1752 666 1819 Et
692 1753 778 1817 ad
806 1755 1076 1820 alterum
1110 1776 1315 1822 cornu
1337 1755 1363 1794 δ
1405 1756 1732 1821 AEbutius
1780 1756 2096 1839 magister
2125 1754 2427 1839 equitum
2453 1753 2525 1817 in
2558 1751 2753 1816 Octa,-

575 1857 756 1920 vium
787 1855 1165 1923 Mamilium
1212 1858 1531 1943 impetum
1579 1857 1871 1928 dederat.
1962 1857 2114 1924 Nec
2162 1855 2405 1922 fefellit
2446 1854 2752 1919 veniens¹

563 1956 1025 2024 Tusculanum
1055 1960 1340 2026 ducem:
1383 1966 1613 2025 contra
1659 1980 1860 2045 quem
1912 1966 1982 2024 et
2031 1960 2144 2024 ille
2172 1959 2467 2024 concitat
2497 1976 2752 2042 equum.

576 2059 935 2145 Tantaque
967 2063 1068 2128 vis
1097 2063 1355 2129 infestis
1377 2063 1777 2130 venientium
1802 2060 1851 2101 ¹⁸
1887 2062 2095 2128 hastis
2125 2061 2273 2139 fuit,
2297 2051 2380 2126 ‘ut
2414 2059 2750 2126 brachium

637 2251 664 2276 ³
695 2244 799 2306 Ipsi
816 2260 1020 2308 pugnam
1041 2246 1166 2296 inter
1184 2262 1235 2295 se
1255 2246 1600 2298 commiserunt.

1845 2256 1872 2290 ν
1905 2248 2094 2311 Equum
2113 2247 2369 2298 concitavit
2393 2246 2558 2298 hostili
2573 2242 2736 2295 animo.

604 2311 611 2318 '
640 2317 666 2344 ²
698 2310 764 2359 Et
783 2311 1034 2361 adveniens
1055 2326 1148 2361 uon
1168 2312 1327 2361 latuit.

1486 2455 1848 2478 OOO‘OOOOOOOO

578 2579 708 2625 —16
739 2577 756 2603 ⁴
775 2575 979 2626 Suismet
998 2577 1093 2639 ipsi
1127 2575 1383 2628 emend..J
1394 2611 1409 2627 .
1427 2578 1488 2631 F.
1509 2577 1739 2628 Gronov,
1761 2591 1827 2626 ex
1850 2590 1991 2626 more
2015 2576 2165 2627 Livio
2186 2574 2299 2626 fere
2332 2575 2630 2640 perpetuo.'
2653 2574 2750 2623 Ru·

575 2646 696 2704 pert.
736 2641 859 2690 vid.
901 2642 1029 2693 Not.
1057 2642 1309 2709 Van—1⁷
1345 2643 1466 2709 Illuc
1504 2643 1735 2695 Gronov.
1777 2643 2143 2694 Crevier.-18
2173 2642 2314 2692 ‘Pro
2351 2641 2441 2693 illo
2477 2640 2749 2691 venientis-n

1562 2774 1775 2827 NOTAE

560 2908 565 2915 ·
642 2897 663 2922 ²
692 2886 774 2937 Aa
793 2888 943 2938 lucum
963 2889 1228 2953 Regillum]
1260 2890 1325 2940 In
1361 2905 1483 2955 agro
1503 2891 1627 2940 Tus·

581 2965 783 3028 culsne,
815 2964 948 3014 haud
990 2968 1167 3029 procul
1195 2967 1260 3017 ab
1285 2967 1626 3031 Urbe,‹t‡nisse

578 3041 749 3089 laeum
781 3040 914 3090 hune
939 3041 1182 3103 Regillum
1201 3043 1314 3107 ipse
1331 3044 1508 3105 Livius
1531 3044 1626 3094 hoc

578 3117 696 3165 loco
717 3114 889 3167 docet.
954 3118 1033 3166 Eo
1061 3118 1113 3166 in
1137 3125 1307 3169 tractu
1346 3134 1444 3169 non
1471 3120 1624 3170 alium

579 3206 694 3242 esse
713 3192 876 3241 laeum
910 3199 1136 3244 testatur
1158 3195 1448 3255 Cluverius,
1473 3211 1627 3261 quam

579 3269 666 3334 qui
694 3268 841 3318 Italis
864 3269 1070 3333 dicitur,
1086 3271 1220 3334 Lago
1241 3273 1293 3323 di
1316 3273 1626 3336 castiglione.

576 3346 681 3396 Sed
727 3347 888 3397 Lacus
930 3348 1138 3399 Sanetae
1172 3349 1424 3401 Praxedis
1469 3348 1547 3416 (di
1569 3351 1627 3403 S.

555 3421 838 3489 Ῥωμαῖε)
870 3423 1004 3474 idem
1030 3432 1110 3476 est
1129 3440 1244 3476 cum
1268 3427 1384 3477 lacu
1419 3426 1626 3479 Castili·

576 3501 706 3558 onis,
733 3505 812 3552 14.
835 3501 1032 3551 milliari
1055 3501 1121 3552 ab
1144 3503 1305 3568 Urbe,
1330 3519 1394 3553 ex
1416 3504 1626 3554 Holste-

576 3580 682 3644 nio,
721 3570 1082 3644 qui'Gabinum
1105 3589 1334 3632 veterem
1357 3583 1525 3632 lacum
1548 3582 1625 3633 sic

554 3657 728 3707 ·hodie
761 3658 933 3707 vocari
973 3665 1180 3718 censet3
1218 3657 1458 3720 Regillum
1500 3672 1625 3708 vero

577 3749 690 3784 esse
722 3751 933 3799 parvum
968 3736 1124 3787 alium
1156 3737 1344 3799 laeum,
1367 3751 1465 3786 nee
1499 3737 1629 3786 mul·

577 3806 688 3862 tum
708 3812 826 3863 inde
848 3813 1100 3877 dissitum,
1128 3813 1224 3863 sub
1261 3813 1512 3864 Columna
1534 3828 1625 3879 op·

577 3888 716 3950 pido,
759 3902 790 3937 a
830 3905 929 3954 quo
961 3890 1172 3941 illustris
1212 3890 1628 3941 Columnensium

576 3977 701 4027 gens
724 3978 903 4014 nomen
926 3968 1100 4017 traxit.
1154 3966 1235 4016 Ab
1256 3968 1350 4018 hac
1373 3965 1437 4017 ad
1459 3968 1625 4017 lacum

578 4041 833 4105 Regillum
856 4043 1070 4094 victoria
1092 4045 1346 4095 Postumii
1369 4045 1627 4109 Regillen-

551 4140 557 4149 ·
577 4132 660 4167 ses
683 4118 1054 4180 cognominati:
1088 4120 1154 4171 ab
1177 4122 1304 4172 urbe
1324 4123 1626 4174 Sabinorum

580 4195 783 4245 Claudii
808 4194 933 4243 dicti
963 4196 1226 4260 Regillani.
1248 4222 1253 4227 -

645 4279 669 4306 ⁸
717 4271 998 4335 Tarquinius
1049 4270 1310 4337 Superbus]
1379 4277 1623 4329 variasse

1705 2889 1804 2940 hac
1828 2889 1879 2941 iu
1904 2903 1960 2939 re
1982 2885 2251 2939 historicos
2275 2893 2515 2952 apparet.
2561 2886 2749 2950 Diony·

1707 2967 1810 3017 sius
1833 2975 1977 3017 certe
1996 2967 2114 3017 huic
2129 2981 2316 3030 pugnae
2331 2963 2625 3015 interfuisse
2637 2965 2749 3013 Tar·

1704 3044 1934 3110 quinium
1979 3051 2180 3109 patrem
2223 3049 2394 3105 negat,
2424 3048 2611 3106 utpote
2649 3041 2746 3103 jam

1703 3104 2123 3186 nonagenarium.
2208 3119 2384 3168 Titum
2438 3117 2599 3167 filium
2642 3129 2745 3167 eum

1708 3199 1965 3249 dictatore
2008 3211 2340 3261 congressum
2398 3195 2491 3256 ait,
2544 3194 2746 3244 Sextum

1707 3277 1863 3326 etiam
1886 3277 1983 3326 hoc
2012 3274 2192 3339 praelio
2230 3270 2587 3332 interfectum,
2610 3284 2744 3336 quem

1707 3354 1889 3405 Gabiis
1911 3354 2137 3404 occisum
2162 3352 2361 3403 Noster
2388 3351 2487 3400 sub
2521 3348 2673 3400 finem
2694 3347 2745 3396 li·

1704 3430 1785 3480 bri
1811 3445 1849 3481 r.
1871 3431 2118 3494 scriptum
2142 3430 2372 3493 reliquit.

1770 3509 2050 3574 Tarquinius
2066 3505 2328 3573 Superbus]
2348 3506 2437 3556 Sic
2462 3506 2615 3556 etiem
2637 3518 2747 3555 een·

1706 3595 1914 3637 suerunt
1934 3587 2165 3637 Licinius
2189 3593 2246 3635 et
2273 3583 2495 3638 Gellius,
2518 3590 2575 3633 ut
2605 3582 2747 3632 docet

1705 3662 1984 3728 Dionysius
2027 3662 2117 3711 lib.
2135 3674 2212 3710 vr.
2246 3674 2289 3710 c.
2309 3663 2358 3710 2.
2398 3659 2484 3722 qui
2518 3673 2605 3709 eos
2638 3670 2743 3708 con·

1701 3739 1858 3804 futat,
1881 3739 2019 3806 quod
2041 3738 2354 3803 Tarquinius
2376 3735 2638 3800 Superbus
2667 3747 2745 3784 uo·

1705 3819 1982 3881 nagenario
2008 3825 2132 3867 tunc
2157 3815 2420 3879 proximus
2445 3822 2599 3864 esset.
2649 3813 2744 3863 Its·

1704 3907 1804 3958 que
1836 3893 1886 3943 ei
1906 3893 2081 3943 Titum
2106 3900 2160 3941 et
2183 3892 2302 3942 Sex.
2318 3890 2619 3956 Tarquinios
2638 3888 2743 3939 sub-

1707 3970 1900 4032 stituit,
1937 3978 1993 4020 et
2031 3970 2168 4019 hunc
2199 3969 2250 4017 in
2285 3968 2469 4032 praelio
2512 3967 2743 4018 cecidisse

1706 4056 1901 4107 narrat,
1938 4062 2054 4098 cum
2080 4046 2253 4097 Livius
2285 4044 2375 4094 diu
2397 4053 2552 4096 antea
2575 4042 2741 4095 Gabiis

1706 4126 2071 4178 obtruncatum
2092 4125 2233 4176 velit.
2264 4126 2321 4174 .1.
2349 4125 2576 4174 Clericus.

1768 4203 1793 4238 Ι)
1826 4203 1907 4253 Aa
1926 4206 2125 4253 «uerum
2140 4200 2308 4265 cornu]
2343 4202 2500 4253 Nunc
2521 4199 2738 4261 dicimus,

1703 4278 1751 4330 A
1774 4278 1904 4331 l'uile
1922 4276 2119 4343 gauche-
