3034 4925
1028 392 1172 440 mn.
1223 394 1272 440 1.
1320 393 1482 442 cu».
1529 377 1638 442 40.
2295 380 2424 447 289

215 534 530 600 Romani
587 535 900 614 nominis,
949 542 1088 601 tum
1134 538 1478 622 praecipue
1523 536 1593 603 id
1646 536 1887 604 domus
1942 559 2083 606 suae
2133 537 2425 606 dedecus

213 638 392 711 sore,
440 640 524 716 si,
554 639 735 704 Anci
778 640 956 722 regis
993 640 1168 706 virili
1216 643 1424 726 stirpe
1468 641 1676 720 salva,
1704 662 1835 707 uon
1876 643 2075 708 modo
2123 645 2422 723 advenis,

219 741 350 808 sed
384 745 595 809 servis
625 744 851 823 etiam,
872 762 1143 827 regnum
1167 744 1411 810 Romae
1440 742 1722 829 pateret.
1811 744 2013 811 Ferro
2043 747 2239 830 igitur
2271 768 2421 813 eam

218 863 454 913 arcere
512 847 975 913 contumeliam
1035 852 1361 913 statuunt.
1469 847 1605 912 Sed
1660 853 1728 913 et
1785 847 2044 933 injurioe
2101 849 2294 916 dolor
2353 852 2420 916 in

217 949 666 1035 Tarquinium
691 952 912 1034 ipsum
942 951 1181 1033 magiS‚
1213 970 1413 1035 quam
1466 949 1536 1015 in
1583 950 1909 1027 Servium,
1953 971 2071 1017 eos
2121 953 2419 1019 stimula·

217 1054 387 1119 bat:
436 1062 503 1119 et
531 1055 692 1138 quia
710 1063 766 1102 ¹⁴
800 1055 1065 1137 gravior
1089 1055 1267 1120 ultor
1295 1053 1529 1134 caedis,
1561 1055 1621 1118 si
1650 1061 2057 1138 superesset,
2085 1076 2210 1122 rex
2241 1061 2418 1124 futu·

218 1176 344 1221 rus
375 1165 541 1233 erat,
566 1176 770 1242 quam
802 1157 1100 1241 privatus
1120 1158 1175 1220 :¹
1201 1170 1370 1237 tum,
1389 1156 1626 1223 Servio
1651 1157 1908 1235 occiso,
1929 1178 2418 1244 quemcumque

221 1261 433 1326 alium
463 1280 777 1344 generum
805 1261 1189 1344 delegisset,
1209 1262 1487 1328 eundem
1514 1262 1702 1345 regni
1731 1259 2098 1327 haeredemf
2122 1263 2419 1330 facturus

219 1364 605 1431 videbatur.
684 1364 793 1429 Ob
821 1364 967 1430 haec
995 1364 1131 1451 ipsi
1162 1367 1296 1450 regi
1325 1365 1590 1431 insidiae
1619 1371 1958 1450 parantur.
2045 1366 2156 1431 Ex
2189 1374 2420 1451 pasto-

216 1468 412 1532 ribus
442 1468 577 1533 duo
601 1476 629 1514 ⁸
670 1468 1070 1536 ferocissimi
1102 1469 1345 1536 delecti
1391 1470 1480 1535 ad
1524 1469 1811 1547 facinus,
1839 1470 2085 1553 quibus
2115 1473 2416 1537 consueti

217 1579 418 1637 erant
469 1579 743 1658 uterque
800 1574 1169 1658 agrestibus
1218 1573 1658 1652 ferramentis,
1711 1574 1779 1638 in
1811 1572 2145 1638 vestibulo
2193 1574 2415 1657 regiae,

215 1694 429 1761 quam
459 1683 732 1761 potuere
764 1677 1443 1755 tumultuosissime,¹⁵
1489 1677 1718 1763 specie
1745 1676 1914 1742 rixae
1958 1675 2025 1740 in
2069 1696 2143 1741 se
2183 1695 2415 1742 omnes

215 1779 644 1864 apparitores
701 1770 917 1862 regios
975 1786 1413 1861 convertunt3
1472 1779 1650 1855 inde,
1710 1800 1863 1846 cum
1920 1781 2123 1846 ambo
2182 1800 2410 1864 regem

215 1882 706 1966 appellarent,··
749 1885 1132 1968 clamorque
1178 1903 1405 1949 eorum
1452 1884 1717 1968 penitus
1765 1884 1834 1948 in
1878 1883 2130 1966 regiam
2180 1904 2413 1968 pervee

207 1987 451 2063 nisset,
475 1989 698 2053 vocati
728 1988 814 2053 ad
844 2008 1068 2071 regem
1095 1996 1400 2072 pergunt.
1475 1987 1708 2053 Primo
1737 1994 2016 2072 uterque
2039 1987 2416 2065 vociferari,

212 2096 289 2156 et
324 2091 622 2155 certatim
674 2091 842 2157 alter
890 2093 1082 2158 alteri
1133 2094 1543 2179 obstrepere,
1590 2090 1867 2159 coerciti
1918 2091 2006 2158 ab
2054 2091 2314 2172 lictore,
2344 2101 2413 2161 et

194 2193 387 2278 jussi
447 2194 733 2260 invicem
785 2196 1027 2276 dicere,
1086 2197 1353 2269 tandem
1413 2195 1694 2280 obloqui
1747 2195 2104 2261 desistunt.
2222 2193 2412 2258 Unus

206 2317 353 2362 rem
395 2310 485 2362 e‘x
516 2299 896 2382 composito
925 2300 1200 2365 orditur.
1287 2297 1461 2365 Cum
1481 2296 1534 2339 ¹⁶
1577 2284 1872 2365 intentus
1902 2296 1969 2361 in
2002 2315 2152 2360 eum
2187 2315 2260 2360 se
2287 2314 2408 2361 rex

205 2407 400 2468 totus
430 2407 772 2480 averteret,
805 2402 976 2469 alter
1001 2404 1243 2470 elatam
1290 2403 1581 2471 securim
1626 2404 1694 2468 in
1739 2407 1952 2485 caput
1979 2398 2261 2484 dejecit:
2306 2418 2408 2470 re-

204 2505 512 2590 lictoque
543 2505 613 2569 in
644 2506 909 2572 vulnere
941 2506 1130 2588 telo,¹¹
1175 2509 1375 2573 ambo
1402 2526 1478 2574 se
1506 2506 1691 2572 foras
1718 2504 2018 2591 ejiciunt.

279 2667 297 2700 ³
332 2671 401 2719 Et
421 2670 534 2733 quia
553 2672 698 2721 cadis
712 2688 851 2737 quun
864 2672 1214 2722 meditabantur
1225 2671 1351 2722 ultor
1365 2669 1521 2733 magis
1541 2671 1814 2720 metmdnn
1836 2672 1939 2719 erat
1951 2666 2172 2728 futurus,
2190 2664 2235 2713 εἰ
2246 2678 2403 2726 euper-

203 2735 454 2795 stessoret
484 2736 784 2802 Tarquinius,
816 2738 898 2801 qui
916 2739 1025 2801 jam
1046 2752 1133 2787 rex
1153 2742 1276 2793 erae,
1298 2751 1439 2800 quam
1460 2736 1657 2787 Seruius
1676 2735 1880 2798 Tullius,
1901 2734 1983 2799 qui
2003 2732 2153 2783 adhuc
2172 2734 2276 2782 erat
2302 2729 2406 2793 pri-

206 2806 371 2851 vatas.
918 2811 956 2837 ¹⁰·
988 2804 1302 2867 Implet-mut
1326 2816 1499 2865 regem.

1337 2931 1487 2952 ‘W

202 3019 721 3070 ducentesimum—14
770 3020 786 3048 ‘
813 3019 1019 3070 Nodum
1064 3020 1115 3068 iu
1159 3018 1330 3079 scirpo
1375 3016 1661 3083 quaesivere
1704 3014 1873 3078 intpp.
1919 3025 2018 3064 uec
2060 3008 2313 3087 est‘quod
2343 3005 2403 3058 τὸ

205 3084 322 3146 quia
342 3083 576 3150 damnes,
606 3086 939 3137 suadentibus
962 3086 1197 3136 Groro.
1223 3083 1399 3150 *Dralm
1434 3090 1490 3132 et
1531 3080 1770 3131 Bauero.’
1804 3080 2006 3141 Rupert.
2076 3076 2203 3133 Qum
2227 3083 2405 3152 tenen-

204 3148 329 3198 dum
369 3165 483 3198 esse
518 3161 695 3201 censet
719 3166 924 3217 quoque
946 3152 1142 3202 Stroth.
1204 3148 1323 3199 vid.
1361 3148 1488 3198 Not.
1523 3146 1779 3195 Van—15
1810 3147 1826 3173 ‘
1849 3145 1966 3195 Nou
1990 3149 2282 3205 congruunt
2315 3140 2404 3217 ilia

204 3215 627 3268 tumultuosissime
663 3222 970 3268 conuertunt.-
1004 3217 1102 3266 nisi
1140 3213 1281 3264 forte
1320 3215 1422 3277 leg.
1458 3210 1907 3276 tumultuosissime,
1939 3207 2076 3273 quod
2110 3205 2253 3282 δεξιᾶ.
2278 3214 2402 3255 satus

200 3278 320 3394 igne
360 3282 482 3396 m‘iihi
524 3283 719 3346 probo?
766 3283 945 3333 Bauer.
1011 3281 1162 3345 Conj.
1199 3281 1418 3345 Rupert.
1451 3293 1592 3343 quam
1623 3281 1816 3343 potum
1849 3272 2403 3326 tumultuosirum.—16

257 3362 337 3396 um
361 3347 406 3397 E
448 3348 495 3397 d.
516 3357 638 3398 ante
661 3348 828 3399 Drak.

1189 3424 1410 3477 No'rAE

201 3540 322 3577 men
345 3532 524 3591 potest
545 3526 735 3590 opponi
766 3526 1007 3586 Romulo,
1030 3523 1116 3589 qui
1141 3533 1262 3574 ante
1337 3522 1594 3585 'generum
1618 3519 1925 3585 Tarquinius
1959 3516 2214 3567 liaeredem
2250 3513 2398 3576 regni

203 3604 500 3652 nominatus
536 3611 650 3652 est:
686 3611 843 3668 atque
878 3600 929 3651 id
974 3603 1137 3665 ipsum
1171 3614 1263 3649 no·
1343 3598 1577 3649 facturus
1613 3604 1769 3651 erret,
1813 3596 1856 3645 si
1885 3594 2018 3644 filio·
2053 3607 2121 3642 ex
2155 3605 2211 3641 se
2253 3588 2398 3653 geni·

202 3690 322 3727 men
369 3692 434 3727 ex
478 3692 541 3728 eo
584 3693 619 3728 a
662 3679 919 3743 plerisque
965 3677 1262 3734 deducitur,
1344 3681 1425 3725 ton
1447 3674 1676 3724 habebat
1709 3672 1928 3721 Lucium
1951 3677 2007 3719 et
2029 3668 2304 3721 Aruntem,
2337 3670 2397 3714 ut

202 3754 342 3817 quod
363 3769 512 3805 serva
527 3762 681 3804 natus
694 3764 845 3805 esset.
873 3753 1101 3805 Aliunde
1114 3754 1262 3804 Servi
1342 3767 1465 3802 mox
1488 3766 1604 3816 cap.
1621 3754 1704 3801 42.
1739 3749 1995 3799 Nimirum
2015 3748 2109 3797 hos
2126 3760 2227 3796 non
2245 3743 2397 3804 filios,

201 3844 316 3882 eum
340 3833 545 3883 nomine
566 3832 795 3882 conditio
815 3832 879 3881 ad
902 3831 1263 3894 indignitatem
1338 3830 1432 3881 red
1454 3845 1522 3880 ex
1545 3828 1649 3879 filio
1672 3828 1826 3893 paulo
1857 3834 1978 3876 ante
2009 3830 2212 3875 mortuo
2245 3831 2396 3873 natos

203 3911 278 3960 rei
317 3925 419 3960 non
465 3924 643 3974 parum
679 3911 921 3974 pertinet.
983 3908 1086 3958 Sed
1125 3921 1262 3957 serva
1339 3907 1499 3957 fuisse
1539 3904 1852 3957 credendum
1892 3908 1977 3954 est
2018 3916 2134 3952 cum
2171 3899 2394 3966 Dionys.

202 3993 348 4038 natus
370 3988 504 4037 idem
525 3984 658 4048 fere,
691 3992 935 4050 tantoque
959 3984 1257 4035 invidiosius
1337 3985 1424 4035 lib.
1445 3999 1525 4035 ιν.

204 4064 473 4129 siguificat,
495 4071 688 4129 quanto
706 4078 908 4113 servum
934 4070 1109 4113 natum
1139 4077 1255 4113 esse
1400 4071 1426 4107 t
1446 4064 1533 4114 Ex
1549 4059 1815 4126 pastoribus
1833 4058 1951 4123 duo]
1985 4056 2258 4121 Dionyoius
2270 4069 2393 4106 con·

204 4141 430 4193 deterius
454 4149 715 4202 censetur,
750 4154 904 4205 quam
925 4154 1126 4191 servum
1148 4138 1257 4189 fac·-
1329 4141 1623 4205 juratorum
1662 4136 1969 4188 fortissimos
2015 4134 2260 4200 pastorali
2302 4134 2393 4181 ha·

206 4224 331 4270 tum.
429 4209 434 4214 ’
1338 4218 1453 4268 bitu
1475 4217 1541 4266 ab
1565 4215 1700 4267 Anci
1718 4213 1841 4266 filiis
1857 4214 2040 4265 mistos
2062 4214 2137 4263 ait
2157 4218 2391 4264 extremo

147 4347 170 4366 l
266 4294 292 4329 f*
316 4297 529 4347 Eundem
550 4294 689 4357 regna·
709 4293 962 4359 hoeredem]
1012 4292 1151 4347 Quid
1180 4294 1257 4346 ita
1336 4294 1429 4345 lib.
1457 4307 1543 4345 m.
