<?xml version="1.0" encoding="UTF-8"?>
<!DOCTYPE html PUBLIC "-//W3C//DTD XHTML 1.0 Transitional//EN"
    "http://www.w3.org/TR/xhtml1/DTD/xhtml1-transitional.dtd">
<html xmlns="http://www.w3.org/1999/xhtml" xml:lang="en" lang="en">
 <head>
  <title>
</title>
<meta http-equiv="Content-Type" content="text/html;charset=utf-8" />
  <meta name='ocr-system' content='tesseract 3.04.00' />
  <meta name='ocr-capabilities' content='ocr_page ocr_carea ocr_par ocr_line ocrx_word'/>
</head>
<body>
  <div class='ocr_page' id='page_1' title='image "./tliviipatavinih23unkngoog_0367.png"; bbox 0 0 3034 4925; ppageno 0'>
   <div class='ocr_carea' id='block_1_1' title="bbox 1025 360 2392 433">
    <p class='ocr_par' dir='ltr' id='par_1_1' title="bbox 1025 360 2392 433">
     <span class='ocr_line' id='line_1_1' title="bbox 1025 360 2392 433; baseline 0.003 -6"><span class='ocrx_word' id='word_1_1' title='bbox 1025 376 1172 427; x_wconf 78' lang='lat' dir='ltr'><strong>mn.</strong></span> <span class='ocrx_word' id='word_1_2' title='bbox 1218 378 1265 428; x_wconf 87' lang='grc' dir='ltr'><strong>ι.</strong></span> <span class='ocrx_word' id='word_1_3' title='bbox 1308 377 1469 428; x_wconf 66' lang='lat' dir='ltr'><strong>cn.</strong></span> <span class='ocrx_word' id='word_1_4' title='bbox 1509 360 1621 428; x_wconf 75' lang='lat'><strong>3⁰.</strong></span> <span class='ocrx_word' id='word_1_5' title='bbox 2262 361 2392 433; x_wconf 76' lang='lat'><strong>261</strong></span> 
     </span>
    </p>
   </div>
   <div class='ocr_carea' id='block_1_2' title="bbox 223 520 2402 1533">
    <p class='ocr_par' dir='ltr' id='par_1_2' title="bbox 223 520 2402 1533">
     <span class='ocr_line' id='line_1_2' title="bbox 232 520 2394 610; baseline 0.002 -21"><span class='ocrx_word' id='word_1_6' title='bbox 232 521 562 606; x_wconf 71' lang='lat' dir='ltr'><strong>QuintioS,</strong></span> <span class='ocrx_word' id='word_1_7' title='bbox 589 520 952 607; x_wconf 76' lang='lat' dir='ltr'><strong>Geganius,</strong></span> <span class='ocrx_word' id='word_1_8' title='bbox 970 521 1337 604; x_wconf 73' lang='lat' dir='ltr'><strong>Curiatios,</strong></span> <span class='ocrx_word' id='word_1_9' title='bbox 1364 522 1687 591; x_wconf 81' lang='lat' dir='ltr'><strong>Cloelios:</strong></span> <span class='ocrx_word' id='word_1_10' title='bbox 1733 523 2175 610; x_wconf 84' lang='lat' dir='ltr'><strong>templumque</strong></span> <span class='ocrx_word' id='word_1_11' title='bbox 2219 525 2394 592; x_wconf 87' lang='lat' dir='ltr'><strong>ordi·</strong></span> 
     </span>
     <span class='ocr_line' id='line_1_3' title="bbox 223 622 2393 712; baseline 0.001 -20"><span class='ocrx_word' id='word_1_12' title='bbox 223 626 291 692; x_wconf 88' lang='lat' dir='ltr'><strong>ni</strong></span> <span class='ocrx_word' id='word_1_13' title='bbox 318 628 404 692; x_wconf 83' lang='lat' dir='ltr'><strong>ab</strong></span> <span class='ocrx_word' id='word_1_14' title='bbox 433 645 507 691; x_wconf 89' lang='lat' dir='ltr'><strong>se</strong></span> <span class='ocrx_word' id='word_1_15' title='bbox 529 631 725 691; x_wconf 87' lang='lat' dir='ltr'><strong>aucto</strong></span> <span class='ocrx_word' id='word_1_16' title='bbox 747 625 994 692; x_wconf 81' lang='lat' dir='ltr'><strong>curiam</strong></span> <span class='ocrx_word' id='word_1_17' title='bbox 1021 622 1231 706; x_wconf 79' lang='lat' dir='ltr'><strong>fecit,¹‘</strong></span> <span class='ocrx_word' id='word_1_18' title='bbox 1258 646 1409 712; x_wconf 81' lang='lat' dir='ltr'><strong>quae</strong></span> <span class='ocrx_word' id='word_1_19' title='bbox 1439 626 1743 693; x_wconf 83' lang='lat' dir='ltr'><strong>Hostilia</strong></span> <span class='ocrx_word' id='word_1_20' title='bbox 1772 646 1982 712; x_wconf 88' lang='lat' dir='ltr'><strong>usque</strong></span> <span class='ocrx_word' id='word_1_21' title='bbox 2012 626 2100 692; x_wconf 84' lang='lat' dir='ltr'><strong>ad</strong></span> <span class='ocrx_word' id='word_1_22' title='bbox 2126 633 2393 711; x_wconf 83' lang='lat' dir='ltr'><strong>patrum</strong></span> 
     </span>
     <span class='ocr_line' id='line_1_4' title="bbox 226 729 2394 815; baseline 0 -21"><span class='ocrx_word' id='word_1_23' title='bbox 226 736 599 795; x_wconf 86' lang='lat' dir='ltr'><strong>nostrorum</strong></span> <span class='ocrx_word' id='word_1_24' title='bbox 657 734 918 795; x_wconf 79' lang='lat' dir='ltr'><strong>estatem</strong></span> <span class='ocrx_word' id='word_1_25' title='bbox 960 730 1303 815; x_wconf 76' lang='lat' dir='ltr'><strong>appellata</strong></span> <span class='ocrx_word' id='word_1_26' title='bbox 1347 735 1469 808; x_wconf 86' lang='lat' dir='ltr'><strong>est,</strong></span> <span class='ocrx_word' id='word_1_27' title='bbox 1519 735 1607 807; x_wconf 89' lang='lat' dir='ltr'><strong>et,</strong></span> <span class='ocrx_word' id='word_1_28' title='bbox 1650 734 1727 795; x_wconf 90' lang='lat' dir='ltr'><strong>ut</strong></span> <span class='ocrx_word' id='word_1_29' title='bbox 1762 730 2052 795; x_wconf 89' lang='lat' dir='ltr'><strong>omnium</strong></span> <span class='ocrx_word' id='word_1_30' title='bbox 2089 729 2394 796; x_wconf 83' lang='lat' dir='ltr'><strong>ordinum</strong></span> 
     </span>
     <span class='ocr_line' id='line_1_5' title="bbox 226 831 2396 918; baseline 0 -21"><span class='ocrx_word' id='word_1_31' title='bbox 226 832 472 897; x_wconf 82' lang='lat' dir='ltr'><strong>viribus</strong></span> <span class='ocrx_word' id='word_1_32' title='bbox 493 831 748 916; x_wconf 77' lang='lat' dir='ltr'><strong>aliquid</strong></span> <span class='ocrx_word' id='word_1_33' title='bbox 778 851 870 898; x_wconf 84' lang='lat' dir='ltr'><strong>ex</strong></span> <span class='ocrx_word' id='word_1_34' title='bbox 898 852 1074 899; x_wconf 80' lang='lat' dir='ltr'><strong>novo</strong></span> <span class='ocrx_word' id='word_1_35' title='bbox 1101 832 1360 918; x_wconf 89' lang='lat' dir='ltr'><strong>populo</strong></span> <span class='ocrx_word' id='word_1_36' title='bbox 1387 831 1802 917; x_wconf 79' lang='lat' dir='ltr'><strong>adjiceretur,</strong></span> <span class='ocrx_word' id='word_1_37' title='bbox 1831 831 2127 916; x_wconf 86' lang='lat' dir='ltr'><strong>equitum</strong></span> <span class='ocrx_word' id='word_1_38' title='bbox 2158 831 2396 899; x_wconf 91' lang='lat' dir='ltr'><strong>decem</strong></span> 
     </span>
     <span class='ocr_line' id='line_1_6' title="bbox 225 932 2397 1021; baseline 0 -22"><span class='ocrx_word' id='word_1_39' title='bbox 225 932 502 1000; x_wconf 84' lang='lat' dir='ltr'><strong>turmas¹</strong></span> <span class='ocrx_word' id='word_1_40' title='bbox 526 954 617 1001; x_wconf 81' lang='lat' dir='ltr'><strong>ex</strong></span> <span class='ocrx_word' id='word_1_41' title='bbox 644 935 925 1002; x_wconf 76' lang='lat' dir='ltr'><strong>Albanis</strong></span> <span class='ocrx_word' id='word_1_42' title='bbox 947 936 1120 1021; x_wconf 79' lang='lat' dir='ltr'><strong>legit.</strong></span> <span class='ocrx_word' id='word_1_43' title='bbox 1205 934 1540 1021; x_wconf 80' lang='lat' dir='ltr'>Legiones</span> <span class='ocrx_word' id='word_1_44' title='bbox 1580 941 1646 1002; x_wconf 92' lang='lat' dir='ltr'><strong>et</strong></span> <span class='ocrx_word' id='word_1_45' title='bbox 1683 940 1946 1002; x_wconf 84' lang='lat' dir='ltr'><strong>veteres</strong></span> <span class='ocrx_word' id='word_1_46' title='bbox 1979 934 2207 1001; x_wconf 90' lang='lat' dir='ltr'><strong>eodem</strong></span> <span class='ocrx_word' id='word_1_47' title='bbox 2234 955 2397 1021; x_wconf 90' lang='lat' dir='ltr'><strong>sup·</strong></span> 
     </span>
     <span class='ocr_line' id='line_1_7' title="bbox 226 1030 2397 1123; baseline 0.001 -22"><span class='ocrx_word' id='word_1_48' title='bbox 226 1035 564 1120; x_wconf 84' lang='lat' dir='ltr'><strong>plemento</strong></span> <span class='ocrx_word' id='word_1_49' title='bbox 604 1030 925 1122; x_wconf 82' lang='lat' dir='ltr'><strong>explevit,</strong></span> <span class='ocrx_word' id='word_1_50' title='bbox 973 1044 1044 1104; x_wconf 92' lang='lat' dir='ltr'><strong>et</strong></span> <span class='ocrx_word' id='word_1_51' title='bbox 1078 1057 1290 1105; x_wconf 81' lang='lat' dir='ltr'><strong>novas</strong></span> <span class='ocrx_word' id='word_1_52' title='bbox 1319 1037 1611 1123; x_wconf 78' lang='lat' dir='ltr'><strong>scripsit.</strong></span> <span class='ocrx_word' id='word_1_53' title='bbox 1699 1037 1856 1104; x_wconf 84' lang='lat' dir='ltr'><strong>Hac</strong></span> <span class='ocrx_word' id='word_1_54' title='bbox 1883 1036 2135 1104; x_wconf 80' lang='lat' dir='ltr'><strong>fidncia</strong></span> <span class='ocrx_word' id='word_1_55' title='bbox 2160 1037 2397 1105; x_wconf 81' lang='lat' dir='ltr'><strong>virium</strong></span> 
     </span>
     <span class='ocr_line' id='line_1_8' title="bbox 229 1139 2396 1226; baseline 0 -21"><span class='ocrx_word' id='word_1_56' title='bbox 229 1139 464 1206; x_wconf 84' lang='lat' dir='ltr'><strong>Tullus</strong></span> <span class='ocrx_word' id='word_1_57' title='bbox 495 1141 768 1208; x_wconf 75' lang='lat' dir='ltr'><strong>Sabinis</strong></span> <span class='ocrx_word' id='word_1_58' title='bbox 806 1141 1055 1215; x_wconf 89' lang='lat' dir='ltr'><strong>bellum</strong></span> <span class='ocrx_word' id='word_1_59' title='bbox 1080 1141 1381 1221; x_wconf 78' lang='lat' dir='ltr'><strong>indicit,¹¹·</strong></span> <span class='ocrx_word' id='word_1_60' title='bbox 1427 1141 1607 1224; x_wconf 80' lang='lat' dir='ltr'><strong>genti</strong></span> <span class='ocrx_word' id='word_1_61' title='bbox 1634 1159 1718 1207; x_wconf 84' lang='lat' dir='ltr'><strong>ea</strong></span> <span class='ocrx_word' id='word_1_62' title='bbox 1743 1144 2139 1226; x_wconf 79' lang='lat' dir='ltr'><strong>tempestate</strong></span> <span class='ocrx_word' id='word_1_63' title='bbox 2165 1159 2396 1206; x_wconf 87' lang='lat' dir='ltr'><strong>secun-</strong></span> 
     </span>
     <span class='ocr_line' id='line_1_9' title="bbox 231 1241 2399 1332; baseline 0 -25"><span class='ocrx_word' id='word_1_64' title='bbox 231 1242 381 1308; x_wconf 90' lang='lat' dir='ltr'><strong>dum</strong></span> <span class='ocrx_word' id='word_1_65' title='bbox 428 1243 789 1311; x_wconf 57' lang='lat' dir='ltr'><strong>Etruscos³</strong></span> <span class='ocrx_word' id='word_1_66' title='bbox 841 1245 1366 1332; x_wconf 72' lang='lat' dir='ltr'><strong>opulentissimae</strong></span> <span class='ocrx_word' id='word_1_67' title='bbox 1399 1246 1564 1311; x_wconf 83' lang='lat' dir='ltr'><strong>viris</strong></span> <span class='ocrx_word' id='word_1_68' title='bbox 1610 1244 1964 1329; x_wconf 82' lang='lat' dir='ltr'><strong>armisque.</strong></span> <span class='ocrx_word' id='word_1_69' title='bbox 2050 1241 2399 1326; x_wconf 83' lang='lat' dir='ltr'><strong>Utrimque</strong></span> 
     </span>
     <span class='ocr_line' id='line_1_10' title="bbox 231 1343 2398 1433; baseline 0.001 -25"><span class='ocrx_word' id='word_1_70' title='bbox 231 1343 482 1430; x_wconf 81' lang='lat' dir='ltr'><strong>injuriae</strong></span> <span class='ocrx_word' id='word_1_71' title='bbox 513 1346 740 1426; x_wconf 80' lang='lat' dir='ltr'><strong>fa&#39;ctae,</strong></span> <span class='ocrx_word' id='word_1_72' title='bbox 784 1367 866 1414; x_wconf 83' lang='lat' dir='ltr'><strong>ac</strong></span> <span class='ocrx_word' id='word_1_73' title='bbox 910 1366 1019 1413; x_wconf 88' lang='lat' dir='ltr'><strong>res</strong></span> <span class='ocrx_word' id='word_1_74' title='bbox 1056 1348 1503 1433; x_wconf 77' lang='lat' dir='ltr'><strong>nequicquam</strong></span> <span class='ocrx_word' id='word_1_75' title='bbox 1534 1354 1722 1413; x_wconf 83' lang='lat' dir='ltr'><strong>erant</strong></span> <span class='ocrx_word' id='word_1_76' title='bbox 1746 1346 2107 1431; x_wconf 58' lang='lat' dir='ltr'><strong>repetita·</strong></span> <span class='ocrx_word' id='word_1_77' title='bbox 2154 1344 2398 1411; x_wconf 85' lang='lat' dir='ltr'><strong>Tullus</strong></span> 
     </span>
     <span class='ocr_line' id='line_1_11' title="bbox 232 1445 2402 1533; baseline 0.001 -22"><span class='ocrx_word' id='word_1_78' title='bbox 232 1445 314 1511; x_wconf 78' lang='lat' dir='ltr'><strong>ed</strong></span> <span class='ocrx_word' id='word_1_79' title='bbox 344 1447 644 1516; x_wconf 72' lang='lat' dir='ltr'><strong>Feroniae</strong></span> <span class='ocrx_word' id='word_1_80' title='bbox 672 1451 893 1517; x_wconf 77' lang='lat' dir='ltr'><strong>fenum</strong></span> <span class='ocrx_word' id='word_1_81' title='bbox 908 1458 936 1488; x_wconf 81' lang='lat'><strong>¹¹</strong></span> <span class='ocrx_word' id='word_1_82' title='bbox 966 1455 1269 1517; x_wconf 85' lang='lat' dir='ltr'><strong>mercatu</strong></span> <span class='ocrx_word' id='word_1_83' title='bbox 1292 1448 1629 1533; x_wconf 80' lang='lat' dir='ltr'><strong>frequenti</strong></span> <span class='ocrx_word' id='word_1_84' title='bbox 1664 1449 2115 1532; x_wconf 84' lang='lat' dir='ltr'><strong>negotiatores</strong></span> <span class='ocrx_word' id='word_1_85' title='bbox 2144 1446 2402 1514; x_wconf 80' lang='lat' dir='ltr'><strong>Roma·</strong></span> 
     </span>
    </p>
   </div>
   <div class='ocr_carea' id='block_1_3' title="bbox 288 1632 1424 1824">
    <p class='ocr_par' dir='ltr' id='par_1_3' title="bbox 288 1632 1424 1824">
     <span class='ocr_line' id='line_1_12' title="bbox 288 1632 955 1702; baseline 0.006 -17"><span class='ocrx_word' id='word_1_86' title='bbox 288 1639 309 1665; x_wconf 73' lang='lat'><em>⁶</em></span> <span class='ocrx_word' id='word_1_87' title='bbox 337 1632 568 1687; x_wconf 70' lang='lat' dir='ltr'><strong>Prsxione</strong></span> <span class='ocrx_word' id='word_1_88' title='bbox 582 1641 692 1702; x_wconf 79' lang='lat' dir='ltr'><strong>post</strong></span> <span class='ocrx_word' id='word_1_89' title='bbox 713 1637 955 1690; x_wconf 70' lang='lat' dir='ltr'><strong>Etr-uxos.</strong></span> 
     </span>
     <span class='ocr_line' id='line_1_13' title="bbox 1207 1766 1424 1824; baseline -0.009 0"><span class='ocrx_word' id='word_1_90' title='bbox 1207 1766 1424 1824; x_wconf 70' lang='lat' dir='ltr'>NOTAE</span> 
     </span>
    </p>
   </div>
   <div class='ocr_carea' id='block_1_4' title="bbox 206 1870 1303 4325">
    <p class='ocr_par' dir='ltr' id='par_1_4' title="bbox 236 1870 1281 2099">
     <span class='ocr_line' id='line_1_14' title="bbox 236 1870 1281 1947; baseline 0.007 -20"><span class='ocrx_word' id='word_1_91' title='bbox 236 1870 378 1928; x_wconf 67' lang='lat' dir='ltr'><strong>&#39;Tullii</strong></span> <span class='ocrx_word' id='word_1_92' title='bbox 395 1875 726 1933; x_wconf 65' lang='lat' dir='ltr'><strong>Corniculani</strong></span> <span class='ocrx_word' id='word_1_93' title='bbox 750 1880 918 1947; x_wconf 82' lang='lat' dir='ltr'><strong>fuere,</strong></span> <span class='ocrx_word' id='word_1_94' title='bbox 943 1894 1047 1934; x_wconf 83' lang='lat' dir='ltr'><strong>nun</strong></span> <span class='ocrx_word' id='word_1_95' title='bbox 1069 1880 1281 1936; x_wconf 82' lang='lat' dir='ltr'><strong>Albani.</strong></span> 
     </span>
     <span class='ocr_line' id='line_1_15' title="bbox 241 1954 1280 2026; baseline 0.002 -17"><span class='ocrx_word' id='word_1_96' title='bbox 241 1954 512 2009; x_wconf 70' lang='lat' dir='ltr'><strong>Quinctilius</strong></span> <span class='ocrx_word' id='word_1_97' title='bbox 531 1971 627 2021; x_wconf 84' lang='lat' dir='ltr'><strong>per</strong></span> <span class='ocrx_word' id='word_1_98' title='bbox 649 1974 677 2008; x_wconf 81' lang='lat' dir='ltr'><strong>c</strong></span> <span class='ocrx_word' id='word_1_99' title='bbox 695 1958 852 2009; x_wconf 84' lang='lat' dir='ltr'><strong>scribi</strong></span> <span class='ocrx_word' id='word_1_100' title='bbox 887 1967 1037 2011; x_wconf 88' lang='lat' dir='ltr'><strong>notat</strong></span> <span class='ocrx_word' id='word_1_101' title='bbox 1064 1974 1129 2009; x_wconf 85' lang='lat' dir='ltr'><strong>ex</strong></span> <span class='ocrx_word' id='word_1_102' title='bbox 1150 1960 1280 2026; x_wconf 85' lang='lat' dir='ltr'><strong>lapi·</strong></span> 
     </span>
     <span class='ocr_line' id='line_1_16' title="bbox 239 2022 995 2099; baseline 0.011 -22"><span class='ocrx_word' id='word_1_103' title='bbox 239 2022 377 2080; x_wconf 84' lang='lat' dir='ltr'><strong>dibus</strong></span> <span class='ocrx_word' id='word_1_104' title='bbox 399 2032 709 2096; x_wconf 72' lang='lat' dir='ltr'><strong>Capitolinis</strong></span> <span class='ocrx_word' id='word_1_105' title='bbox 740 2034 995 2099; x_wconf 79' lang='lat' dir='ltr'><strong>Sigonius.</strong></span> 
     </span>
    </p>

    <p class='ocr_par' dir='ltr' id='par_1_5' title="bbox 206 2105 1300 3787">
     <span class='ocr_line' id='line_1_17' title="bbox 295 2105 1282 2176; baseline 0.006 -18"><span class='ocrx_word' id='word_1_106' title='bbox 295 2105 321 2141; x_wconf 71' lang='lat'><strong>¹²</strong></span> <span class='ocrx_word' id='word_1_107' title='bbox 355 2108 746 2174; x_wconf 61' lang='lat' dir='ltr'><strong>Templum..</strong></span> <span class='ocrx_word' id='word_1_108' title='bbox 758 2111 1148 2176; x_wconf 69' lang='lat' dir='ltr'><strong>‚curiensecitJ</strong></span> <span class='ocrx_word' id='word_1_109' title='bbox 1181 2112 1282 2164; x_wconf 87' lang='lat' dir='ltr'><strong>Cu·</strong></span> 
     </span>
     <span class='ocr_line' id='line_1_18' title="bbox 241 2181 1285 2251; baseline 0.01 -22"><span class='ocrx_word' id='word_1_110' title='bbox 241 2181 325 2232; x_wconf 66' lang='lat' dir='ltr'><strong>rin</strong></span> <span class='ocrx_word' id='word_1_111' title='bbox 355 2183 576 2237; x_wconf 86' lang='lat' dir='ltr'><strong>duorum</strong></span> <span class='ocrx_word' id='word_1_112' title='bbox 600 2201 846 2251; x_wconf 79' lang='lat' dir='ltr'><strong>generum</strong></span> <span class='ocrx_word' id='word_1_113' title='bbox 870 2194 1020 2238; x_wconf 82' lang='lat' dir='ltr'><strong>sunt·</strong></span> <span class='ocrx_word' id='word_1_114' title='bbox 1008 2223 1020 2236; x_wconf 92' lang='lat'><strong><em>.</em></strong></span> <span class='ocrx_word' id='word_1_115' title='bbox 1057 2189 1171 2239; x_wconf 73' lang='lat' dir='ltr'><strong>alite</strong></span> <span class='ocrx_word' id='word_1_116' title='bbox 1193 2188 1285 2240; x_wconf 89' lang='lat' dir='ltr'><strong>ubi</strong></span> 
     </span>
     <span class='ocr_line' id='line_1_19' title="bbox 240 2263 1287 2324; baseline 0.008 -16"><span class='ocrx_word' id='word_1_117' title='bbox 240 2263 523 2315; x_wconf 69' lang='lat' dir='ltr'><strong>sacerdotes</strong></span> <span class='ocrx_word' id='word_1_118' title='bbox 548 2277 656 2314; x_wconf 86' lang='lat' dir='ltr'><strong>rem</strong></span> <span class='ocrx_word' id='word_1_119' title='bbox 683 2265 908 2316; x_wconf 70' lang='lat' dir='ltr'><strong>divinam</strong></span> <span class='ocrx_word' id='word_1_120' title='bbox 942 2271 1202 2324; x_wconf 78' lang='lat' dir='ltr'><strong>curarent,</strong></span> <span class='ocrx_word' id='word_1_121' title='bbox 1226 2273 1287 2317; x_wconf 88' lang='lat' dir='ltr'><strong>nt</strong></span> 
     </span>
     <span class='ocr_line' id='line_1_20' title="bbox 239 2335 1286 2395; baseline 0.008 -8"><span class='ocrx_word' id='word_1_122' title='bbox 239 2335 438 2391; x_wconf 64' lang='lat' dir='ltr'><strong>‘Curio</strong></span> <span class='ocrx_word' id='word_1_123' title='bbox 481 2342 741 2394; x_wconf 79' lang='lat' dir='ltr'><strong>veteres·&#39;</strong></span> <span class='ocrx_word' id='word_1_124' title='bbox 774 2344 891 2394; x_wconf 71' lang='lat' dir='ltr'><strong>aliae</strong></span> <span class='ocrx_word' id='word_1_125' title='bbox 933 2343 1023 2395; x_wconf 90' lang='lat' dir='ltr'><strong>nbi</strong></span> <span class='ocrx_word' id='word_1_126' title='bbox 1063 2344 1286 2395; x_wconf 84' lang='lat' dir='ltr'><strong>Senatus</strong></span> 
     </span>
     <span class='ocr_line' id='line_1_21' title="bbox 240 2411 1288 2489; baseline 0.011 -28"><span class='ocrx_word' id='word_1_127' title='bbox 240 2411 493 2482; x_wconf 79' lang='lat' dir='ltr'><strong>humanas,</strong></span> <span class='ocrx_word' id='word_1_128' title='bbox 542 2424 603 2469; x_wconf 90' lang='lat' dir='ltr'><strong>ut</strong></span> <span class='ocrx_word' id='word_1_129' title='bbox 640 2418 657 2447; x_wconf 87' lang='lat'>‘</span> <span class='ocrx_word' id='word_1_130' title='bbox 681 2420 841 2473; x_wconf 81' lang='lat' dir='ltr'><strong>Curia</strong></span> <span class='ocrx_word' id='word_1_131' title='bbox 880 2419 1141 2487; x_wconf 78' lang='lat' dir='ltr'><strong>Hostilia,’</strong></span> <span class='ocrx_word' id='word_1_132' title='bbox 1171 2434 1288 2489; x_wconf 73' lang='lat' dir='ltr'><strong>quae</strong></span> 
     </span>
     <span class='ocr_line' id='line_1_22' title="bbox 243 2489 1290 2563; baseline 0.009 -24"><span class='ocrx_word' id='word_1_133' title='bbox 243 2489 422 2555; x_wconf 79' lang='lat' dir='ltr'><strong>duplex</strong></span> <span class='ocrx_word' id='word_1_134' title='bbox 440 2493 579 2557; x_wconf 60' lang='lat' dir='ltr'><strong>suin</strong></span> <span class='ocrx_word' id='word_1_135' title='bbox 613 2496 688 2546; x_wconf 88' lang='lat' dir='ltr'><strong>sic</strong></span> <span class='ocrx_word' id='word_1_136' title='bbox 708 2496 870 2558; x_wconf 89' lang='lat' dir='ltr'><strong>dicta,</strong></span> <span class='ocrx_word' id='word_1_137' title='bbox 890 2497 1027 2563; x_wconf 85' lang='lat' dir='ltr'><strong>quod</strong></span> <span class='ocrx_word' id='word_1_138' title='bbox 1048 2512 1165 2548; x_wconf 88' lang='lat' dir='ltr'><strong>eam</strong></span> <span class='ocrx_word' id='word_1_139' title='bbox 1184 2499 1290 2562; x_wconf 85' lang='lat' dir='ltr'><strong>pri·</strong></span> 
     </span>
     <span class='ocr_line' id='line_1_23' title="bbox 242 2555 1290 2628; baseline 0.009 -9"><span class='ocrx_word' id='word_1_140' title='bbox 242 2582 344 2620; x_wconf 81' lang='lat' dir='ltr'><strong>mus</strong></span> <span class='ocrx_word' id='word_1_141' title='bbox 357 2555 695 2625; x_wconf 65' lang='lat' dir='ltr'><strong>edificaverit</strong></span> <span class='ocrx_word' id='word_1_142' title='bbox 711 2574 967 2625; x_wconf 74' lang='lat' dir='ltr'><strong>Hostilius</strong></span> <span class='ocrx_word' id='word_1_143' title='bbox 982 2576 1115 2626; x_wconf 80' lang='lat' dir='ltr'><strong>Rex.</strong></span> <span class='ocrx_word' id='word_1_144' title='bbox 1151 2574 1290 2628; x_wconf 86' lang='lat' dir='ltr'><strong>Auc-</strong></span> 
     </span>
     <span class='ocr_line' id='line_1_24' title="bbox 245 2648 1291 2719; baseline 0.01 -24"><span class='ocrx_word' id='word_1_145' title='bbox 245 2651 320 2696; x_wconf 87' lang='lat' dir='ltr'><strong>tor</strong></span> <span class='ocrx_word' id='word_1_146' title='bbox 338 2648 507 2701; x_wconf 83' lang='lat' dir='ltr'><strong>Varro</strong></span> <span class='ocrx_word' id='word_1_147' title='bbox 546 2650 639 2700; x_wconf 86' lang='lat' dir='ltr'><strong>lib.</strong></span> <span class='ocrx_word' id='word_1_148' title='bbox 661 2664 738 2701; x_wconf 82' lang='lat' dir='ltr'><strong>rv.</strong></span> <span class='ocrx_word' id='word_1_149' title='bbox 771 2650 838 2702; x_wconf 87' lang='lat' dir='ltr'><strong>de</strong></span> <span class='ocrx_word' id='word_1_150' title='bbox 873 2652 1291 2719; x_wconf 66' lang='lat' dir='ltr'><strong>mng.1„st.qni</strong></span> 
     </span>
     <span class='ocr_line' id='line_1_25' title="bbox 246 2705 1291 2791; baseline 0.011 -20"><span class='ocrx_word' id='word_1_151' title='bbox 246 2722 400 2774; x_wconf 89' lang='lat' dir='ltr'><strong>locum</strong></span> <span class='ocrx_word' id='word_1_152' title='bbox 444 2726 634 2791; x_wconf 86' lang='lat' dir='ltr'><strong>prioris</strong></span> <span class='ocrx_word' id='word_1_153' title='bbox 676 2705 914 2780; x_wconf 69' lang='lat' dir='ltr'><strong>indicata</strong></span> <span class='ocrx_word' id='word_1_154' title='bbox 962 2730 1111 2781; x_wconf 77' lang='lat' dir='ltr'><strong>addit</strong></span> <span class='ocrx_word' id='word_1_155' title='bbox 1153 2731 1291 2782; x_wconf 89' lang='lat' dir='ltr'><strong>enim</strong></span> 
     </span>
     <span class='ocr_line' id='line_1_26' title="bbox 247 2801 1295 2865; baseline 0.009 -17"><span class='ocrx_word' id='word_1_156' title='bbox 247 2807 357 2851; x_wconf 78' lang='lat' dir='ltr'><strong>ante</strong></span> <span class='ocrx_word' id='word_1_157' title='bbox 370 2801 499 2854; x_wconf 69' lang='lat' dir='ltr'><strong>hanc</strong></span> <span class='ocrx_word' id='word_1_158' title='bbox 513 2811 687 2854; x_wconf 81' lang='lat' dir='ltr'><strong>rostra</strong></span> <span class='ocrx_word' id='word_1_159' title='bbox 702 2802 878 2865; x_wconf 82' lang='lat' dir='ltr'><strong>fuisse,</strong></span> <span class='ocrx_word' id='word_1_160' title='bbox 896 2812 1075 2856; x_wconf 84' lang='lat' dir='ltr'><strong>vetera</strong></span> <span class='ocrx_word' id='word_1_161' title='bbox 1089 2806 1295 2858; x_wconf 87' lang='lat' dir='ltr'><strong>scilicet</strong></span> 
     </span>
     <span class='ocr_line' id='line_1_27' title="bbox 247 2875 1294 2947; baseline 0.009 -23"><span class='ocrx_word' id='word_1_162' title='bbox 247 2875 293 2925; x_wconf 91' lang='lat' dir='ltr'><strong>in</strong></span> <span class='ocrx_word' id='word_1_163' title='bbox 322 2880 526 2931; x_wconf 90' lang='lat' dir='ltr'><strong>comitio</strong></span> <span class='ocrx_word' id='word_1_164' title='bbox 551 2880 741 2945; x_wconf 81' lang='lat' dir='ltr'><strong>posita,</strong></span> <span class='ocrx_word' id='word_1_165' title='bbox 771 2896 888 2947; x_wconf 73' lang='lat' dir='ltr'><strong>quae</strong></span> <span class='ocrx_word' id='word_1_166' title='bbox 916 2896 1037 2947; x_wconf 82' lang='lat' dir='ltr'><strong>pars</strong></span> <span class='ocrx_word' id='word_1_167' title='bbox 1072 2881 1170 2933; x_wconf 86' lang='lat' dir='ltr'><strong>fori</strong></span> <span class='ocrx_word' id='word_1_168' title='bbox 1191 2879 1294 2933; x_wconf 81' lang='lat' dir='ltr'><strong>Ro·</strong></span> 
     </span>
     <span class='ocr_line' id='line_1_28' title="bbox 249 2956 1294 3022; baseline 0.008 -19"><span class='ocrx_word' id='word_1_169' title='bbox 249 2956 391 3005; x_wconf 86' lang='lat' dir='ltr'><strong>mani.</strong></span> <span class='ocrx_word' id='word_1_170' title='bbox 430 2958 708 3022; x_wconf 84' lang='lat' dir='ltr'><strong>Templum</strong></span> <span class='ocrx_word' id='word_1_171' title='bbox 746 2964 919 3009; x_wconf 89' lang='lat' dir='ltr'><strong>autem</strong></span> <span class='ocrx_word' id='word_1_172' title='bbox 959 2958 1150 3011; x_wconf 87' lang='lat' dir='ltr'><strong>idcirco</strong></span> <span class='ocrx_word' id='word_1_173' title='bbox 1188 2960 1294 3011; x_wconf 86' lang='lat' dir='ltr'><strong>dici</strong></span> 
     </span>
     <span class='ocr_line' id='line_1_29' title="bbox 247 3028 1297 3102; baseline 0.006 -21"><span class='ocrx_word' id='word_1_174' title='bbox 247 3028 370 3083; x_wconf 81' lang='lat' dir='ltr'><strong>hanc</strong></span> <span class='ocrx_word' id='word_1_175' title='bbox 400 3035 599 3086; x_wconf 88' lang='lat' dir='ltr'><strong>curiam</strong></span> <span class='ocrx_word' id='word_1_176' title='bbox 639 3044 786 3099; x_wconf 86' lang='lat' dir='ltr'><strong>puto,</strong></span> <span class='ocrx_word' id='word_1_177' title='bbox 819 3035 956 3102; x_wconf 84' lang='lat' dir='ltr'><strong>quod</strong></span> <span class='ocrx_word' id='word_1_178' title='bbox 987 3036 1297 3102; x_wconf 68' lang='lat' dir='ltr'><strong>inaugurata</strong></span> 
     </span>
     <span class='ocr_line' id='line_1_30' title="bbox 249 3111 1296 3177; baseline 0.007 -19"><span class='ocrx_word' id='word_1_179' title='bbox 249 3116 411 3161; x_wconf 77' lang='lat' dir='ltr'><strong>esset:</strong></span> <span class='ocrx_word' id='word_1_180' title='bbox 446 3111 880 3176; x_wconf 75' lang='lat' dir='ltr'><strong>quemadmodum</strong></span> <span class='ocrx_word' id='word_1_181' title='bbox 917 3119 971 3163; x_wconf 85' lang='lat' dir='ltr'><strong>et</strong></span> <span class='ocrx_word' id='word_1_182' title='bbox 1005 3120 1193 3177; x_wconf 70' lang='lat' dir='ltr'><strong>rostra,</strong></span> <span class='ocrx_word' id='word_1_183' title='bbox 1229 3114 1296 3165; x_wconf 86' lang='lat' dir='ltr'><strong>de</strong></span> 
     </span>
     <span class='ocr_line' id='line_1_31' title="bbox 251 3186 1299 3253; baseline 0.007 -19"><span class='ocrx_word' id='word_1_184' title='bbox 251 3186 420 3250; x_wconf 80' lang='lat' dir='ltr'><strong>quibus</strong></span> <span class='ocrx_word' id='word_1_185' title='bbox 442 3188 646 3240; x_wconf 81' lang='lat' dir='ltr'><strong>Noster</strong></span> <span class='ocrx_word' id='word_1_186' title='bbox 669 3189 761 3240; x_wconf 87' lang='lat' dir='ltr'><strong>lib.</strong></span> <span class='ocrx_word' id='word_1_187' title='bbox 785 3203 911 3240; x_wconf 85' lang='lat' dir='ltr'><strong>vm.</strong></span> <span class='ocrx_word' id='word_1_188' title='bbox 935 3204 1051 3253; x_wconf 79' lang='lat' dir='ltr'><strong>cup.</strong></span> <span class='ocrx_word' id='word_1_189' title='bbox 1075 3193 1156 3241; x_wconf 77' lang='lat'><strong>14.</strong></span> <span class='ocrx_word' id='word_1_190' title='bbox 1180 3189 1299 3241; x_wconf 72' lang='lat' dir='ltr'><strong>Alis</strong></span> 
     </span>
     <span class='ocr_line' id='line_1_32' title="bbox 206 3263 1298 3330; baseline 0.005 -20"><span class='ocrx_word' id='word_1_191' title='bbox 206 3267 211 3279; x_wconf 93' lang='grc'>·</span> <span class='ocrx_word' id='word_1_192' title='bbox 251 3263 385 3314; x_wconf 83' lang='lat' dir='ltr'><strong>curia</strong></span> <span class='ocrx_word' id='word_1_193' title='bbox 421 3264 651 3317; x_wconf 85' lang='lat' dir='ltr'><strong>Hostilia</strong></span> <span class='ocrx_word' id='word_1_194' title='bbox 689 3267 739 3317; x_wconf 92' lang='lat' dir='ltr'><strong>in</strong></span> <span class='ocrx_word' id='word_1_195' title='bbox 774 3274 951 3316; x_wconf 83' lang='lat' dir='ltr'><strong>monte</strong></span> <span class='ocrx_word' id='word_1_196' title='bbox 983 3263 1148 3317; x_wconf 83' lang='lat' dir='ltr'><strong>Coelio</strong></span> <span class='ocrx_word' id='word_1_197' title='bbox 1180 3264 1298 3330; x_wconf 82' lang='lat' dir='ltr'><strong>fuit,</strong></span> 
     </span>
     <span class='ocr_line' id='line_1_33' title="bbox 252 3337 1299 3407; baseline 0.006 -21"><span class='ocrx_word' id='word_1_198' title='bbox 252 3337 334 3388; x_wconf 89' lang='lat' dir='ltr'><strong>ubi</strong></span> <span class='ocrx_word' id='word_1_199' title='bbox 367 3355 553 3407; x_wconf 85' lang='lat' dir='ltr'><strong>nempe</strong></span> <span class='ocrx_word' id='word_1_200' title='bbox 588 3340 846 3407; x_wconf 86' lang='lat' dir='ltr'><strong>posterior</strong></span> <span class='ocrx_word' id='word_1_201' title='bbox 872 3337 1085 3391; x_wconf 76' lang='lat' dir='ltr'><strong>Hostilii</strong></span> <span class='ocrx_word' id='word_1_202' title='bbox 1110 3341 1299 3407; x_wconf 77' lang='lat' dir='ltr'><strong>Regia,</strong></span> 
     </span>
     <span class='ocr_line' id='line_1_34' title="bbox 253 3415 1300 3478; baseline 0.002 -14"><span class='ocrx_word' id='word_1_203' title='bbox 253 3428 347 3478; x_wconf 88' lang='lat' dir='ltr'><strong>qno</strong></span> <span class='ocrx_word' id='word_1_204' title='bbox 377 3418 492 3469; x_wconf 88' lang='lat' dir='ltr'><strong>loco</strong></span> <span class='ocrx_word' id='word_1_205' title='bbox 530 3431 669 3468; x_wconf 90' lang='lat' dir='ltr'><strong>nnnc</strong></span> <span class='ocrx_word' id='word_1_206' title='bbox 700 3418 939 3468; x_wconf 81' lang='lat' dir='ltr'><strong>Ecclesia</strong></span> <span class='ocrx_word' id='word_1_207' title='bbox 968 3415 1059 3467; x_wconf 85' lang='lat' dir='ltr'><strong>SS.</strong></span> <span class='ocrx_word' id='word_1_208' title='bbox 1080 3415 1300 3469; x_wconf 83' lang='lat' dir='ltr'><strong>Josnnis</strong></span> 
     </span>
     <span class='ocr_line' id='line_1_35' title="bbox 252 3493 1300 3558; baseline 0.003 -18"><span class='ocrx_word' id='word_1_209' title='bbox 252 3498 304 3541; x_wconf 89' lang='lat' dir='ltr'><strong>et</strong></span> <span class='ocrx_word' id='word_1_210' title='bbox 324 3493 493 3558; x_wconf 75' lang='lat' dir='ltr'><strong>Pauli,</strong></span> <span class='ocrx_word' id='word_1_211' title='bbox 525 3501 662 3546; x_wconf 87' lang='lat' dir='ltr'><strong>teste</strong></span> <span class='ocrx_word' id='word_1_212' title='bbox 696 3495 980 3558; x_wconf 82' lang='lat' dir='ltr'><strong>Marliano;</strong></span> <span class='ocrx_word' id='word_1_213' title='bbox 1016 3509 1049 3545; x_wconf 90' lang='lat' dir='ltr'><strong>a</strong></span> <span class='ocrx_word' id='word_1_214' title='bbox 1072 3509 1171 3556; x_wconf 87' lang='lat' dir='ltr'><strong>quo</strong></span> <span class='ocrx_word' id='word_1_215' title='bbox 1196 3502 1300 3544; x_wconf 86' lang='lat' dir='ltr'><strong>ter·</strong></span> 
     </span>
     <span class='ocr_line' id='line_1_36' title="bbox 253 3565 1299 3636; baseline 0.007 -22"><span class='ocrx_word' id='word_1_216' title='bbox 253 3566 367 3618; x_wconf 82' lang='lat' dir='ltr'><strong>tiam</strong></span> <span class='ocrx_word' id='word_1_217' title='bbox 383 3565 544 3621; x_wconf 81' lang='lat' dir='ltr'><strong>fuisse</strong></span> <span class='ocrx_word' id='word_1_218' title='bbox 566 3571 802 3622; x_wconf 81' lang='lat' dir='ltr'><strong>omissam</strong></span> <span class='ocrx_word' id='word_1_219' title='bbox 821 3570 1055 3636; x_wconf 85' lang='lat' dir='ltr'><strong>queritur</strong></span> <span class='ocrx_word' id='word_1_220' title='bbox 1072 3569 1299 3621; x_wconf 84' lang='lat' dir='ltr'><strong>Godele·</strong></span> 
     </span>
     <span class='ocr_line' id='line_1_37' title="bbox 252 3645 1300 3711; baseline 0.007 -20"><span class='ocrx_word' id='word_1_221' title='bbox 252 3657 406 3709; x_wconf 78' lang='lat' dir='ltr'><strong>vaeus,</strong></span> <span class='ocrx_word' id='word_1_222' title='bbox 439 3660 552 3697; x_wconf 88' lang='lat' dir='ltr'><strong>eam</strong></span> <span class='ocrx_word' id='word_1_223' title='bbox 577 3661 693 3711; x_wconf 71' lang='lat' dir='ltr'><strong>quae</strong></span> <span class='ocrx_word' id='word_1_224' title='bbox 722 3647 772 3696; x_wconf 90' lang='lat' dir='ltr'><strong>in</strong></span> <span class='ocrx_word' id='word_1_225' title='bbox 801 3645 912 3697; x_wconf 82' lang='lat' dir='ltr'><strong>foro</strong></span> <span class='ocrx_word' id='word_1_226' title='bbox 946 3646 1012 3697; x_wconf 87' lang='lat' dir='ltr'><strong>ad</strong></span> <span class='ocrx_word' id='word_1_227' title='bbox 1049 3647 1300 3711; x_wconf 85' lang='lat' dir='ltr'><strong>templum</strong></span> 
     </span>
     <span class='ocr_line' id='line_1_38' title="bbox 256 3715 1166 3787; baseline 0.002 -18"><span class='ocrx_word' id='word_1_228' title='bbox 256 3715 425 3784; x_wconf 85' lang='lat' dir='ltr'><strong>Pacis,</strong></span> <span class='ocrx_word' id='word_1_229' title='bbox 458 3737 576 3773; x_wconf 88' lang='lat' dir='ltr'><strong>cum</strong></span> <span class='ocrx_word' id='word_1_230' title='bbox 600 3722 669 3772; x_wconf 88' lang='lat' dir='ltr'><strong>sit</strong></span> <span class='ocrx_word' id='word_1_231' title='bbox 691 3722 875 3773; x_wconf 79' lang='lat' dir='ltr'><strong>eadem</strong></span> <span class='ocrx_word' id='word_1_232' title='bbox 898 3737 960 3773; x_wconf 91' lang='lat' dir='ltr'><strong>ac</strong></span> <span class='ocrx_word' id='word_1_233' title='bbox 981 3722 1166 3787; x_wconf 86' lang='lat' dir='ltr'><strong>prima.</strong></span> 
     </span>
    </p>

    <p class='ocr_par' dir='ltr' id='par_1_6' title="bbox 254 3796 1303 4325">
     <span class='ocr_line' id='line_1_39' title="bbox 278 3796 1300 3864; baseline 0 -16"><span class='ocrx_word' id='word_1_234' title='bbox 278 3809 291 3818; x_wconf 88' lang='lat'><strong>·</strong></span> <span class='ocrx_word' id='word_1_235' title='bbox 311 3796 324 3831; x_wconf 91' lang='lat'><strong>¹</strong></span> <span class='ocrx_word' id='word_1_236' title='bbox 342 3799 516 3849; x_wconf 80' lang='lat' dir='ltr'><strong>Decem</strong></span> <span class='ocrx_word' id='word_1_237' title='bbox 538 3799 741 3864; x_wconf 65' lang='lat' dir='ltr'><strong>narnias]</strong></span> <span class='ocrx_word' id='word_1_238' title='bbox 759 3800 969 3859; x_wconf 81' lang='lat' dir='ltr'><strong>Turma,</strong></span> <span class='ocrx_word' id='word_1_239' title='bbox 983 3814 1050 3849; x_wconf 86' lang='lat' dir='ltr'><strong>ex</strong></span> <span class='ocrx_word' id='word_1_240' title='bbox 1066 3798 1300 3849; x_wconf 86' lang='lat' dir='ltr'><strong>Varrone</strong></span> 
     </span>
     <span class='ocr_line' id='line_1_40' title="bbox 257 3875 1298 3942; baseline 0.001 -19"><span class='ocrx_word' id='word_1_241' title='bbox 257 3881 308 3924; x_wconf 87' lang='lat' dir='ltr'><strong>et</strong></span> <span class='ocrx_word' id='word_1_242' title='bbox 327 3875 504 3939; x_wconf 79' lang='lat' dir='ltr'><strong>Festo,</strong></span> <span class='ocrx_word' id='word_1_243' title='bbox 533 3877 680 3942; x_wconf 86' lang='lat' dir='ltr'><strong>quasi</strong></span> <span class='ocrx_word' id='word_1_244' title='bbox 715 3881 868 3926; x_wconf 75' lang='lat' dir='ltr'><strong>terma</strong></span> <span class='ocrx_word' id='word_1_245' title='bbox 890 3875 1033 3925; x_wconf 85' lang='lat' dir='ltr'><strong>dicta</strong></span> <span class='ocrx_word' id='word_1_246' title='bbox 1054 3881 1154 3930; x_wconf 88' lang='lat' dir='ltr'><strong>est,</strong></span> <span class='ocrx_word' id='word_1_247' title='bbox 1186 3889 1212 3924; x_wconf 83' lang='lat' dir='ltr'><strong>e</strong></span> <span class='ocrx_word' id='word_1_248' title='bbox 1246 3875 1298 3924; x_wconf 92' lang='lat' dir='ltr'><strong>in</strong></span> 
     </span>
     <span class='ocr_line' id='line_1_41' title="bbox 254 3950 1300 4016; baseline 0.004 -19"><span class='ocrx_word' id='word_1_249' title='bbox 254 3964 283 3997; x_wconf 86' lang='grc' dir='ltr'><strong>ιι</strong></span> <span class='ocrx_word' id='word_1_250' title='bbox 307 3950 555 4002; x_wconf 76' lang='lat' dir='ltr'><strong>abeunte:</strong></span> <span class='ocrx_word' id='word_1_251' title='bbox 598 3953 615 3981; x_wconf 90' lang='lat'>‘</span> <span class='ocrx_word' id='word_1_252' title='bbox 641 3952 793 4004; x_wconf 83' lang='lat' dir='ltr'><strong>Quod</strong></span> <span class='ocrx_word' id='word_1_253' title='bbox 828 3957 908 4003; x_wconf 88' lang='lat' dir='ltr'><strong>ter</strong></span> <span class='ocrx_word' id='word_1_254' title='bbox 945 3952 1064 4002; x_wconf 88' lang='lat' dir='ltr'><strong>deni</strong></span> <span class='ocrx_word' id='word_1_255' title='bbox 1098 3951 1300 4016; x_wconf 86' lang='lat' dir='ltr'><strong>equites</strong></span> 
     </span>
     <span class='ocr_line' id='line_1_42' title="bbox 258 4025 1301 4090; baseline 0.001 -15"><span class='ocrx_word' id='word_1_256' title='bbox 258 4040 319 4075; x_wconf 84' lang='lat' dir='ltr'><strong>ex</strong></span> <span class='ocrx_word' id='word_1_257' title='bbox 334 4029 497 4079; x_wconf 84' lang='lat' dir='ltr'><strong>tribus</strong></span> <span class='ocrx_word' id='word_1_258' title='bbox 512 4029 776 4080; x_wconf 81' lang='lat' dir='ltr'><strong>Tribubus</strong></span> <span class='ocrx_word' id='word_1_259' title='bbox 789 4028 1129 4090; x_wconf 73' lang='lat' dir='ltr'><strong>Tutiensiuru,</strong></span> <span class='ocrx_word' id='word_1_260' title='bbox 1145 4025 1301 4077; x_wconf 77' lang='lat' dir='ltr'><strong>Ram·</strong></span> 
     </span>
     <span class='ocr_line' id='line_1_43' title="bbox 258 4102 1300 4167; baseline 0.003 -16"><span class='ocrx_word' id='word_1_261' title='bbox 258 4102 407 4167; x_wconf 89' lang='lat' dir='ltr'><strong>nium,</strong></span> <span class='ocrx_word' id='word_1_262' title='bbox 450 4112 506 4154; x_wconf 90' lang='lat' dir='ltr'><strong>et</strong></span> <span class='ocrx_word' id='word_1_263' title='bbox 555 4106 809 4156; x_wconf 85' lang='lat' dir='ltr'><strong>Lucerum</strong></span> <span class='ocrx_word' id='word_1_264' title='bbox 853 4103 1087 4155; x_wconf 83' lang='lat' dir='ltr'><strong>fiebant.&#39;</strong></span> <span class='ocrx_word' id='word_1_265' title='bbox 1169 4103 1300 4154; x_wconf 85' lang='lat' dir='ltr'><strong>Cum</strong></span> 
     </span>
     <span class='ocr_line' id='line_1_44' title="bbox 261 4179 1300 4245; baseline 0.001 -18"><span class='ocrx_word' id='word_1_266' title='bbox 261 4186 423 4231; x_wconf 77' lang='lat' dir='ltr'><strong>autem</strong></span> <span class='ocrx_word' id='word_1_267' title='bbox 442 4180 538 4231; x_wconf 89' lang='lat' dir='ltr'><strong>snb</strong></span> <span class='ocrx_word' id='word_1_268' title='bbox 557 4182 770 4233; x_wconf 86' lang='lat' dir='ltr'><strong>Romulo</strong></span> <span class='ocrx_word' id='word_1_269' title='bbox 787 4179 1013 4232; x_wconf 83' lang='lat' dir='ltr'><strong>trecenti</strong></span> <span class='ocrx_word' id='word_1_270' title='bbox 1032 4179 1229 4245; x_wconf 84' lang='lat' dir='ltr'><strong>equites</strong></span> <span class='ocrx_word' id='word_1_271' title='bbox 1247 4179 1300 4228; x_wconf 89' lang='lat' dir='ltr'><strong>in</strong></span> 
     </span>
     <span class='ocr_line' id='line_1_45' title="bbox 260 4253 1303 4325; baseline 0.002 -22"><span class='ocrx_word' id='word_1_272' title='bbox 260 4253 504 4321; x_wconf 81' lang='lat' dir='ltr'><strong>legionem</strong></span> <span class='ocrx_word' id='word_1_273' title='bbox 536 4260 713 4325; x_wconf 79' lang='lat' dir='ltr'><strong>scripti</strong></span> <span class='ocrx_word' id='word_1_274' title='bbox 741 4266 931 4323; x_wconf 78' lang='lat' dir='ltr'><strong>essent,</strong></span> <span class='ocrx_word' id='word_1_275' title='bbox 960 4271 1097 4308; x_wconf 89' lang='lat' dir='ltr'><strong>nunc</strong></span> <span class='ocrx_word' id='word_1_276' title='bbox 1119 4255 1303 4307; x_wconf 81' lang='lat' dir='ltr'><strong>Tullus</strong></span> 
     </span>
    </p>
   </div>
   <div class='ocr_carea' id='block_1_5' title="bbox 1355 1879 2433 3551">
    <p class='ocr_par' dir='ltr' id='par_1_7' title="bbox 1355 1879 2412 2169">
     <span class='ocr_line' id='line_1_46' title="bbox 1356 1879 2407 1945; baseline -0.007 -10"><span class='ocrx_word' id='word_1_277' title='bbox 1356 1883 1597 1945; x_wconf 85' lang='lat' dir='ltr'><strong>totidem,</strong></span> <span class='ocrx_word' id='word_1_278' title='bbox 1638 1882 1692 1933; x_wconf 82' lang='lat' dir='ltr'><strong>id</strong></span> <span class='ocrx_word' id='word_1_279' title='bbox 1739 1887 1838 1945; x_wconf 86' lang='lat' dir='ltr'><strong>est,</strong></span> <span class='ocrx_word' id='word_1_280' title='bbox 1877 1880 2060 1932; x_wconf 85' lang='lat' dir='ltr'><strong>decem</strong></span> <span class='ocrx_word' id='word_1_281' title='bbox 2100 1879 2407 1931; x_wconf 71' lang='lat' dir='ltr'><strong>tricensrias</strong></span> 
     </span>
     <span class='ocr_line' id='line_1_47' title="bbox 1355 1959 2409 2026; baseline -0.005 -13"><span class='ocrx_word' id='word_1_282' title='bbox 1355 1971 1549 2014; x_wconf 72' lang='lat' dir='ltr'><strong>turmas</strong></span> <span class='ocrx_word' id='word_1_283' title='bbox 1571 1976 1636 2012; x_wconf 80' lang='lat' dir='ltr'><strong>ex</strong></span> <span class='ocrx_word' id='word_1_284' title='bbox 1657 1959 1873 2013; x_wconf 82' lang='lat' dir='ltr'><strong>Albanis</strong></span> <span class='ocrx_word' id='word_1_285' title='bbox 1895 1960 2040 2026; x_wconf 67' lang='lat' dir='ltr'><strong>legit.</strong></span> <span class='ocrx_word' id='word_1_286' title='bbox 2087 1960 2174 2010; x_wconf 87' lang='lat' dir='ltr'><strong>De</strong></span> <span class='ocrx_word' id='word_1_287' title='bbox 2197 1972 2409 2008; x_wconf 84' lang='lat' dir='ltr'><strong>numero</strong></span> 
     </span>
     <span class='ocr_line' id='line_1_48' title="bbox 1357 2034 2412 2106; baseline -0.007 -16"><span class='ocrx_word' id='word_1_288' title='bbox 1357 2039 1591 2106; x_wconf 84' lang='lat' dir='ltr'><strong>equitum</strong></span> <span class='ocrx_word' id='word_1_289' title='bbox 1611 2040 1853 2104; x_wconf 86' lang='lat' dir='ltr'><strong>cujusque</strong></span> <span class='ocrx_word' id='word_1_290' title='bbox 1870 2045 2050 2088; x_wconf 64' lang='lat' dir='ltr'><strong>turma</strong></span> <span class='ocrx_word' id='word_1_291' title='bbox 2071 2037 2215 2102; x_wconf 83' lang='lat' dir='ltr'><strong>Lips.</strong></span> <span class='ocrx_word' id='word_1_292' title='bbox 2235 2035 2299 2085; x_wconf 85' lang='lat' dir='ltr'><strong>de</strong></span> <span class='ocrx_word' id='word_1_293' title='bbox 2319 2034 2412 2084; x_wconf 90' lang='lat' dir='ltr'><strong>mi·</strong></span> 
     </span>
     <span class='ocr_line' id='line_1_49' title="bbox 1355 2116 1958 2169; baseline -0.005 -1"><span class='ocrx_word' id='word_1_294' title='bbox 1355 2117 1435 2169; x_wconf 85' lang='lat' dir='ltr'><strong>lit.</strong></span> <span class='ocrx_word' id='word_1_295' title='bbox 1458 2117 1607 2167; x_wconf 84' lang='lat' dir='ltr'><strong>Rom.</strong></span> <span class='ocrx_word' id='word_1_296' title='bbox 1631 2116 1722 2167; x_wconf 85' lang='lat' dir='ltr'><strong>lib.</strong></span> <span class='ocrx_word' id='word_1_297' title='bbox 1746 2130 1811 2167; x_wconf 87' lang='grc' dir='ltr'>ιι.</span> <span class='ocrx_word' id='word_1_298' title='bbox 1842 2129 1888 2165; x_wconf 86' lang='lat' dir='ltr'><strong>c.</strong></span> <span class='ocrx_word' id='word_1_299' title='bbox 1908 2119 1958 2166; x_wconf 84' lang='lat'><strong>6.</strong></span> 
     </span>
    </p>

    <p class='ocr_par' dir='ltr' id='par_1_8' title="bbox 1358 2186 2419 2630">
     <span class='ocr_line' id='line_1_50' title="bbox 1420 2186 2412 2251; baseline -0.008 -7"><span class='ocrx_word' id='word_1_300' title='bbox 1420 2201 1457 2229; x_wconf 76' lang='lat'><strong>¹¹²</strong></span> <span class='ocrx_word' id='word_1_301' title='bbox 1478 2192 1674 2244; x_wconf 76' lang='lat' dir='ltr'><strong>Sabinis</strong></span> <span class='ocrx_word' id='word_1_302' title='bbox 1687 2192 1853 2243; x_wconf 71' lang='grc' dir='ltr'>ὺεὶιιιπι</span> <span class='ocrx_word' id='word_1_303' title='bbox 1868 2186 2068 2251; x_wconf 71' lang='lat' dir='ltr'><strong>indicit]</strong></span> <span class='ocrx_word' id='word_1_304' title='bbox 2088 2189 2303 2240; x_wconf 80' lang='lat' dir='ltr'><strong>Sextum</strong></span> <span class='ocrx_word' id='word_1_305' title='bbox 2315 2187 2412 2237; x_wconf 85' lang='lat' dir='ltr'><strong>hoc</strong></span> 
     </span>
     <span class='ocr_line' id='line_1_51' title="bbox 1358 2264 2417 2321; baseline -0.007 -2"><span class='ocrx_word' id='word_1_306' title='bbox 1358 2277 1541 2321; x_wconf 87' lang='lat' dir='ltr'><strong>contra</strong></span> <span class='ocrx_word' id='word_1_307' title='bbox 1564 2268 1780 2320; x_wconf 84' lang='lat' dir='ltr'><strong>Sabinos</strong></span> <span class='ocrx_word' id='word_1_308' title='bbox 1804 2268 1993 2318; x_wconf 83' lang='lat' dir='ltr'><strong>bellum</strong></span> <span class='ocrx_word' id='word_1_309' title='bbox 2015 2264 2131 2316; x_wconf 84' lang='lat' dir='ltr'><strong>fuit.</strong></span> <span class='ocrx_word' id='word_1_310' title='bbox 2183 2265 2417 2316; x_wconf 82' lang='lat' dir='ltr'><strong>Narran-</strong></span> 
     </span>
     <span class='ocr_line' id='line_1_52' title="bbox 1361 2339 2415 2398; baseline -0.009 -1"><span class='ocrx_word' id='word_1_311' title='bbox 1361 2348 1483 2398; x_wconf 85' lang='lat' dir='ltr'><strong>dum</strong></span> <span class='ocrx_word' id='word_1_312' title='bbox 1504 2347 1590 2397; x_wconf 82' lang='lat' dir='ltr'><strong>hic</strong></span> <span class='ocrx_word' id='word_1_313' title='bbox 1623 2354 1738 2397; x_wconf 79' lang='lat' dir='ltr'><strong>erat</strong></span> <span class='ocrx_word' id='word_1_314' title='bbox 1770 2345 1959 2396; x_wconf 83' lang='lat' dir='ltr'><strong>bellum</strong></span> <span class='ocrx_word' id='word_1_315' title='bbox 1997 2342 2243 2393; x_wconf 80' lang='lat' dir='ltr'><strong>adversus</strong></span> <span class='ocrx_word' id='word_1_316' title='bbox 2265 2339 2415 2390; x_wconf 82' lang='lat' dir='ltr'><strong>Fide·</strong></span> 
     </span>
     <span class='ocr_line' id='line_1_53' title="bbox 1362 2416 2416 2490; baseline -0.009 -16"><span class='ocrx_word' id='word_1_317' title='bbox 1362 2431 1529 2481; x_wconf 79' lang='lat' dir='ltr'><strong>nates.</strong></span> <span class='ocrx_word' id='word_1_318' title='bbox 1552 2423 1639 2490; x_wconf 86' lang='lat' dir='ltr'><strong>qui</strong></span> <span class='ocrx_word' id='word_1_319' title='bbox 1661 2421 1763 2474; x_wconf 82' lang='lat' dir='ltr'><strong>fusi</strong></span> <span class='ocrx_word' id='word_1_320' title='bbox 1787 2429 1842 2473; x_wconf 88' lang='lat' dir='ltr'><strong>et</strong></span> <span class='ocrx_word' id='word_1_321' title='bbox 1861 2420 2058 2471; x_wconf 80' lang='lat' dir='ltr'><strong>obsessi</strong></span> <span class='ocrx_word' id='word_1_322' title='bbox 2080 2431 2192 2469; x_wconf 88' lang='lat' dir='ltr'><strong>sese</strong></span> <span class='ocrx_word' id='word_1_323' title='bbox 2222 2416 2416 2467; x_wconf 77' lang='lat' dir='ltr'><strong>dedere</strong></span> 
     </span>
     <span class='ocr_line' id='line_1_54' title="bbox 1362 2497 2419 2562; baseline -0.009 -11"><span class='ocrx_word' id='word_1_324' title='bbox 1362 2500 1557 2561; x_wconf 80' lang='lat' dir='ltr'><strong>eoacti,</strong></span> <span class='ocrx_word' id='word_1_325' title='bbox 1571 2501 1721 2550; x_wconf 75' lang='lat' dir='ltr'><strong>&#39;Pullo</strong></span> <span class='ocrx_word' id='word_1_326' title='bbox 1744 2498 2060 2562; x_wconf 74' lang='lat' dir='ltr'><strong>triumphum</strong></span> <span class='ocrx_word' id='word_1_327' title='bbox 2082 2497 2419 2560; x_wconf 76' lang='lat' dir='ltr'><strong>pepererunt,</strong></span> 
     </span>
     <span class='ocr_line' id='line_1_55' title="bbox 1363 2575 2063 2630; baseline -0.009 -1"><span class='ocrx_word' id='word_1_328' title='bbox 1363 2586 1423 2629; x_wconf 87' lang='lat' dir='ltr'><strong>ut</strong></span> <span class='ocrx_word' id='word_1_329' title='bbox 1445 2586 1695 2630; x_wconf 81' lang='lat' dir='ltr'><strong>memorat</strong></span> <span class='ocrx_word' id='word_1_330' title='bbox 1712 2575 2063 2627; x_wconf 69' lang='lat' dir='ltr'><strong>Halicarnaso.</strong></span> 
     </span>
    </p>

    <p class='ocr_par' dir='ltr' id='par_1_9' title="bbox 1364 2646 2433 3548">
     <span class='ocr_line' id='line_1_56' title="bbox 1427 2646 2418 2714; baseline -0.013 -7"><span class='ocrx_word' id='word_1_331' title='bbox 1427 2663 1451 2689; x_wconf 85' lang='lat'><strong>¹¹</strong></span> <span class='ocrx_word' id='word_1_332' title='bbox 1503 2655 1589 2706; x_wconf 75' lang='lat' dir='ltr'><strong>Aa</strong></span> <span class='ocrx_word' id='word_1_333' title='bbox 1634 2653 1855 2705; x_wconf 70' lang='lat' dir='ltr'><strong>Feronia</strong></span> <span class='ocrx_word' id='word_1_334' title='bbox 1884 2649 2084 2714; x_wconf 66' lang='lat' dir='ltr'><strong>fuum]</strong></span> <span class='ocrx_word' id='word_1_335' title='bbox 2149 2646 2418 2699; x_wconf 81' lang='lat' dir='ltr'><strong>Feroniam</strong></span> 
     </span>
     <span class='ocr_line' id='line_1_57' title="bbox 1364 2723 2419 2798; baseline -0.012 -14"><span class='ocrx_word' id='word_1_336' title='bbox 1364 2732 1641 2798; x_wconf 75' lang='lat' dir='ltr'><strong>nympham</strong></span> <span class='ocrx_word' id='word_1_337' title='bbox 1680 2729 1976 2794; x_wconf 70' lang='lat' dir='ltr'><strong>Campanize</strong></span> <span class='ocrx_word' id='word_1_338' title='bbox 2010 2732 2164 2777; x_wconf 78' lang='lat' dir='ltr'><strong>vocat</strong></span> <span class='ocrx_word' id='word_1_339' title='bbox 2193 2723 2419 2780; x_wconf 82' lang='lat' dir='ltr'><strong>Servius,</strong></span> 
     </span>
     <span class='ocr_line' id='line_1_58' title="bbox 1365 2805 2424 2875; baseline -0.01 -16"><span class='ocrx_word' id='word_1_340' title='bbox 1365 2823 1482 2875; x_wconf 74' lang='lat' dir='ltr'><strong>quae</strong></span> <span class='ocrx_word' id='word_1_341' title='bbox 1500 2815 1557 2859; x_wconf 92' lang='lat' dir='ltr'><strong>et</strong></span> <span class='ocrx_word' id='word_1_342' title='bbox 1577 2806 1902 2858; x_wconf 80' lang='lat' dir='ltr'><strong>Libertorum</strong></span> <span class='ocrx_word' id='word_1_343' title='bbox 1916 2805 2037 2855; x_wconf 88' lang='lat' dir='ltr'><strong>Dea</strong></span> <span class='ocrx_word' id='word_1_344' title='bbox 2053 2809 2157 2859; x_wconf 85' lang='lat' dir='ltr'><strong>est.</strong></span> <span class='ocrx_word' id='word_1_345' title='bbox 2179 2808 2234 2853; x_wconf 90' lang='lat' dir='ltr'><strong>et</strong></span> <span class='ocrx_word' id='word_1_346' title='bbox 2250 2813 2424 2850; x_wconf 82' lang='lat' dir='ltr'><strong>neruo·</strong></span> 
     </span>
     <span class='ocr_line' id='line_1_59' title="bbox 1365 2875 2423 2947; baseline -0.01 -10"><span class='ocrx_word' id='word_1_347' title='bbox 1365 2889 1514 2947; x_wconf 70' lang='lat' dir='ltr'><strong>tum3</strong></span> <span class='ocrx_word' id='word_1_348' title='bbox 1551 2884 1661 2935; x_wconf 80' lang='lat' dir='ltr'><strong>sive</strong></span> <span class='ocrx_word' id='word_1_349' title='bbox 1697 2881 1863 2947; x_wconf 77' lang='lat' dir='ltr'><strong>virgo.</strong></span> <span class='ocrx_word' id='word_1_350' title='bbox 1893 2881 2001 2932; x_wconf 81' lang='lat' dir='ltr'><strong>sive</strong></span> <span class='ocrx_word' id='word_1_351' title='bbox 2023 2879 2173 2933; x_wconf 68' lang='lat' dir='ltr'><strong>,lovis</strong></span> <span class='ocrx_word' id='word_1_352' title='bbox 2195 2875 2423 2927; x_wconf 78' lang='lat' dir='ltr'><strong>Anxuris</strong></span> 
     </span>
     <span class='ocr_line' id='line_1_60' title="bbox 1366 2956 2425 3013; baseline -0.011 -1"><span class='ocrx_word' id='word_1_353' title='bbox 1366 2972 1514 3013; x_wconf 83' lang='lat' dir='ltr'><strong>uxor.</strong></span> <span class='ocrx_word' id='word_1_354' title='bbox 1566 2959 1774 3012; x_wconf 80' lang='lat' dir='ltr'><strong>Cluver.</strong></span> <span class='ocrx_word' id='word_1_355' title='bbox 1804 2959 1957 3009; x_wconf 83' lang='lat' dir='ltr'><strong>trium</strong></span> <span class='ocrx_word' id='word_1_356' title='bbox 1990 2956 2164 3007; x_wconf 79' lang='lat' dir='ltr'><strong>Italiae</strong></span> <span class='ocrx_word' id='word_1_357' title='bbox 2194 2956 2425 3004; x_wconf 89' lang='lat' dir='ltr'><strong>locorum</strong></span> 
     </span>
     <span class='ocr_line' id='line_1_61' title="bbox 1368 3026 2425 3101; baseline -0.012 -13"><span class='ocrx_word' id='word_1_358' title='bbox 1368 3035 1616 3097; x_wconf 85' lang='lat' dir='ltr'><strong>meminit,</strong></span> <span class='ocrx_word' id='word_1_359' title='bbox 1627 3033 1812 3101; x_wconf 87' lang='lat' dir='ltr'><strong>quibus</strong></span> <span class='ocrx_word' id='word_1_360' title='bbox 1834 3047 1865 3082; x_wconf 91' lang='lat' dir='ltr'><strong>a</strong></span> <span class='ocrx_word' id='word_1_361' title='bbox 1887 3033 2047 3093; x_wconf 86' lang='lat' dir='ltr'><strong>Luco,</strong></span> <span class='ocrx_word' id='word_1_362' title='bbox 2071 3031 2152 3080; x_wconf 82' lang='lat' dir='ltr'><strong>vel</strong></span> <span class='ocrx_word' id='word_1_363' title='bbox 2170 3029 2310 3079; x_wconf 83' lang='lat' dir='ltr'><strong>Fauo</strong></span> <span class='ocrx_word' id='word_1_364' title='bbox 2327 3026 2425 3075; x_wconf 86' lang='lat' dir='ltr'><strong>Fe-</strong></span> 
     </span>
     <span class='ocr_line' id='line_1_62' title="bbox 1368 3103 2426 3168; baseline -0.009 -6"><span class='ocrx_word' id='word_1_365' title='bbox 1368 3111 1531 3162; x_wconf 76' lang='lat' dir='ltr'><strong>roniae</strong></span> <span class='ocrx_word' id='word_1_366' title='bbox 1546 3124 1751 3161; x_wconf 84' lang='lat' dir='ltr'><strong>nomen.</strong></span> <span class='ocrx_word' id='word_1_367' title='bbox 1786 3108 2018 3159; x_wconf 89' lang='lat' dir='ltr'><strong>Primum</strong></span> <span class='ocrx_word' id='word_1_368' title='bbox 2037 3105 2088 3156; x_wconf 85' lang='lat' dir='ltr'><strong>in</strong></span> <span class='ocrx_word' id='word_1_369' title='bbox 2102 3118 2227 3168; x_wconf 69' lang='lat' dir='ltr'><strong>egro</strong></span> <span class='ocrx_word' id='word_1_370' title='bbox 2239 3103 2426 3153; x_wconf 75' lang='lat' dir='ltr'><strong>Pome-</strong></span> 
     </span>
     <span class='ocr_line' id='line_1_63' title="bbox 1371 3179 2428 3249; baseline -0.011 -10"><span class='ocrx_word' id='word_1_371' title='bbox 1371 3187 1478 3239; x_wconf 83' lang='lat' dir='ltr'><strong>tino</strong></span> <span class='ocrx_word' id='word_1_372' title='bbox 1509 3179 1612 3238; x_wconf 80' lang='lat' dir='ltr'><strong>fuit</strong></span> <span class='ocrx_word' id='word_1_373' title='bbox 1644 3185 1780 3249; x_wconf 87' lang='lat' dir='ltr'><strong>apud</strong></span> <span class='ocrx_word' id='word_1_374' title='bbox 1807 3184 2037 3247; x_wconf 82' lang='lat' dir='ltr'><strong>Volscos,</strong></span> <span class='ocrx_word' id='word_1_375' title='bbox 2071 3181 2209 3247; x_wconf 87' lang='lat' dir='ltr'><strong>quod</strong></span> <span class='ocrx_word' id='word_1_376' title='bbox 2234 3179 2428 3243; x_wconf 80' lang='lat' dir='ltr'><strong>Diony-</strong></span> 
     </span>
     <span class='ocr_line' id='line_1_64' title="bbox 1371 3254 2429 3321; baseline -0.009 -8"><span class='ocrx_word' id='word_1_377' title='bbox 1371 3261 1474 3314; x_wconf 88' lang='lat' dir='ltr'><strong>sius</strong></span> <span class='ocrx_word' id='word_1_378' title='bbox 1501 3261 1664 3314; x_wconf 82' lang='lat' dir='ltr'><strong>refert</strong></span> <span class='ocrx_word' id='word_1_379' title='bbox 1683 3258 2188 3313; x_wconf 78' lang='lat' dir='ltr'><strong>Lacedaemoniorum</strong></span> <span class='ocrx_word' id='word_1_380' title='bbox 2203 3254 2429 3321; x_wconf 76' lang='lat' dir='ltr'><strong>Lycurgi</strong></span> 
     </span>
     <span class='ocr_line' id='line_1_65' title="bbox 1371 3331 2431 3402; baseline -0.01 -13"><span class='ocrx_word' id='word_1_381' title='bbox 1371 3340 1706 3391; x_wconf 82' lang='lat' dir='ltr'><strong>severitatem</strong></span> <span class='ocrx_word' id='word_1_382' title='bbox 1743 3336 2055 3402; x_wconf 76' lang='lat' dir='ltr'><strong>fugientium</strong></span> <span class='ocrx_word' id='word_1_383' title='bbox 2095 3331 2255 3382; x_wconf 84' lang='lat' dir='ltr'><strong>fuisse</strong></span> <span class='ocrx_word' id='word_1_384' title='bbox 2295 3331 2431 3381; x_wconf 86' lang='lat' dir='ltr'><strong>colo·</strong></span> 
     </span>
     <span class='ocr_line' id='line_1_66' title="bbox 1372 3407 2432 3477; baseline -0.012 -10"><span class='ocrx_word' id='word_1_385' title='bbox 1372 3418 1529 3468; x_wconf 78' lang='lat' dir='ltr'><strong>niam.</strong></span> <span class='ocrx_word' id='word_1_386' title='bbox 1596 3411 1668 3467; x_wconf 83' lang='lat' dir='ltr'><strong>Hi</strong></span> <span class='ocrx_word' id='word_1_387' title='bbox 1716 3413 1853 3465; x_wconf 91' lang='lat' dir='ltr'><strong>enim</strong></span> <span class='ocrx_word' id='word_1_388' title='bbox 1896 3426 2095 3477; x_wconf 70' lang='lat' dir='ltr'><strong>agrum,</strong></span> <span class='ocrx_word' id='word_1_389' title='bbox 2136 3407 2226 3462; x_wconf 78' lang='lat' dir='ltr'><strong>ubi</strong></span> <span class='ocrx_word' id='word_1_390' title='bbox 2268 3421 2432 3471; x_wconf 83' lang='lat' dir='ltr'><strong>appu·</strong></span> 
     </span>
     <span class='ocr_line' id='line_1_67' title="bbox 1370 3482 2433 3551; baseline -0.013 -7"><span class='ocrx_word' id='word_1_391' title='bbox 1370 3495 1564 3551; x_wconf 85' lang='lat' dir='ltr'><strong>lerunt,</strong></span> <span class='ocrx_word' id='word_1_392' title='bbox 1608 3490 1880 3543; x_wconf 71' lang='lat' dir='ltr'><strong>Feroniam</strong></span> <span class='ocrx_word' id='word_1_393' title='bbox 1926 3488 2126 3548; x_wconf 85' lang='lat' dir='ltr'><strong>dixere,</strong></span> <span class='ocrx_word' id='word_1_394' title='bbox 2166 3482 2303 3548; x_wconf 86' lang='lat' dir='ltr'><strong>quod</strong></span> <span class='ocrx_word' id='word_1_395' title='bbox 2342 3495 2433 3531; x_wconf 87' lang='lat' dir='ltr'><strong>eos</strong></span> 
     </span>
    </p>
   </div>
   <div class='ocr_carea' id='block_1_6' title="bbox 1372 3559 2435 4316">
    <p class='ocr_par' dir='ltr' id='par_1_10' title="bbox 1372 3559 2434 4316">
     <span class='ocr_line' id='line_1_68' title="bbox 1373 3559 2432 3636; baseline -0.016 -15"><span class='ocrx_word' id='word_1_396' title='bbox 1373 3584 1468 3636; x_wconf 85' lang='lat' dir='ltr'><strong>per</strong></span> <span class='ocrx_word' id='word_1_397' title='bbox 1489 3582 1632 3619; x_wconf 89' lang='lat' dir='ltr'><strong>mare</strong></span> <span class='ocrx_word' id='word_1_398' title='bbox 1650 3561 1775 3618; x_wconf 80' lang='lat' dir='ltr'><strong>ferri</strong></span> <span class='ocrx_word' id='word_1_399' title='bbox 1796 3564 2135 3630; x_wconf 79' lang='lat' dir='ltr'><strong>contigisset·</strong></span> <span class='ocrx_word' id='word_1_400' title='bbox 2161 3559 2432 3622; x_wconf 86' lang='lat' dir='ltr'><strong>ternplum·</strong></span> 
     </span>
     <span class='ocr_line' id='line_1_69' title="bbox 1372 3632 2432 3710; baseline -0.013 -14"><span class='ocrx_word' id='word_1_401' title='bbox 1372 3659 1474 3710; x_wconf 86' lang='lat' dir='ltr'><strong>que</strong></span> <span class='ocrx_word' id='word_1_402' title='bbox 1500 3643 1654 3693; x_wconf 78' lang='lat' dir='ltr'><strong>Divae</strong></span> <span class='ocrx_word' id='word_1_403' title='bbox 1677 3641 1914 3693; x_wconf 56' lang='lat' dir='ltr'><strong>Feroniae</strong></span> <span class='ocrx_word' id='word_1_404' title='bbox 1953 3645 2313 3695; x_wconf 81' lang='lat' dir='ltr'><strong>construxere,</strong></span> <span class='ocrx_word' id='word_1_405' title='bbox 2346 3632 2432 3682; x_wconf 90' lang='lat' dir='ltr'><strong>cui</strong></span> 
     </span>
     <span class='ocr_line' id='line_1_70' title="bbox 1375 3710 2432 3781; baseline -0.013 -9"><span class='ocrx_word' id='word_1_406' title='bbox 1375 3729 1500 3773; x_wconf 81' lang='lat' dir='ltr'><strong>vota</strong></span> <span class='ocrx_word' id='word_1_407' title='bbox 1534 3719 1791 3771; x_wconf 82' lang='lat' dir='ltr'><strong>fecerant.</strong></span> <span class='ocrx_word' id='word_1_408' title='bbox 1857 3715 2122 3781; x_wconf 89' lang='lat' dir='ltr'><strong>Oppidum</strong></span> <span class='ocrx_word' id='word_1_409' title='bbox 2149 3712 2247 3760; x_wconf 83' lang='lat' dir='ltr'><strong>hoc</strong></span> <span class='ocrx_word' id='word_1_410' title='bbox 2271 3710 2324 3760; x_wconf 91' lang='lat' dir='ltr'><strong>in</strong></span> <span class='ocrx_word' id='word_1_411' title='bbox 2348 3711 2432 3760; x_wconf 83' lang='lat' dir='ltr'><strong>via</strong></span> 
     </span>
     <span class='ocr_line' id='line_1_71' title="bbox 1373 3786 2435 3863; baseline -0.013 -14"><span class='ocrx_word' id='word_1_412' title='bbox 1373 3797 1571 3863; x_wconf 82' lang='lat' dir='ltr'><strong>Appia,</strong></span> <span class='ocrx_word' id='word_1_413' title='bbox 1596 3797 1682 3847; x_wconf 80' lang='lat' dir='ltr'><strong>vix</strong></span> <span class='ocrx_word' id='word_1_414' title='bbox 1707 3794 1871 3845; x_wconf 83' lang='lat' dir='ltr'><strong>tribus</strong></span> <span class='ocrx_word' id='word_1_415' title='bbox 1894 3789 2178 3843; x_wconf 79' lang='lat' dir='ltr'><strong>Tarracius</strong></span> <span class='ocrx_word' id='word_1_416' title='bbox 2208 3786 2435 3838; x_wconf 83' lang='lat' dir='ltr'><strong>milliari·</strong></span> 
     </span>
     <span class='ocr_line' id='line_1_72' title="bbox 1373 3861 2433 3933; baseline -0.013 -8"><span class='ocrx_word' id='word_1_417' title='bbox 1373 3873 1468 3924; x_wconf 88' lang='lat' dir='ltr'><strong>bus</strong></span> <span class='ocrx_word' id='word_1_418' title='bbox 1484 3873 1697 3933; x_wconf 81' lang='lat' dir='ltr'><strong>distans,</strong></span> <span class='ocrx_word' id='word_1_419' title='bbox 1713 3882 1898 3920; x_wconf 88' lang='lat' dir='ltr'><strong>nomen</strong></span> <span class='ocrx_word' id='word_1_420' title='bbox 1922 3865 2092 3916; x_wconf 86' lang='lat' dir='ltr'><strong>adhuc</strong></span> <span class='ocrx_word' id='word_1_421' title='bbox 2113 3878 2179 3914; x_wconf 84' lang='lat' dir='ltr'><strong>ex</strong></span> <span class='ocrx_word' id='word_1_422' title='bbox 2197 3861 2433 3913; x_wconf 73' lang='lat' dir='ltr'><strong>Ferrario</strong></span> 
     </span>
     <span class='ocr_line' id='line_1_73' title="bbox 1373 3923 2434 4011; baseline -0.012 -11"><span class='ocrx_word' id='word_1_423' title='bbox 1373 3951 1425 4000; x_wconf 90' lang='lat' dir='ltr'><strong>in</strong></span> <span class='ocrx_word' id='word_1_424' title='bbox 1439 3950 1557 4000; x_wconf 88' lang='lat' dir='ltr'><strong>lacu</strong></span> <span class='ocrx_word' id='word_1_425' title='bbox 1574 3948 1806 4011; x_wconf 79' lang='lat' dir='ltr'><strong>proximo</strong></span> <span class='ocrx_word' id='word_1_426' title='bbox 1820 3950 2013 3998; x_wconf 80' lang='lat' dir='ltr'><strong>servat.</strong></span> <span class='ocrx_word' id='word_1_427' title='bbox 2024 3941 2160 4003; x_wconf 69' lang='lat' dir='ltr'><strong>Lago</strong></span> <span class='ocrx_word' id='word_1_428' title='bbox 2168 3940 2220 3989; x_wconf 78' lang='lat' dir='ltr'><strong>di</strong></span> <span class='ocrx_word' id='word_1_429' title='bbox 2233 3923 2434 3989; x_wconf 62' lang='lat' dir='ltr'><strong>Fam.</strong></span> 
     </span>
     <span class='ocr_line' id='line_1_74' title="bbox 1374 4013 2435 4083; baseline -0.015 -6"><span class='ocrx_word' id='word_1_430' title='bbox 1374 4025 1528 4077; x_wconf 88' lang='lat' dir='ltr'><strong>Alter</strong></span> <span class='ocrx_word' id='word_1_431' title='bbox 1549 4026 1693 4074; x_wconf 91' lang='lat' dir='ltr'><strong>locus</strong></span> <span class='ocrx_word' id='word_1_432' title='bbox 1726 4022 1776 4071; x_wconf 89' lang='lat' dir='ltr'><strong>in</strong></span> <span class='ocrx_word' id='word_1_433' title='bbox 1806 4033 1928 4083; x_wconf 69' lang='lat' dir='ltr'><strong>egro</strong></span> <span class='ocrx_word' id='word_1_434' title='bbox 1958 4018 2156 4067; x_wconf 81' lang='lat' dir='ltr'><strong>Tusciae</strong></span> <span class='ocrx_word' id='word_1_435' title='bbox 2187 4013 2435 4070; x_wconf 82' lang='lat' dir='ltr'><strong>Lunensi,</strong></span> 
     </span>
     <span class='ocr_line' id='line_1_75' title="bbox 1377 4092 2434 4162; baseline -0.013 -10"><span class='ocrx_word' id='word_1_436' title='bbox 1377 4103 1514 4154; x_wconf 88' lang='lat' dir='ltr'><strong>inter</strong></span> <span class='ocrx_word' id='word_1_437' title='bbox 1555 4101 1776 4162; x_wconf 79' lang='lat' dir='ltr'><strong>Mucrae,</strong></span> <span class='ocrx_word' id='word_1_438' title='bbox 1809 4103 1865 4147; x_wconf 86' lang='lat' dir='ltr'><strong>et</strong></span> <span class='ocrx_word' id='word_1_439' title='bbox 1909 4093 2038 4145; x_wconf 82' lang='lat' dir='ltr'><strong>Arni</strong></span> <span class='ocrx_word' id='word_1_440' title='bbox 2078 4092 2244 4142; x_wconf 84' lang='lat' dir='ltr'><strong>ostia:</strong></span> <span class='ocrx_word' id='word_1_441' title='bbox 2296 4104 2434 4140; x_wconf 89' lang='lat' dir='ltr'><strong>nunc</strong></span> 
     </span>
     <span class='ocr_line' id='line_1_76' title="bbox 1376 4168 2434 4242; baseline -0.015 -14"><span class='ocrx_word' id='word_1_442' title='bbox 1376 4179 1532 4242; x_wconf 82' lang='lat' dir='ltr'><strong>vulgo</strong></span> <span class='ocrx_word' id='word_1_443' title='bbox 1554 4173 1728 4226; x_wconf 79' lang='lat' dir='ltr'><strong>Pietra</strong></span> <span class='ocrx_word' id='word_1_444' title='bbox 1758 4177 1914 4222; x_wconf 78' lang='lat' dir='ltr'><strong>sunta.</strong></span> <span class='ocrx_word' id='word_1_445' title='bbox 1978 4168 2041 4219; x_wconf 91' lang='lat' dir='ltr'><strong>In</strong></span> <span class='ocrx_word' id='word_1_446' title='bbox 2079 4181 2200 4233; x_wconf 81' lang='lat' dir='ltr'><strong>agro</strong></span> <span class='ocrx_word' id='word_1_447' title='bbox 2229 4177 2434 4232; x_wconf 81' lang='lat' dir='ltr'><strong>quoqne</strong></span> 
     </span>
     <span class='ocr_line' id='line_1_77' title="bbox 1376 4239 2433 4316; baseline -0.016 -11"><span class='ocrx_word' id='word_1_448' title='bbox 1376 4253 1603 4304; x_wconf 82' lang='lat' dir='ltr'><strong>Etruriae</strong></span> <span class='ocrx_word' id='word_1_449' title='bbox 1625 4252 1899 4316; x_wconf 84' lang='lat' dir='ltr'><strong>Capenate</strong></span> <span class='ocrx_word' id='word_1_450' title='bbox 1929 4245 2027 4297; x_wconf 88' lang='lat' dir='ltr'><strong>sub</strong></span> <span class='ocrx_word' id='word_1_451' title='bbox 2061 4251 2235 4296; x_wconf 84' lang='lat' dir='ltr'><strong>monte</strong></span> <span class='ocrx_word' id='word_1_452' title='bbox 2271 4239 2433 4291; x_wconf 81' lang='lat' dir='ltr'><strong>Falis-</strong></span> 
     </span>
    </p>
   </div>
  </div>
 </body>
</html>
