3034 4925
557 361 699 469 334.

1490 416 1562 466 Τ.
1607 415 1802 469 mvn

558 562 795 651 cupari
851 561 1056 630 latius
1113 560 1375 649 imperii
1431 561 1603 629 fines
1663 562 1973 647 volebat3
2019 560 2317 649 Signiam
2336 567 2369 599 ¹¹
2411 542 2748 629 Circeios-⁸

558 688 687 754 que
706 677 734 704 ¹
777 668 1051 735 colonos
1092 668 1295 745 misit,
1344 666 1659 752 praesidia
1706 667 1877 733 Urbi
1922 667 2151 756 futura
2196 674 2373 731 terra
2425 666 2743 752 marique.

558 756 737 838 Haec
787 773 1004 855 agenti
1051 777 1437 857 portentum
1490 771 1783 838 terribile
1833 772 2076 839 visum.
2143 770 2452 856 *Anguiffi
2493 789 2583 835 ex
2633 790 2743 866 co·

556 875 791 970 lumna
811 875 1027 968 lignea
1053 876 1380 961 elapsus,1
1410 895 1567 942 cum
1595 884 1916 958 terrorem
1945 877 2304 961 fugamque
2335 876 2406 940 in
2437 875 2684 958 regiam
2697 881 2747 913 ¹⁰

558 978 858 1058 fecisset,
890 990 917 1029 Β
990 979 1208 1064 ipsius
1259 980 1433 1063 regis
1486 1000 1619 1045 non
1677 983 1841 1046 tam³
1876 979 2108 1046 subito
2157 979 2407 1065 pavore
2463 976 2746 1063 perculit

559 1081 824 1167 pectus,
853 1101 1051 1166 quam
1077 1082 1296 1148 anxiis
1327 1083 1637 1167 implevit
1661 1084 1860 1149 curis·
1911 1083 2154 1168 Itaque
2186 1102 2336 1147 cum
2360 1082 2448 1148 ad
2477 1080 2746 1167 publica

555 1182 870 1270 prodigia
900 1186 1168 1251 Etrusci
1199 1193 1452 1278 tantum
1470 1193 1494 1220 ⁸
1525 1193 1721 1252 vates
1752 1186 2243 1264 adhiberentur,
2273 1185 2401 1251 hoo
2427 1185 2616 1250 velut
2638 1183 2740 1248 do-

554 1288 833 1355 mestico
861 1287 1219 1355 exterritus
1245 1290 1450 1370 visu,⁸
1483 1290 1785 1377 Delphos
1806 1289 1832 1328 δ
1876 1291 1966 1357 ad
1995 1291 2295 1356 maxime
2320 1289 2651 1374 inclytum
2680 1284 2743 1351 in

571 1481 577 1485 ·
617 1466 648 1501 τ
679 1459 866 1510 Metam
881 1459 1141 1519 intulisset,
1163 1466 1212 1511 et
1231 1460 1479 1525 adfingant
1498 1462 1793 1528 compulisset
1815 1462 1869 1514 in
1884 1462 2070 1526 regium
2089 1472 2234 1527 usquc
2254 1474 2334 1512 m
2350 1458 2435 1525 qui
2455 1460 2675 1510 oderent.

1466 1593 1829 1615 “OQM“

616 1690 651 1737 9
678 1687 940 1741 Emendat
958 1688 1137 1755 Sigon.
1169 1705 1234 1742 ex
1258 1698 1361 1745 vet.
1383 1692 1472 1744 lib.
1494 1692 1608 1759 ipsi,
1628 1693 1952 1759 improbante
1970 1695 2023 1747 J.
2044 1694 2104 1745 F.
2133 1692 2422 1744 Gronov.-
2433 1693 2500 1740 10
2534 1686 2743 1739 Emend-

1539 1824 1758 1876 NOTAE

618 1924 643 1951 “
672 1915 918 1986 Signiam]
979 1918 1134 1971 Hanc
1177 1920 1357 1972 urbem
1397 1922 1451 1972 in
1474 1919 1609 1984 'vol-

553 2010 759 2048 scorum
780 1996 986 2060 tinibus,
1003 1998 1139 2049 inter
1156 1999 1400 2052 Suessam
1422 2001 1609 2052 Pome-

555 2073 681 2126 tiam
704 2080 761 2124 et
782 2074 1120 2127 Ferentinum
1158 2077 1504 2128 Hernicorum
1543 2078 1608 2128 si-

554 2158 679 2212 tam,
704 2165 827 2202 essu
848 2150 1071 2204 fortuito
1094 2153 1446 2205 Romanorum
1469 2155 1609 2206 colo·

550 2227 690 2277 nium
713 2225 908 2278 factam
945 2229 1112 2295 aiunt,
1140 2243 1257 2281 cum
1281 2232 1471 2281 milites
1493 2246 1613 2283 ess·

554 2311 656 2370 tra,
686 2304 777 2355 ubi
810 2306 1194 2373 hybernabsut,
1217 2309 1268 2358 in
1292 2308 1471 2374 oppidi
1503 2324 1608 2359 mo·

553 2380 676 2433 dum
715 2383 1155 2436 communiissent.
1223 2387 1424 2438 Nomen
1459 2399 1610 2435 acce-

549 2455 688 2524 pisse
711 2459 918 2512 videtur
950 2476 981 2511 a
1019 2461 1179 2527 signis
1211 2478 1327 2529 quae
1351 2478 1415 2513 eo
1439 2462 1555 2513 loco
1579 2478 1611 2512 s

548 2538 802 2589 militibus
832 2538 935 2589 fixa
971 2538 1194 2593 fuerant.
1261 2540 1439 2592 Hodie
1457 2541 1610 2605 vulgo

550 2613 703 2679 Segni
735 2617 1048 2683 appellatur,
1083 2619 1410 2684 episcopatu,
1431 2633 1492 2669 sc
1514 2617 1609 2669 ‹lu-

532 2696 673 2741 ·catu
698 2691 933 2759 insignis,
955 2695 1007 2745 in
1033 2696 1333 2762 Campaniae
1362 2700 1608 2749 Romano

547 2766 758 2827 finibus,
801 2771 1069 2843 trigesimo
1107 2773 1174 2824 ab
1217 2775 1361 2827 Urbe
1400 2775 1609 2826 milliari

547 2852 718 2895 ortum
745 2859 937 2897 versus.

611 2929 639 2955 x
696 2923 1012 2992 Circeiosque]
1067 2926 1154 2978 Ac
1189 2928 1446 2982 cireaeum
1487 2918 1608 2997 pro.¹

547 3000 881 3063 montorium,
899 3004 1037 3068 quod
1062 3020 1200 3056 nunc
1232 3012 1389 3058 monte
1413 3008 1609 3063 Circen&

558 3073 768 3142 dicitnr,
792 3087 847 3129 et
887 3080 1087 3146 Circes,
1119 3083 1273 3149 Solis,
1303 3085 1390 3147 vel
1429 3087 1605 3151 potius

553 3147 719 3202 AEetae
756 3153 1061 3206 Colchorum
1103 3159 1258 3221 regis,
1301 3158 1444 3235 iilioe,
1487 3177 1607 3228 quae

546 3227 759 3292 magicis
793 3229 990 3281 artibus
1030 3232 1244 3299 insignis
1283 3250 1347 3287 eo
1372 3238 1485 3288 loco
1514 3239 1603 3289 ha-

545 3301 775 3365 bitasse
762 3320 813 3355 m
842 3305 1030 3360 fabulis
1062 3319 1395 3372 memoratur,
1418 3328 1604 3366 nomen

543 3370 714 3433 adhuc
760 3394 951 3436 servat.
1016 3387 1187 3438 Fuere
1220 3389 1411 3442 Circeii
1456 3392 1604 3457 oppi-

543 3458 679 3541 dum.
712 3462 850 3513 inter
900 3466 1108 3516 Clostra
1151 3473 1209 3518 et
1251 3469 1604 3537 Tarracinam,

545 3554 647 3605 quo
688 3541 998 3607 Tarquinius
1055 3544 1308 3597 coloniam
1364 3545 1602 3609 deduxit,

540 3616 715 3683 quod
703 3635 754 3670 in
780 3616 1063 3687 Pomptino
1083 3638 1268 3689 campo
1283 3625 1443 3677 totius
1462 3626 1600 3678 Latii

541 3696 802 3747 uberrimo
825 3699 1005 3750 locus
991 3714 1034 3751 is
1068 3701 1202 3755 situs
1226 3709 1329 3766 est,
1351 3702 1406 3753 in
1430 3710 1599 3755 tumu-

543 3772 595 3824 lo
627 3776 717 3840 qui
739 3779 868 3829 muri
890 3780 1154 3843 Tyrrheno
1179 3781 1443 3833 imminet:
1477 3797 1600 3848 pars

541 3854 875 3915 continentis,
917 3859 1044 3911 licet
1094 3860 1160 3911 sb
1204 3861 1439 3913 Homero
1482 3868 1596 3912 tsn-

541 3940 696 3992 quam
719 3932 885 3983 insula
907 3935 1251 3989 describatur.
1317 3939 1470 3989 Hanc
1509 3954 1596 3990 ve·

538 4017 599 4052 ro
638 4007 891 4060 coloniam
912 4011 1222 4079 Tarquinius
1256 4014 1459 4067 Arunti
1470 4015 1597 4083 filio,

536 4082 771 4150 Signiam
792 4087 930 4145 Tito,
951 4092 1092 4142 velut
1120 4094 1497 4153 conditoribus,
1521 4096 1598 4146 di

533 4167 692 4218 cavit.

533 4320 846 4373 Portentum
861 4321 958 4373 hoc
981 4321 1058 4372 sic
1074 4324 1323 4379 describit
1346 4328 1504 4383 Ovid.
1529 4331 1582 4382 in

1683 1923 1828 1974 Fast.
1851 1923 1934 1973 'n-
1979 1919 2209 1974 “mediis
2268 1919 2523 1972 altaribus
2570 1917 2743 1985 unguis

1685 1999 1832 2063 Exit,
1853 2007 1908 2049 et
1930 1998 2180 2051 extinctis
2204 1997 2411 2063 ignibus
2425 2003 2553 2046 exta
2576 1992 2746 2060 rapit?

1682 2075 1839 2128 Aliud
1864 2075 2178 2142 prodigium,
2201 2090 2305 2141 quo
2323 2072 2509 2126 ultimo
2532 2071 2742 2139 Tarqui-

1682 2155 1798 2205 nius
1819 2154 1884 2205 de
1909 2153 2195 2205 infortunio
2219 2151 2511 2203 domestico
2537 2164 2743 2216 premo·

1682 2232 1822 2282 nitus
1843 2240 1944 2296 est,
1959 2240 2202 2282 narratur
2223 2245 2256 2280 s
2277 2229 2541 2293 Dionysio
2562 2228 2652 2280 lib.
2672 2241 2744 2279 iv.

1682 2309 1860 2361 nidum
1885 2324 2090 2375 nempe,
2119 2311 2206 2375 qni
2246 2307 2312 2359 ab
2335 2307 2526 2373 aquilis
2548 2307 2742 2358 duabu

1683 2386 1735 2436 in
1759 2388 1948 2456 pulmoe
1972 2388 2172 2439 vertice
2204 2400 2307 2438 non
2332 2386 2516 2451 procul
2556 2400 2587 2435 a
2609 2385 2741 2448 regis

1683 2472 2015 2523 constructus
2072 2471 2207 2529 erat,
2262 2465 2329 2515 ab
2380 2460 2740 2513 advolantibus

1682 2543 1987 2605 vulturibus·
2009 2542 2377 2601 disturbatum,
2407 2542 2615 2592 necatis
2658 2541 2741 2591 im·

1683 2620 1944 2685 plumibus
2004 2621 2180 2687 pullis,
2228 2620 2470 2685 ipsosque
2515 2634 2548 2668 n
2590 2624 2740 2683 pastu

1682 2696 1959 2759 redeuntes
2014 2699 2217 2764 aquilas
2272 2711 2304 2746 ι
2347 2697 2525 2762 palma
2566 2695 2738 2748 rostris

1681 2773 1879 2840 alisque
1901 2775 2136 2826 abactas.

1743 2860 1765 2886 ¹
1803 2853 1993 2903 Etrusci
2026 2852 2236 2918 tonum]
2270 2851 2408 2905 Quis
2436 2852 2621 2917 major,
2640 2865 2739 2901 ns·

1680 2927 1865 2996 gisque
1912 2929 2068 2980 anxia
2109 2927 2512 2980 domesticarum
2555 2944 2739 2992 rerum,

1680 3023 1834 3074 quam
1857 3009 2179 3074 publicarum
2201 3023 2344 3065 cura,
2382 3013 2442 3059 et
2475 3009 2643 3074 major
2665 3023 2737 3058 rc·

1677 3088 1777 3138 bus
1796 3102 1828 3140 e
1865 3089 2148 3155 longinquo
2170 3089 2352 3152 honor,
2372 3103 2478 3138 non
2501 3087 2734 3139 sufficere

1678 3179 1817 3216 nuuc
1840 3167 1953 3217 viss
1984 3165 2265 3234 Tarquinio
2293 3171 2376 3217 est
2398 3166 2733 3218 Etruscorum

1678 3257 1709 3292 e
1733 3243 1968 3309 proximo
1989 3243 2301 3309 aruspicina.
2368 3242 2588 3310 Itaque·
2575 3257 2732 3309 ipsum

1677 3317 1932 3387 Apollinis
1946 3323 2210 3373 oraculum
2228 3321 2597 3373 consulendum
2621 3334 2735 3372 cen·

1676 3400 1798 3453 suit.

1740 3484 1765 3512 ⁸
1796 3477 1907 3527 Hoc
1946 3479 2075 3528 velut
2096 3474 2348 3530 domestico
2380 3476 2645 3527 exterritus
2662 3474 2730 3526 oi·

1673 3554 1754 3623 su]
1808 3555 2035 3606 Nomina
2076 3556 2207 3606 visus
2239 3562 2298 3606 et
2338 3554 2496 3605 visum
2526 3570 2587 3605 ac
2617 3554 2733 3605 visio

1676 3640 1946 3684 sumuntur
1989 3636 2294 3699 plerumque
2350 3645 2448 3696 pro
2492 3634 2727 3697 phantas-

1672 3716 1837 3774 mate,
1858 3723 1951 3759 seu
1968 3715 2179 3774 spectro
2192 3723 2286 3772 per
2302 3708 2554 3758 somnium
2576 3721 2729 3774 apps-

1672 3793 1863 3837 rentez
1918 3786 2013 3837 sed
2067 3800 2433 3851 nonnunquam
2493 3785 2728 3836 dicuntur

1670 3867 1829 3916 etism
1853 3864 1920 3917 de
1958 3865 2238 3931 portentis,
2266 3878 2381 3930 quse
2408 3880 2441 3914 a
2475 3862 2726 3928 vigilanti·

1659 3943 1763 3994 -bus
1807 3950 2114 4002 cernuntur,
2165 3949 2226 3994 ut
2269 3938 2408 4006 apud
2455 3940 2724 4006 Virgilium

1666 4035 1758 4071 111.
1781 4017 1988 4071 AEneid.
2022 4023 2039 4049 ⁸
2063 4019 2182 4070 Rite
2204 4017 2553 4068 secundarent
2577 4017 2728 4079 visus,

1667 4111 1919 4164 omenque
1962 4095 2264 4147 levarentz’
2312 4092 2402 4144 ubi
2448 4094 2617 4159 agitur
2660 4091 2725 4141 de

924 4194 939 4211 ·
1665 4176 1914 4243 sanguine
1935 4189 2002 4226 ex
2026 4172 2295 4226 arboribus
2313 4170 2380 4222 sb
2396 4170 2561 4221 AEnea
2580 4169 2721 4220 cesis

599 4253 623 4288 r
657 4244 868 4307 Aug-uis,
888 4259 950 4294 ex
970 4248 1180 4298 edumas
1202 4250 1361 4314 ligneo
1380 4253 1592 4319 elapsus]
1662 4260 1922 4305 manante.
2793 4242 2801 4250 ⁶

1728 4330 1753 4366 ¹³
1785 4328 2024 4396 Delphos]
2049 4328 2115 4380 In
2139 4324 2371 4380 Phocide
2395 4324 2622 4391 regione.
2643 4330 2720 4375 to-
