3034 4925
983 899 1905 983 SERENISSIMO

519 1109 2346 1303 DELPHINO

921 1456 1360 1526 JOANNES
1409 1458 1957 1545 DOUJATIUS

692 1711 1033 1763 SALUTEM
1066 1713 1160 1763 ΕΤ
1192 1715 1681 1766 FELICITATEM
1717 1718 2183 1770 PERPETUAM.

1142 2002 1750 2048 a

352 2260 557 2351 Duo
596 2296 781 2365 sunt,
824 2286 1346 2351 Ssnnmssmn
1388 2287 1800 2366 ancm’s,
1839 2291 2081 2374 quibus
2123 2292 2422 2357 hemines
2456 2292 2544 2356 ad

349 2407 529 2454 verae
559 2391 789 2474 gloriae
819 2389 1085 2456 culmen
1115 2390 1615 2473 perducuntur:
1662 2391 1927 2457 Natura
1956 2401 2162 2479 atque
2193 2394 2544 2459 Doctrina.

350 2490 618 2558 Herum
668 2498 1024 2577 utrumque
1072 2492 1327 2575 Magno
1376 2492 1570 2557 Patri
1621 2495 1819 2558 unice
1868 2503 2034 2578 pest
2083 2496 2299 2560 Deum
2348 2496 2546 2561 debet

350 2593 786 2661 SERENn‘As
831 2596 1023 2660 ΤυΑ.
1086 2593 1199 2660 Ab
1230 2615 1312 2660 eo
1335 2597 1664 2661 virtutum
1695 2598 1954 2665 semina
1977 2596 2311 2678 Regiique
2338 2598 2545 2660 animi

347 2697 677 2779 igniculos
721 2699 1044 2763 nascendi
1080 2698 1401 2762 felicitate
1433 2699 1744 2763 traxisti:
1814 2700 1901 2762 ab
1930 2697 2075 2781 ejus
2120 2697 2547 2780 previdentia

348 2799 576 2865 cultus
601 2800 823 2864 omnis
849 2799 1100 2881 ingenii
1126 2799 1577 2883 proficiscitur
1604 2802 1723 2865 tui.
1812 2799 2115 2882 Cumque
2140 2799 2544 2882 Disciplina,

347 2901 502 2965 hinc
549 2903 944 2985 praecepti&
983 2902 1143 2966 inde
1193 2904 1524 2986 exemplis
1563 2902 1970 2986 perficiatur,
2014 2901 2152 2965 illis
2191 2901 2293 2964 Te
2334 2901 2550 2964 imbui

349 3023 470 3087 per
493 3023 796 3069 summos
823 3005 895 3068 in
937 3004 1120 3069 omni
1162 3005 1488 3069 bonarum
1538 3005 1780 3069 artium
1825 3022 2055 3086 genere
2106 3004 2311 3081 vires,
2362 3000 2549 3086 plus·

350 3126 553 3188 quam
583 3112 868 3190 paterna
907 3106 1333 3171 solicitudine
1370 3108 1649 3184 curavit,
1694 3107 1821 3185 his,
1849 3108 2047 3188 longe
2077 3124 2284 3188 supra
2327 3123 2549 3170 saecu-

351 3209 570 3272 lorum
599 3215 899 3274 veterum
928 3208 1190 3286 heroas,
1222 3227 1340 3290 per
1369 3209 1649 3291 seipse,
1685 3208 1917 3292 Teque
1961 3214 2029 3274 et
2064 3227 2293 3273 omnes
2321 3213 2549 3290 poste-

351 3328 463 3373 ros
484 3310 771 3375 instruit.
856 3310 966 3374 Tu
1003 3329 1190 3387 vero,
1234 3310 1647 3375 DELPHmE
1695 3309 2246 3387 Sssnmussfflss,
2297 3314 2397 3375 tot
2435 3326 2551 3371 na-

352 3411 509 3475 tivis
539 3411 812 3475 eximiae
841 3410 1086 3475 indolis
1117 3409 1396 3475 dotibus
1417 3417 1713 3483 ornatus,
1743 3417 1845 3475 tot
1866 3411 2144 3494 optimae
2168 3410 2548 3493 disciplinae

353 3510 785 3578 adminiculis
823 3513 1141 3596 praeclare
1183 3530 1371 3589 usus,
1402 3510 1781 3594 gratulandi
1819 3512 2018 3577 nobis
2055 3511 2307 3595 totique
2347 3527 2546 3592 regno

351 3614 696 3677 materiam
726 3614 987 3695 praebes
1030 3613 1540 3696 amplissimam.
1628 3613 1986 3678 Enimvero
2030 3611 2235 3696 plena
2272 3610 2550 3675 vixdum

354 3716 729 3800 pubertate,
770 3715 1144 3797 juventutis
1166 3754 1171 3759 -
1190 3734 1324 3779 non
1375 3713 1667 3779 Gallicae
1718 3714 1943 3792 mode,
1994 3714 2116 3778 sed
2170 3710 2549 3794 Europaeae,

355 3823 610 3899 quanta
670 3820 921 3898 quanta
969 3821 1097 3887 est,
1149 3813 1600 3891 scientiarum,
1646 3821 1716 3877 et
1760 3813 1979 3899 (qued
2034 3810 2252 3894 majus
2304 3810 2548 3889 adhuc,

353 3917 592 4002 Teque
636 3917 900 4000 dignius
939 3921 1094 3996 est,)
1120 3918 1463 3995 virtutum,
1507 3935 1645 3980 non
1682 3917 1830 3999 Jam
1874 3934 2015 3998 spe,
2060 3913 2179 3985 sed
2219 3914 2550 3985 uberrimo

354 4020 598 4099 fructu,
631 4039 832 4102 aeque
879 4008 985 4085 ac=
1008 4021 1328 4086 natalium
1381 4018 1768 4103 splendore,
1816 4018 1918 4083 Te
1958 4037 2116 4087 vere
2162 4016 2552 4100 Principem

358 4131 670 4204 praestas.
760 4122 982 4187 Nemo
1027 4124 1284 4206 quippe
1327 4130 1433 4186 est
1475 4122 1595 4205 qui
1636 4141 1790 4186 acre
1834 4119 2000 4184 illud
2030 4119 2368 4201 ingenium
2398 4137 2554 4183 cum

360 4224 713 4309 exquisito
743 4223 1000 4307 judicio
1030 4227 1479 4311 conjunctum,
1511 4225 1859 4290 excelsum
1892 4223 2190 4288 animum
2235 4218 2552 4301 singulari

487 4341 664 4404 Delph.
684 4345 734 4392 et
763 4341 880 4394 ναν.
906 4344 1035 4394 Clas.
1390 4341 1579 4391 Livius.
2373 4333 2422 4383 A

446 4510 537 4585 s?
