3034 4925
1046 362 1194 410 ms.
1241 358 1330 409 η.
1373 358 1541 406 ose.
1583 340 1691 409 61.

2327 336 2457 405 517

239 511 426 588 dis!
474 526 676 594 quam
708 506 948 574 virium
993 514 1109 571 sut
1155 504 1339 589 plebi
1378 501 1676 568 additum
1705 506 1883 567 est¹¹
1937 503 2054 566 aut
2082 497 2382 566 demtum
2406 503 2458 541 ¹²

258 613 611 683 Patribus.

354 717 468 783 61.
510 712 991 779 Turbulentior
1036 711 1192 777 iude
1248 729 1459 776 annus
1528 708 1826 792 excepit,
1877 706 1957 773 1..
2003 701 2303 782 Valero‚f
2349 705 2457 770 Ti.

259 819 548 887 AEmilio
571 824 617 864 ¹³
665 816 1086 894 consulibua,
1109 835 1256 880 cum
1280 822 1335 862 ¹4
1361 819 1635 898 propter
1654 813 2017 879 certamina
2044 808 2344 875 ordinum
2375 808 2458 873 de

254 920 418 1004 lege
445 920 722 1003 agraria,
755 928 892 985 tum
936 924 1211 1003 propter
1228 916 1565 1003 judicium
1592 914 1726 998 Ap.
1758 912 2062 980 Claudii:
2108 910 2242 987 cui,
2275 930 2458 975 acer·-

257 1024 433 1091 rimo
456 1022 839 1087 adversario
861 1021 1053 1104 legis»,
1077 1039 1488 1106 causamque
1511 1035 1984 1102 possessorum
2014 1014 2267 1100 publici
2297 1015 2460 1096 agri,

207 1116 214 1123 ’
260 1131 589 1208 tunquam
620 1124 823 1189 tertio
854 1122 1165 1196 consuli,⁸
1208 1121 1584 1198 sustinenti,
1628 1119 1729 1184 M.
1764 1119 2039 1184 Duilius
2070 1124 2136 1182 et
2165 1116 2245 1181 C.
2289 1116 2460 1182 Sici·

257 1226 422 1291 nius
441 1233 489 1273 ¹⁵
515 1226 689 1291 diem
711 1222 998 1293 dixere.¹¹.
1070 1225 1439 1308 Nunquam
1465 1230 1623 1287 ante
1657 1229 1797 1288 tam
1819 1221 2077 1287 invisus
2096 1219 2278 1309 plebi
2307 1237 2460 1287 reus

327 1389 356 1424 Β
394 1393 464 1441 Eo
484 1394 608 1456 quod
627 1393 878 1443 Senatores
900 1393 1234 1457 repellerenlur
1253 1407 1283 1441 α
1304 1391 1510 1441 comitiis
1524 1388 1691 1455 plebis.
1748 1418 1753 1425 ·

1192 1550 1494 1573 oeeuenee
1502 1552 1561 1572 0&

256 1670 396 1717 ——u
432 1668 523 1717 Est
544 1668 647 1718 del.
671 1668 897 1719 Gronov.
920 1668 1140 1735 Doujst.
1164 1669 1531 1720 (κρήσει-12
1564 1668 1817 1720 Ademtum
1841 1668 2071 1719 Gronov.
2095 1663 2332 1716 Crevier.

334 1737 397 1785 18
431 1734 589 1798 Vulg.
631 1734 696 1785 L.
750 1735 856 1787 Vel.
905 1736 960 1785 T.
1003 1737 1359 1802 AEmylio.—14
1402 1737 1633 1788 Gronov.
1678 1735 1893 1799 Doujst.
1938 1732 2168 1785 Crevier.
2211 1729 2461 1781 tum—16

1243 1883 1477 1936 ,NOTAE

335 1976 356 2011 ἲ
382 1979 444 2030 L.
480 1979 685 2041 Valerio,
715 1979 823 2044 Era]
859 1980 1111 2031 Consules
1150 1982 1203 2029 in
1238 1995 1325 2030 an.

265 2054 342 2104 U.
364 2054 423 2104 C.
445 2058 559 2105 283.
592 2056 655 2104 ab
685 2059 884 2108 exactis
909 2058 1115 2123 regibus
1138 2062 1219 2108 40.
1255 2059 1328 2107 le-

265 2138 467 2194 guntur
483 2130 542 2180 L.
564 2133 803 2182 Valerius
825 2133 1053 2191 Potitus,
1081 2142 1136 2183 et
1157 2135 1219 2183 T.
1242 2133 1328 2183 ΙΕ-

266 2206 444 2256 milius
470 2207 798 2260 Mamercnst
836 2226 1052 2276 quorum
1085 2212 1172 2261 ille
1196 2211 1328 2260 filius

266 2284 473 2333 Valerii
519 2286 805 2349 Poplicola
845 2298 1031 2354 quater
1084 2288 1330 2350 consulis,

266 2358 533 2426 fraterque
556 2368 680 2413 natu
699 2364 864 2414 minor
885 2363 951 2414 P.
965 2365 1160 2414 Valerii
1178 2364 1331 2429 Popl.

267 2438 365 2502 qui
387 2440 566 2489 consul
589 2437 759 2489 fuerat
784 2454 917 2490 suno
938 2444 1053 2492 278.
1076 2441 1187 2505 ipse
1211 2453 1329 2490 cum

271 2514 438 2563 Fabio
477 2519 801 2567 consulatum
845 2525 1079 2582 gesserat
1114 2506 1346 2566 sn.2⁷0.'

273 2588 383 2640 Hic
404 2589 539 2640 filius
558 2589 658 2642 fuit
680 2594 741 2643 L.
765 2592 954 2643 AEmilii
989 2601 1071 2643 ter
1093 2592 1331 2654 consulis,

271 2681 396 2717 cum
422 2670 638 2719 Caesone
671 2670 833 2721 Fabio
858 2685 941 2720 sn.
977 2675 1093 2722 269.
1129 2684 1247 2720 cum
1273 2669 1333 2719 C.

271 2742 495 2794 Servilio
518 2760 600 2796 sn.
619 2750 736 2798 275.
769 2753 827 2798 et
849 2761 964 2797 cum
987 2747 1217 2812 vopisco
1237 2747 1331 2797 Ju-

275 2817 349 2866 lio
368 2833 451 2869 su.
474 2822 589 2871 280.

343 2902 369 2940 τ
406 2896 647 2961 Tanquam
664 2898 806 2948 tertio
824 2898 1028 2963 emuli]
1053 2897 1332 2948 Consulum

283 2979 461 3033 partes
492 2972 741 3023 hacteuus
763 2971 991 3036 fuerant,
1009 2987 1217 3023 causam
1244 2988 1333 3037 ps-

277 3047 561 3111 triciorum,
591 3050 680 3115 qui
716 3050 978 3113 publicum
1010 3049 1119 3100 fere
1154 3064 1334 3112 agrum

280 3124 631 3189 possidebunt,
662 3127 908 3178 adversus
951 3128 1184 3178 tribunos
1223 3127 1335 3191 ejus

280 3199 582 3251 divisionem
620 3211 865 3264 urgentes
891 3204 1042 3254 tueri.
1073 3202 1171 3254 ·1d
1212 3219 1334 3255 eon·

277 3277 420 3326 suies
438 3277 589 3341 hujus
612 3280 732 3327 anni
756 3293 856 3328 non
878 3280 1217 3343 praestabant,
1238 3294 1336 3331 nec

281 3352 660 3418 confirmationi
693 3356 824 3418 legis
850 3357 1070 3418 agrariae
1092 3356 1337 3406 sdversa-

279 3429 488 3479 bantur.
553 3429 720 3480 Immo
755 3430 820 3480 de
859 3432 1052 3495 publici
1077 3434 1188 3495 agri
1210 3432 1338 3481 divi·

283 3505 429 3554 sione
455 3503 517 3553 ud
539 3506 790 3556 Senatum
821 3505 1146 3559 referebant:
1184 3509 1341 3557 Vale-

285 3581 396 3632 rius
420 3580 626 3645 quidem
651 3589 710 3632 ut
734 3582 962 3647 plebem,
984 3590 1204 3647 propter
1223 3596 1336 3645 sup·

286 3656 497 3721 plinium
537 3657 632 3721 Sp.
655 3658 834 3708 Cassio
869 3659 981 3723 ejus
1020 3673 1181 3721 opera
1215 3657 1343 3706 irro-

284 3740 463 3798 gatum
504 3731 775 3794 infensam,
812 3734 909 3784 sibi
948 3735 1346 3785 reconciliaret:

286 3808 523 3859 AEmilius
560 3810 778 3861 Senatui
812 3810 1037 3861 offensus
1068 3812 1137 3860 ob
1166 3812 1346 3862 trium·

289 3890 447 3953 plnum
469 3896 716 3952 negatum
749 3891 886 3954 patri
910 3906 925 3942 ε
963 3890 1052 3954 qui
1072 3898 1126 3940 et
1152 3890 1345 3955 primus

288 3966 599 4014 senteutiam
623 3973 856 4030 rogatus,
877 3967 1078 4017 censuit
1097 3969 1344 4017 Senatus·

288 4042 584 4092 consultum
612 4050 733 4092 ante
771 4058 931 4093 snnos
973 4035 1341 4107 septemdecim

291 4132 358 4166 ea
390 4116 455 4166 de
493 4132 548 4167 re
579 4116 793 4176 factum,
824 4108 1016 4170 creatis
1038 4120 1344 4171 decemviris

291 4194 382 4259 qui
425 4209 575 4257 agros
612 4193 930 4259 dividerent,
962 4198 1345 4263 exequendum.

289 4271 483 4335 Itaque
506 4272 777 4323 consulum
808 4274 924 4324 loco
945 4273 1164 4340 Appius,
1195 4286 1347 4337 supe·

1404 1982 1552 2031 rioris
1574 1981 1694 2031 anui
1723 1960 1919 2042 consul,
1953 1990 2303 2042 possessorum
2344 1988 2465 2023 cnu-

1405 2074 1510 2108 sam
1538 2059 1732 2108 acriter
1756 2055 2025 2108 defenditz
2076 2068 2270 2117 negans
2306 2052 2464 2101 Sena·

1406 2144 1489 2187 tus
1511 2151 1626 2186 eam
1666 2150 1888 2200 tunquam
1925 2135 2243 2183 voluntatem
2285 2127 2465 2190 fnisse,

1406 2221 1465 2262 ut
1490 2212 1699 2276 publica
1721 2209 1919 2274 praedia
1951 2207 2338 2258 dividerentur:
2374 2202 2465 2251 ds·

1405 2298 1515 2343 tum
1543 2290 1763 2353 tempori
1796 2282 2331 2342 senatusconsultum,
2363 2293 2466 2344 quo

1407 2368 1757 2417 discuteretur
1798 2362 2085 2428 periculum
2133 2356 2400 2409 seditionis
2435 2370 2467 2403 a

1407 2444 1588 2496 Cassio
1627 2441 1906 2491 excitatae:
1958 2443 2014 2488 et
2045 2450 2161 2487 cum
2195 2433 2467 2498 insequen-

1407 2520 1538 2581 tium
1567 2533 1815 2569 sunorum
1857 2516 2093 2566 consules
2132 2511 2257 2562 nihil
2301 2511 2368 2560 ad
2410 2524 2468 2560 se

1405 2603 1643 2660 spectare
1678 2595 1789 2659 ejus
1811 2588 2256 2643 senatusconsulti
2278 2602 2468 2638 execu-

1407 2673 1601 2721 tionem
1626 2677 1768 2720 recte
1786 2667 2219 2726 existimaverint,
2241 2678 2339 2713 nec
2361 2664 2468 2713 Vu-

1407 2749 1537 2798 lerio
1572 2756 1629 2798 et
1661 2746 1866 2798 AEmilio
1904 2745 2062 2794 licere
2102 2757 2166 2791 es
2206 2742 2271 2790 de
2307 2756 2363 2791 re
2387 2753 2467 2789 re-

1407 2825 1571 2881 ferre.
1604 2840 1666 2874 se
1712 2839 1778 2875 ne
1818 2823 1886 2873 ud
1928 2822 2205 2873 utilitatem
2260 2818 2468 2884 quidem

1410 2903 1669 2966 publicem
1695 2900 1959 2966 pertinere
1993 2897 2263 2947 contendit
2297 2897 2469 2960 hujus·

1409 2978 1550 3028 modi
1594 2977 2030 3027 distributionem.
2091 2973 2231 3023 Setis
2275 2972 2469 3036 quippe

1390 3066 1568 3119 'opum
1592 3068 1658 3104 ex
1682 3052 1905 3103 devictis
1928 3058 2007 3102 tot
2031 3048 2283 3109 hostibus,
2308 3062 2470 3112 popu-

1408 3132 1633 3196 latisque
1657 3146 1833 3181 eorum
1851 3130 2008 3194 agris.
2042 3139 2342 3192 comparere
2378 3131 2472 3189 po·-
2522 3164 2541 3171 -

1414 3210 1575 3261 tuisse
1599 3209 1846 3274 plebeios,
1876 3207 1920 3257 si
1941 3220 2006 3257 es
2041 3205 2194 3269 copie
2228 3205 2304 3252 uti
2332 3203 2471 3252 volu·

1409 3287 1589 3348 issent,
1609 3302 1709 3337 non
1744 3285 1924 3336 abuti:
1961 3284 2100 3333 unde
2139 3296 2206 3330 ex
2243 3281 2472 3344 ipsorum

1412 3376 1512 3412 non
1534 3360 1775 3424 fortunis,
1819 3361 1910 3411 sed
1951 3359 2177 3408 moribus
2220 3356 2340 3404 oriri
2385 3369 2473 3403 eo-

1381 3451 1528 3487 ·rum
1551 3445 1854 3498 egestatem.
1924 3435 2082 3484 Nullo
2120 3432 2343 3493 denique
2383 3430 2471 3478 be·

1416 3510 1604 3560 neflcio
1665 3511 1850 3574 dignos
1886 3510 1974 3575 qui
2015 3508 2348 3558 contumacia
2380 3518 2474 3555 sus

1416 3584 1651 3633 hostibus
1679 3585 1966 3640 victoriam,
1991 3585 2121 3647 reip.
2158 3583 2359 3633 eisdem
2385 3596 2474 3645 pe·

1421 3662 1652 3724 pererint
1669 3677 1684 3708 ε
1722 3661 1852 3711 sdeo
1879 3667 1937 3709 ut
1952 3661 2062 3723 agri
2088 3660 2300 3723 publici,
2320 3669 2474 3723 quem

1419 3750 1559 3786 nunc
1583 3744 1791 3801 petunt,
1816 3744 2016 3800 partem
2047 3737 2229 3785 hostes
2251 3737 2361 3799 jsm
2389 3750 2474 3784 oc·

1419 3820 1636 3877 cupent.
1705 3813 1840 3863 Huic
1870 3821 1929 3865 et
1962 3812 2065 3861 alia
2101 3812 2375 3874 Dionysius
2396 3825 2475 3860 re·

1420 3887 1524 3940 fert
1545 3906 1575 3939 s
1599 3890 1743 3940 Livio
1768 3888 2133 3954 praetermissa.
2179 3887 2341 3951 Appii
2360 3902 2475 3937 sen·

1424 3968 1639 4016 tentiam
1658 3967 1825 4017 secuti
1847 3966 2153 4014 Senatorum
2176 3965 2429 4030 plerique.

1487 4040 1516 4078 ¹²
1544 4043 1692 4098 Diem
1708 4039 1900 4102 dixere]
1936 4039 2067 4090 Irati
2105 4042 2269 4104 magis
2289 4055 2348 4089 sc
2372 4053 2479 4090 ma·

1425 4120 1501 4181 gis
1528 4120 1700 4182 Appio
1737 4117 1927 4168 tribuni
1960 4117 2144 4181 plebis,
2178 4117 2244 4166 ob
2268 4125 2476 4167 senteu-

1428 4196 1552 4243 tiam
1570 4195 1797 4257 graviter
1825 4200 1878 4243 et
1901 4208 2017 4243 cuin
2053 4193 2217 4258 piebis
2255 4194 2477 4242 insectu-

1430 4272 1573 4321 tione
1596 4271 1810 4336 dictam,
1846 4271 1895 4321 ei
1936 4284 2030 4335 pro
2069 4268 2319 4321 concione
2341 4268 2477 4318 diem
