3034 4925
1000 385 1145 436 ms.
1192 386 1308 436 ιιι.
1353 387 1516 438 cn.
1559 371 1670 438 18.
2302 376 2434 444 569

253 530 554 597 ultimam
584 532 949 616 apparebat
973 530 1282 607 futuram,
1313 531 1836 618 spectaculoque
1865 532 2256 600 seditionem
2288 532 2431 604 Ro-

248 652 520 701 manam
578 633 891 709 hostibus
938 633 1104 699 fore.
1194 634 1343 700 Nec
1396 635 1507 701 lex
1559 640 1774 700 tamen
1832 635 2008 713 ferri,
2054 656 2182 702 nec
2224 638 2318 702 ire
2360 640 2429 704 iu

247 733 666 820 Capitolium
693 737 930 801 consul
957 736 1196 820 potuit.
1287 736 1451 801 Nox
1480 736 1845 802 certamina
1874 746 2104 821 coepta
2146 757 2429 823 oppres·

246 836 378 905 sit:
409 839 651 905 tribuni
679 856 945 903 cessere
973 839 1175 917 nocti,
1203 838 1512 915 timentes
1541 840 1890 925 consulum
1915 858 2122 905 arma.
2164 840 2431 908 Amotis

243 938 406 1003 inde
449 940 801 1008 seditionis
836 940 1253 1020 auctoribus,
1284 939 1525 1005 Patres
1565 940 1906 1007 circumire
1948 941 2232 1031 plebem,
2263 943 2431 1010 infe·⁴

244 1049 606 1127 rentesque
624 1041 648 1086 *
672 1061 745 1106 se
772 1043 840 1107 in
863 1040 1207 1120 circulos!
1245 1060 1584 1108 sermones
1616 1044 1899 1127 tempori
1927 1049 2130 1128 aptos
2162 1064 2382 1111 serere
2408 1028 2433 1114 4.

246 1143 636 1223 admonere,
680 1150 700 1181 ‘
720 1144 820 1210 Ut
860 1144 1172 1225 viderent,
1207 1145 1280 1209 in
1308 1145 1488 1229 quod
1523 1145 1885 1211 discrimen
1927 1166 2061 1212 rem
2089 1137 2429 1233 publicani

242 1245 675 1312 adducerent.
734 1246 797 1312 N
805 1266 890 1312 ou
918 1248 1086 1313 inter
1107 1247 1347 1314 Patres
1368 1267 1449 1312 ac
1469 1248 1741 1332 plebem
1763 1255 2093 1314 certamen
2113 1240 2291 1328 esse,
2307 1253 2429 1317 sed

246 1348 452 1414 simul
482 1348 715 1414 Patres
743 1349 1166 1434 plebemque,
1198 1348 1416 1415 arcem
1446 1351 1655 1432 urbis,
1683 1352 1929 1435 templa
1962 1351 2284 1431 Deorum,
2312 1373 2432 1437 pe-

241 1455 445 1515 nates
488 1451 798 1533 publicos
843 1452 1280 1536 privatosque
1320 1452 1633 1517 hostibus
1678 1450 1879 1518 dedi.'
1962 1451 2142 1529 Dum
2181 1454 2328 1545 haec
2358 1455 2432 1518 in

242 1551 396 1618 foro
426 1552 735 1619 sedandae
756 1552 1116 1621 discordiae
1145 1573 1352 1620 causa
1380 1559 1683 1637 aguntur,
1709 1556 2022 1619 consules
2043 1554 2321 1634 interim,
2346 1575 2432 1620 ne
2449 1622 2468 1637 ,

246 1654 566 1734 Sabini,¹⁸
597 1675 682 1720 ne
703 1653 964 1721 Veiens
983 1655 1195 1721 hostis
1216 1662 1244 1691 ¹¹
1287 1660 1685 1735 moveretur,
1705 1654 1887 1720 circa
1908 1662 2142 1739 portas
2171 1675 2442 1721 muros--

246 1770 386 1840 que
416 1757 880 1828 discesserant.

241 1888 256 1899 ·-
337 1857 448 1924 18.
490 1856 745 1925 Eadem
773 1850 969 1926 nocte
1009 1866 1079 1928 et
1120 1861 1490 1926 Tusculum
1541 1860 1628 1943 de
1673 1879 1827 1925 arce
1878 1868 2108 1945 capta,
2152 1858 2433 1944 Capito-

244 1960 477 2045 lioque
497 1969 856 2045 occupato,
876 1967 944 2027 et
963 1963 1098 2027 alio
1119 1965 1405 2027 turbatae
1428 1962 1616 2029 urbis
1643 1968 1850 2037 statu,
1880 1963 2098 2026 nuntii
2130 1964 2435 2026 veniunt.

246 2061 335 2126 L.
387 2061 737 2129 Mamilius
786 2063 1071 2129 Tusculi
1121 2073 1263 2127 tum
1312 2063 1605 2128 dictator
1659 2064 1822 2125 erat.
1932 2061 2028 2139 Is,
2076 2058 2434 2126 confestim

246 2156 622 2237 convocato
650 2171 913 2243 senatu,
946 2169 1144 2249 atquc
1164 2163 1564 2229 introductis
1590 2161 1864 2240 nuntiis,
1891 2168 2135 2245 ma'gno
2160 2160 2360 2248 opere
2382 2171 2439 2213 ¹⁹

248 2275 506 2343 censet,
551 2270 590 2317 ‘r-
608 2265 716 2331 Ne
764 2271 1144 2350 expectent,
1196 2266 1349 2331 dum
1402 2267 1490 2331 ab
1543 2264 1770 2330 Roma
1821 2263 2050 2346 legati,
2099 2264 2434 2329 auxilium

245 2369 920 2453 petentes„veniant:
964 2369 1335 2452 periculum
1366 2368 1616 2451 ipsum,
1645 2363 2158 2447 discrimenque,
2192 2385 2275 2430 ac
2321 2384 2434 2430 so-

247 2470 457 2536 ciales
486 2472 703 2549 Deos,
731 2470 1067 2554 fidemque
1095 2469 1420 2535 foederum
1448 2468 1521 2533 id
1550 2487 1844 2552 poscere.
1895 2466 2286 2531 Demerendi
2317 2468 2436 2530 be-

237 2572 498 2639 ·neficio
520 2579 656 2637 tam
680 2561 1043 2656 potentem,
1064 2576 1199 2636 tam
1221 2558 1667 2655 propinquam
1693 2570 2062 2646 civitatem,
2093 2587 2437 2652 nunquam

244 2692 476 2758 parem
508 2674 929 2738 occasionem
959 2673 1236 2739 daturos
1280 2671 1515 2737 Deos.’
1600 2671 1841 2736 Placet
1884 2670 2037 2734 ferri
2064 2670 2435 2750 auxilium3

228 2774 553 2859 juventus
599 2773 1061 2851 conscribitur,
1114 2792 1302 2839 arma
1353 2773 1611 2838 dautur.
1699 2770 1988 2836 Romam
2033 2770 2252 2854 prima
2280 2771 2433 2835 luce

243 2876 585 2941 venientes
632 2875 872 2959 procul
917 2875 1236 2958 speciem.
1255 2873 1547 2940 hostium
1603 2872 1965 2958 praebuere.
2070 2870 2278 2955 AEqui
2324 2875 2437 2936 aut

305 3036 577 3090 scarum
594 3054 645 3091 oe
665 3038 1001 3092 inmisemma
1087 3065 1094 3072 ·

1163 3145 1534 3175 ΟΟΝΜΟΜῸ

243 3271 346 3320 -t
379 3264 596 3314 ‘Plures
611 3264 736 3315 libb
760 3264 891 3315 Μαι.
911 3265 1188 3323 inurentes,
1215 3266 1305 3318 sed
1326 3267 1582 3329 infer-enies
1596 3269 1757 3319 multo
1774 3271 1858 3317 est
1887 3265 2112 3331 gravius,
2133 3271 2188 3314 et
2211 3263 2446 3314 studium

244 3335 408 3404 atque
430 3330 700 3393 impetum,
759 3345 825 3379 uo
845 3345 982 3380 nunc
1018 3331 1071 3381 iu
1107 3326 1327 3382 circulos
1348 3348 1403 3385 se
1425 3334 1796 3396 immittebapt,
1815 3332 1976 3396 magis
1997 3327 2275 3395 exprimit-¹
2310 3327 2443 3376 Doe

243 3392 385 3456 riae.
388 3398 514 3444 —18
547 3395 669 3445 Vet.
693 3394 781 3444 li.
807 3408 892 3461 ap.
915 3395 1090 3459 Sigon.
1110 3412 1172 3450 ne
1188 3395 1411 3470 Sabinus.

1198 3597 1201 3601 Α
1236 3542 1453 3596 NOTAE

243 3635 408 3699 hujus
452 3636 605 3701 filios,
659 3644 931 3702 postquam
976 3642 1219 3699 patruum
1254 3637 1307 3688 iu
1389 3639 1503 3689 acie
1529 3637 1742 3701 perierit
1765 3636 2017 3686 dictatore
2048 3629 2340 3691 Postumio,
2362 3629 2442 3679 hic

250 3721 427 3765 cantra
450 3716 779 3777 remisissent,
810 3712 1047 3764 furentes
1071 3729 1178 3778 prae
1216 3713 1307 3764 do-
1379 3715 1559 3779 junior
1579 3713 1656 3763 bis
1680 3720 1864 3776 postea
1876 3710 2059 3762 consul
2071 3707 2247 3759 fuerit.

248 3790 435 3843 lorcin
459 3791 655 3841 medios
692 3791 904 3842 irruisse
921 3791 1308 3855 hostes‚.atque
1451 3799 1479 3826 τι
1509 3791 1590 3840 Ne
1620 3788 1809 3850 Sabini,
1845 3802 1904 3839 ne
1950 3787 2127 3839 Veiens·
2153 3780 2325 3843 Ιιωίὶῦ]
2358 3782 2442 3833 Ῐιί·

252 3862 331 3916 ab
366 3865 602 3916 exulibus
657 3866 989 3917 multitudiue
1043 3865 1308 3918 vulnerum
1387 3868 1528 3920 vium
1549 3864 1749 3916 numeri
1775 3864 2060 3913 variatione
2083 3858 2334 3911 delectari
2357 3858 2447 3908 ob·

247 3937 643 3993 confectosuna
661 3941 992 3992 occubuisse:
1026 3941 1163 4006 quod
1178 3942 1311 3991 siit·
1381 3951 1564 3997 ,servat
1609 3941 1921 4002 Gronovius,
1955 3946 2011 3989 ut
2052 3937 2142 3987 lib.
2186 3948 2252 3988 u.
2295 3942 2309 3963 ⁴
2331 3935 2449 3984 Nec-

253 4020 362 4079 est,
380 4014 469 4068 ino
491 4015 680 4066 Publio
697 4023 851 4069 astu·
870 4015 1026 4066 futei-it
1049 4015 1135 4065 hic
1155 4017 1310 4070 Vale·
1390 4019 1585 4068 Veiens
1622 4016 1814 4080 hostis,
1837 4015 2175 4078 Etruscaque
2214 4012 2457 4074 legiones

141 4104 160 4119 ³
251 4090 385 4153 tius,
405 4090 472 4141 de
512 4106 613 4155 quo
649 4106 784 4143 nunc
818 4107 1034 4144 sermo.
1070 4092 1169 4143 nisi
1201 4092 1313 4142 dix·
1391 4094 1747 4144 detrectant:
1781 4089 1796 4111 ’
1868 4091 2221 4156 iterumque
2253 4090 2455 4138 Veiens

253 4166 451 4220 aimus
487 4168 539 4217 iu
593 4168 744 4231 primi
780 4169 1065 4233 Poplicolae
1117 4169 1316 4222 familia
1391 4170 1555 4220 hostis
1579 4168 1894 4232 Etruscique
1927 4168 2090 4238 magis
2116 4178 2457 4250 praepropero

256 4243 478 4297 Publios
500 4244 659 4300 fuisse
684 4246 830 4308 dues,
850 4263 1063 4312 quorum
1088 4249 1233 4314 prior
1261 4250 1314 4298 in
1395 4244 1589 4310 agere?

389 4324 567 4390 ΒεῑΡΙι.
589 4333 639 4378 et
666 4326 780 4376 Var.
804 4328 935 4379 Cius.
1256 4326 1442 4381 Livius.
2216 4325 2249 4373 2
2281 4320 2325 4374 S
