<?xml version="1.0" encoding="UTF-8"?>
<!DOCTYPE html PUBLIC "-//W3C//DTD XHTML 1.0 Transitional//EN"
    "http://www.w3.org/TR/xhtml1/DTD/xhtml1-transitional.dtd">
<html xmlns="http://www.w3.org/1999/xhtml" xml:lang="en" lang="en">
 <head>
  <title>
</title>
<meta http-equiv="Content-Type" content="text/html;charset=utf-8" />
  <meta name='ocr-system' content='tesseract 3.04.00' />
  <meta name='ocr-capabilities' content='ocr_page ocr_carea ocr_par ocr_line ocrx_word'/>
</head>
<body>
  <div class='ocr_page' id='page_1' title='image "./tliviipatavinih23unkngoog_0182.png"; bbox 0 0 3034 4925; ppageno 0'>
   <div class='ocr_carea' id='block_1_1' title="bbox 541 374 1770 445">
    <p class='ocr_par' dir='ltr' id='par_1_1' title="bbox 541 374 1770 445">
     <span class='ocr_line' id='line_1_1' title="bbox 541 374 1770 445; baseline 0 -2"><span class='ocrx_word' id='word_1_1' title='bbox 541 374 676 445; x_wconf 82' lang='grc'><strong>110</strong></span> <span class='ocrx_word' id='word_1_2' title='bbox 1443 384 1539 443; x_wconf 68' lang='lat' dir='ltr'><strong>&#39;u</strong></span> <span class='ocrx_word' id='word_1_3' title='bbox 1552 388 1770 445; x_wconf 61' lang='lat' dir='ltr'><strong>sunm.</strong></span> 
     </span>
    </p>
   </div>
   <div class='ocr_carea' id='block_1_2' title="bbox 543 528 2750 905">
    <p class='ocr_par' dir='ltr' id='par_1_2' title="bbox 543 528 2750 905">
     <span class='ocr_line' id='line_1_2' title="bbox 543 528 2748 611; baseline 0.001 -19"><span class='ocrx_word' id='word_1_4' title='bbox 543 551 583 592; x_wconf 91' lang='lat' dir='ltr'><strong>a</strong></span> <span class='ocrx_word' id='word_1_5' title='bbox 618 529 845 593; x_wconf 84' lang='lat' dir='ltr'><strong>Marcio</strong></span> <span class='ocrx_word' id='word_1_6' title='bbox 870 531 1025 591; x_wconf 88' lang='lat' dir='ltr'><strong>bene</strong></span> <span class='ocrx_word' id='word_1_7' title='bbox 1053 539 1240 611; x_wconf 78' lang='lat' dir='ltr'><strong>gestoe</strong></span> <span class='ocrx_word' id='word_1_8' title='bbox 1267 530 1328 591; x_wconf 89' lang='lat' dir='ltr'><strong>in</strong></span> <span class='ocrx_word' id='word_1_9' title='bbox 1371 529 1750 593; x_wconf 83' lang='lat' dir='ltr'><strong>Macedonia.</strong></span> <span class='ocrx_word' id='word_1_10' title='bbox 1831 529 1953 590; x_wconf 87' lang='lat' dir='ltr'><strong>Lex</strong></span> <span class='ocrx_word' id='word_1_11' title='bbox 1979 528 2250 592; x_wconf 83' lang='lat' dir='ltr'><strong>Voconia</strong></span> <span class='ocrx_word' id='word_1_12' title='bbox 2275 530 2748 604; x_wconf 87' lang='lat' dir='ltr'><strong>testamentaria,</strong></span> 
     </span>
     <span class='ocr_line' id='line_1_3' title="bbox 543 625 2750 712; baseline 0.001 -22"><span class='ocrx_word' id='word_1_13' title='bbox 543 649 582 690; x_wconf 81' lang='lat' dir='ltr'><strong>a</strong></span> <span class='ocrx_word' id='word_1_14' title='bbox 611 627 691 697; x_wconf 86' lang='lat' dir='ltr'><strong>Q.</strong></span> <span class='ocrx_word' id='word_1_15' title='bbox 718 628 990 689; x_wconf 86' lang='lat' dir='ltr'><strong>Voconio</strong></span> <span class='ocrx_word' id='word_1_16' title='bbox 1032 629 1192 687; x_wconf 86' lang='lat' dir='ltr'><strong>Saxa</strong></span> <span class='ocrx_word' id='word_1_17' title='bbox 1232 629 1370 689; x_wconf 90' lang='lat' dir='ltr'><strong>trib.</strong></span> <span class='ocrx_word' id='word_1_18' title='bbox 1397 627 1480 709; x_wconf 91' lang='lat' dir='ltr'><strong>pl.</strong></span> <span class='ocrx_word' id='word_1_19' title='bbox 1521 628 1666 688; x_wconf 89' lang='lat' dir='ltr'><strong>lata.</strong></span> <span class='ocrx_word' id='word_1_20' title='bbox 1751 625 2008 687; x_wconf 77' lang='lat' dir='ltr'><strong>Gentius</strong></span> <span class='ocrx_word' id='word_1_21' title='bbox 2041 637 2102 689; x_wconf 86' lang='lat' dir='ltr'><strong>et</strong></span> <span class='ocrx_word' id='word_1_22' title='bbox 2131 629 2431 691; x_wconf 82' lang='lat' dir='ltr'><strong>Eumenes</strong></span> <span class='ocrx_word' id='word_1_23' title='bbox 2461 632 2750 712; x_wconf 83' lang='lat' dir='ltr'><strong>suspecti.</strong></span> 
     </span>
     <span class='ocr_line' id='line_1_4' title="bbox 544 726 2748 807; baseline 0.002 -22"><span class='ocrx_word' id='word_1_24' title='bbox 544 726 915 787; x_wconf 89' lang='lat' dir='ltr'><strong>Rhodiorum</strong></span> <span class='ocrx_word' id='word_1_25' title='bbox 960 726 1148 786; x_wconf 87' lang='lat' dir='ltr'><strong>stulta</strong></span> <span class='ocrx_word' id='word_1_26' title='bbox 1187 727 1536 807; x_wconf 80' lang='lat' dir='ltr'><strong>postulatiO.</strong></span> <span class='ocrx_word' id='word_1_27' title='bbox 1619 726 1794 786; x_wconf 79' lang='lat' dir='ltr'><strong>A.&#39;C.</strong></span> <span class='ocrx_word' id='word_1_28' title='bbox 1847 727 2134 788; x_wconf 86' lang='lat'><strong>169-116.</strong></span> <span class='ocrx_word' id='word_1_29' title='bbox 2217 727 2584 789; x_wconf 72' lang='lat' dir='ltr'>Ptolemaeus</span> <span class='ocrx_word' id='word_1_30' title='bbox 2614 748 2748 791; x_wconf 81' lang='lat' dir='ltr'><strong>vu.</strong></span> 
     </span>
     <span class='ocr_line' id='line_1_5' title="bbox 544 824 1264 905; baseline 0.001 -21"><span class='ocrx_word' id='word_1_31' title='bbox 544 825 847 905; x_wconf 84' lang='lat' dir='ltr'><strong>Euergeta</strong></span> <span class='ocrx_word' id='word_1_32' title='bbox 875 843 925 886; x_wconf 90' lang='lat' dir='ltr'><strong>s.</strong></span> <span class='ocrx_word' id='word_1_33' title='bbox 957 824 1264 904; x_wconf 77' lang='lat' dir='ltr'><strong>Physcon.</strong></span> 
     </span>
    </p>
   </div>
   <div class='ocr_carea' id='block_1_3' title="bbox 775 1027 2504 1106">
    <p class='ocr_par' dir='ltr' id='par_1_3' title="bbox 775 1027 2504 1106">
     <span class='ocr_line' id='line_1_6' title="bbox 775 1027 2504 1106; baseline 0 -17"><span class='ocrx_word' id='word_1_34' title='bbox 775 1032 850 1092; x_wconf 87' lang='lat' dir='ltr'><strong>U.</strong></span> <span class='ocrx_word' id='word_1_35' title='bbox 879 1030 953 1093; x_wconf 82' lang='grc' dir='ltr'><strong>Ο.</strong></span> <span class='ocrx_word' id='word_1_36' title='bbox 978 1033 1122 1092; x_wconf 82' lang='grc'><strong>584.</strong></span> <span class='ocrx_word' id='word_1_37' title='bbox 1167 1030 1237 1091; x_wconf 99' lang='lat' dir='ltr'><strong>A.</strong></span> <span class='ocrx_word' id='word_1_38' title='bbox 1264 1029 1339 1091; x_wconf 90' lang='lat' dir='ltr'><strong>C.</strong></span> <span class='ocrx_word' id='word_1_39' title='bbox 1377 1029 1511 1090; x_wconf 92' lang='lat'><strong>168.</strong></span> <span class='ocrx_word' id='word_1_40' title='bbox 1556 1027 1657 1090; x_wconf 92' lang='lat' dir='ltr'><strong>Ol.</strong></span> <span class='ocrx_word' id='word_1_41' title='bbox 1685 1047 1882 1090; x_wconf 78' lang='lat' dir='ltr'><strong>cun.</strong></span> <span class='ocrx_word' id='word_1_42' title='bbox 1919 1030 1974 1091; x_wconf 89' lang='lat'><strong>1.</strong></span> <span class='ocrx_word' id='word_1_43' title='bbox 2018 1028 2114 1106; x_wconf 89' lang='lat' dir='ltr'><strong>(L.</strong></span> <span class='ocrx_word' id='word_1_44' title='bbox 2147 1048 2342 1090; x_wconf 67' lang='grc' dir='ltr'><strong>κων.</strong></span> <span class='ocrx_word' id='word_1_45' title='bbox 2377 1030 2504 1105; x_wconf 86' lang='grc'><strong>17.)</strong></span> 
     </span>
    </p>
   </div>
   <div class='ocr_carea' id='block_1_4' title="bbox 541 1155 2754 1534">
    <p class='ocr_par' dir='ltr' id='par_1_4' title="bbox 541 1155 2754 1534">
     <span class='ocr_line' id='line_1_7' title="bbox 623 1155 2754 1223; baseline -0.002 -1"><span class='ocrx_word' id='word_1_46' title='bbox 623 1162 702 1222; x_wconf 94' lang='lat' dir='ltr'><strong>L.</strong></span> <span class='ocrx_word' id='word_1_47' title='bbox 743 1161 1025 1223; x_wconf 85' lang='lat' dir='ltr'><strong>AEmilius</strong></span> <span class='ocrx_word' id='word_1_48' title='bbox 1064 1161 1305 1222; x_wconf 85' lang='lat' dir='ltr'><strong>Paulus</strong></span> <span class='ocrx_word' id='word_1_49' title='bbox 1332 1161 1425 1222; x_wconf 95' lang='lat' dir='ltr'><strong>II.</strong></span> <span class='ocrx_word' id='word_1_50' title='bbox 1488 1162 1553 1222; x_wconf 89' lang='lat' dir='ltr'><strong>C.</strong></span> <span class='ocrx_word' id='word_1_51' title='bbox 1606 1161 1886 1221; x_wconf 74' lang='lat' dir='ltr'><strong>Licinius</strong></span> <span class='ocrx_word' id='word_1_52' title='bbox 1932 1161 2200 1221; x_wconf 82' lang='lat' dir='ltr'><strong>Crassus.</strong></span> <span class='ocrx_word' id='word_1_53' title='bbox 2284 1159 2541 1222; x_wconf 86' lang='lat' dir='ltr'><strong>Perseus</strong></span> <span class='ocrx_word' id='word_1_54' title='bbox 2585 1155 2754 1218; x_wconf 89' lang='lat' dir='ltr'><strong>Rho-</strong></span> 
     </span>
     <span class='ocr_line' id='line_1_8' title="bbox 543 1254 2748 1337; baseline -0.001 -19"><span class='ocrx_word' id='word_1_55' title='bbox 543 1258 674 1319; x_wconf 87' lang='lat' dir='ltr'><strong>dios</strong></span> <span class='ocrx_word' id='word_1_56' title='bbox 716 1269 779 1320; x_wconf 89' lang='lat' dir='ltr'><strong>et</strong></span> <span class='ocrx_word' id='word_1_57' title='bbox 819 1258 1180 1321; x_wconf 85' lang='lat' dir='ltr'><strong>Antiochum</strong></span> <span class='ocrx_word' id='word_1_58' title='bbox 1211 1259 1491 1332; x_wconf 80' lang='lat' dir='ltr'><strong>solicitat,</strong></span> <span class='ocrx_word' id='word_1_59' title='bbox 1535 1268 1600 1319; x_wconf 90' lang='lat' dir='ltr'><strong>et</strong></span> <span class='ocrx_word' id='word_1_60' title='bbox 1646 1257 1922 1330; x_wconf 85' lang='lat' dir='ltr'><strong>Eumeni,</strong></span> <span class='ocrx_word' id='word_1_61' title='bbox 1961 1258 2181 1318; x_wconf 89' lang='lat' dir='ltr'><strong>Gentio</strong></span> <span class='ocrx_word' id='word_1_62' title='bbox 2225 1254 2538 1337; x_wconf 84' lang='lat' dir='ltr'><strong>Gallisque</strong></span> <span class='ocrx_word' id='word_1_63' title='bbox 2563 1274 2748 1337; x_wconf 86' lang='lat' dir='ltr'><strong>pecu-</strong></span> 
     </span>
     <span class='ocr_line' id='line_1_9' title="bbox 541 1354 2750 1437; baseline -0.001 -22"><span class='ocrx_word' id='word_1_64' title='bbox 541 1357 702 1417; x_wconf 89' lang='lat' dir='ltr'><strong>niam</strong></span> <span class='ocrx_word' id='word_1_65' title='bbox 729 1357 1079 1436; x_wconf 81' lang='lat' dir='ltr'><strong>promissam</strong></span> <span class='ocrx_word' id='word_1_66' title='bbox 1126 1376 1247 1416; x_wconf 91' lang='lat' dir='ltr'><strong>non</strong></span> <span class='ocrx_word' id='word_1_67' title='bbox 1285 1355 1482 1416; x_wconf 86' lang='lat' dir='ltr'><strong>solvit.</strong></span> <span class='ocrx_word' id='word_1_68' title='bbox 1568 1355 1634 1414; x_wconf 89' lang='lat' dir='ltr'><strong>L.</strong></span> <span class='ocrx_word' id='word_1_69' title='bbox 1660 1355 1907 1417; x_wconf 80' lang='lat' dir='ltr'><strong>Anicius</strong></span> <span class='ocrx_word' id='word_1_70' title='bbox 1934 1363 2153 1437; x_wconf 79' lang='lat' dir='ltr'><strong>praetor</strong></span> <span class='ocrx_word' id='word_1_71' title='bbox 2181 1354 2487 1436; x_wconf 81' lang='lat' dir='ltr'><strong>Illyricum</strong></span> <span class='ocrx_word' id='word_1_72' title='bbox 2515 1373 2750 1434; x_wconf 83' lang='lat' dir='ltr'><strong>expug-</strong></span> 
     </span>
     <span class='ocr_line' id='line_1_10' title="bbox 541 1451 2747 1534; baseline 0.001 -21"><span class='ocrx_word' id='word_1_73' title='bbox 541 1465 648 1513; x_wconf 90' lang='lat' dir='ltr'><strong>nat</strong></span> <span class='ocrx_word' id='word_1_74' title='bbox 675 1464 736 1514; x_wconf 90' lang='lat' dir='ltr'><strong>et</strong></span> <span class='ocrx_word' id='word_1_75' title='bbox 763 1453 1048 1515; x_wconf 85' lang='lat' dir='ltr'><strong>Gentium</strong></span> <span class='ocrx_word' id='word_1_76' title='bbox 1068 1454 1249 1534; x_wconf 87' lang='lat' dir='ltr'><strong>capit.</strong></span> <span class='ocrx_word' id='word_1_77' title='bbox 1296 1453 1550 1533; x_wconf 87' lang='lat' dir='ltr'><strong>Eclipsis</strong></span> <span class='ocrx_word' id='word_1_78' title='bbox 1577 1454 1736 1513; x_wconf 77' lang='lat' dir='ltr'><strong>lunoe</strong></span> <span class='ocrx_word' id='word_1_79' title='bbox 1756 1453 2047 1532; x_wconf 81' lang='lat' dir='ltr'><strong>praedicta</strong></span> <span class='ocrx_word' id='word_1_80' title='bbox 2077 1472 2114 1513; x_wconf 89' lang='lat' dir='ltr'><strong>a</strong></span> <span class='ocrx_word' id='word_1_81' title='bbox 2139 1454 2214 1515; x_wconf 88' lang='lat' dir='ltr'><strong>C.</strong></span> <span class='ocrx_word' id='word_1_82' title='bbox 2248 1451 2514 1532; x_wconf 87' lang='lat' dir='ltr'><strong>Sulpicio</strong></span> <span class='ocrx_word' id='word_1_83' title='bbox 2542 1451 2747 1515; x_wconf 90' lang='lat' dir='ltr'><strong>Gallo.</strong></span> 
     </span>
    </p>
   </div>
   <div class='ocr_carea' id='block_1_5' title="bbox 540 1549 2803 1631">
    <p class='ocr_par' dir='ltr' id='par_1_5' title="bbox 540 1549 2803 1631">
     <span class='ocr_line' id='line_1_11' title="bbox 540 1549 2803 1631; baseline -0.002 -22"><span class='ocrx_word' id='word_1_84' title='bbox 540 1549 798 1611; x_wconf 86' lang='lat' dir='ltr'><strong>Perseus</strong></span> <span class='ocrx_word' id='word_1_85' title='bbox 839 1550 917 1611; x_wconf 87' lang='lat' dir='ltr'><strong>ad</strong></span> <span class='ocrx_word' id='word_1_86' title='bbox 966 1550 1234 1631; x_wconf 81' lang='lat' dir='ltr'><strong>Pydnam</strong></span> <span class='ocrx_word' id='word_1_87' title='bbox 1264 1552 1339 1611; x_wconf 87' lang='lat' dir='ltr'><strong>ab</strong></span> <span class='ocrx_word' id='word_1_88' title='bbox 1369 1550 1608 1610; x_wconf 87' lang='lat' dir='ltr'><strong>AEmilio</strong></span> <span class='ocrx_word' id='word_1_89' title='bbox 1644 1552 1856 1625; x_wconf 85' lang='lat' dir='ltr'><strong>victus,</strong></span> <span class='ocrx_word' id='word_1_90' title='bbox 1884 1560 1946 1611; x_wconf 91' lang='lat' dir='ltr'><strong>et</strong></span> <span class='ocrx_word' id='word_1_91' title='bbox 1972 1551 2033 1611; x_wconf 91' lang='lat' dir='ltr'><strong>in</strong></span> <span class='ocrx_word' id='word_1_92' title='bbox 2065 1549 2480 1611; x_wconf 87' lang='lat' dir='ltr'><strong>Samothracia</strong></span> <span class='ocrx_word' id='word_1_93' title='bbox 2507 1561 2747 1631; x_wconf 66' lang='lat' dir='ltr'><strong>captu-⁹..</strong></span> <span class='ocrx_word' id='word_1_94' title='bbox 2800 1602 2803 1605; x_wconf 87' lang='lat'><strong>.</strong></span> 
     </span>
    </p>
   </div>
   <div class='ocr_carea' id='block_1_6' title="bbox 538 1648 2751 2022">
    <p class='ocr_par' dir='ltr' id='par_1_6' title="bbox 538 1648 2751 2022">
     <span class='ocr_line' id='line_1_12' title="bbox 543 1648 2751 1731; baseline -0 -22"><span class='ocrx_word' id='word_1_95' title='bbox 543 1649 617 1709; x_wconf 88' lang='lat' dir='ltr'><strong>C.</strong></span> <span class='ocrx_word' id='word_1_96' title='bbox 647 1648 922 1729; x_wconf 89' lang='lat' dir='ltr'><strong>Popilius</strong></span> <span class='ocrx_word' id='word_1_97' title='bbox 965 1650 1178 1710; x_wconf 86' lang='lat' dir='ltr'><strong>Laenas</strong></span> <span class='ocrx_word' id='word_1_98' title='bbox 1225 1649 1462 1730; x_wconf 82' lang='lat' dir='ltr'><strong>legatus</strong></span> <span class='ocrx_word' id='word_1_99' title='bbox 1502 1649 1678 1731; x_wconf 88' lang='lat' dir='ltr'><strong>punit</strong></span> <span class='ocrx_word' id='word_1_100' title='bbox 1718 1649 2014 1723; x_wconf 88' lang='lat' dir='ltr'><strong>Rhodios,</strong></span> <span class='ocrx_word' id='word_1_101' title='bbox 2064 1659 2126 1709; x_wconf 91' lang='lat' dir='ltr'><strong>et</strong></span> <span class='ocrx_word' id='word_1_102' title='bbox 2156 1648 2538 1723; x_wconf 87' lang='lat' dir='ltr'><strong>Antiochum,</strong></span> <span class='ocrx_word' id='word_1_103' title='bbox 2580 1649 2751 1726; x_wconf 83' lang='lat' dir='ltr'><strong>virga</strong></span> 
     </span>
     <span class='ocr_line' id='line_1_13' title="bbox 538 1743 2748 1826; baseline -0.001 -21"><span class='ocrx_word' id='word_1_104' title='bbox 538 1747 1067 1826; x_wconf 88' lang='lat' dir='ltr'><strong>circumscriptum,</strong></span> <span class='ocrx_word' id='word_1_105' title='bbox 1095 1767 1132 1807; x_wconf 89' lang='lat' dir='ltr'><strong>a</strong></span> <span class='ocrx_word' id='word_1_106' title='bbox 1155 1746 1318 1809; x_wconf 91' lang='lat' dir='ltr'><strong>bello</strong></span> <span class='ocrx_word' id='word_1_107' title='bbox 1351 1747 1684 1808; x_wconf 84' lang='lat' dir='ltr'><strong>Ptolemaeo</strong></span> <span class='ocrx_word' id='word_1_108' title='bbox 1708 1747 2019 1808; x_wconf 81' lang='lat' dir='ltr'><strong>inferendo</strong></span> <span class='ocrx_word' id='word_1_109' title='bbox 2063 1747 2377 1807; x_wconf 84' lang='lat' dir='ltr'><strong>absterret.</strong></span> <span class='ocrx_word' id='word_1_110' title='bbox 2463 1743 2748 1806; x_wconf 88' lang='lat' dir='ltr'><strong>Libertini</strong></span> 
     </span>
     <span class='ocr_line' id='line_1_14' title="bbox 539 1839 2745 1937; baseline 0 -33"><span class='ocrx_word' id='word_1_111' title='bbox 539 1843 600 1904; x_wconf 93' lang='lat' dir='ltr'><strong>in</strong></span> <span class='ocrx_word' id='word_1_112' title='bbox 631 1845 845 1904; x_wconf 87' lang='lat' dir='ltr'><strong>tribum</strong></span> <span class='ocrx_word' id='word_1_113' title='bbox 877 1845 1247 1926; x_wconf 77' lang='lat' dir='ltr'><strong>Esquilinam</strong></span> <span class='ocrx_word' id='word_1_114' title='bbox 1292 1865 1328 1906; x_wconf 91' lang='lat' dir='ltr'><strong>a</strong></span> <span class='ocrx_word' id='word_1_115' title='bbox 1355 1846 1699 1907; x_wconf 82' lang='lat' dir='ltr'><strong>censoribus</strong></span> <span class='ocrx_word' id='word_1_116' title='bbox 1729 1839 2476 1937; x_wconf 53' lang='lat' dir='ltr'><strong>conjectiej—Metrodorus</strong></span> <span class='ocrx_word' id='word_1_117' title='bbox 2522 1843 2745 1924; x_wconf 86' lang='lat' dir='ltr'><strong>philos.</strong></span> 
     </span>
     <span class='ocr_line' id='line_1_15' title="bbox 539 1940 840 2022; baseline 0.017 -23"><span class='ocrx_word' id='word_1_118' title='bbox 539 1950 602 2000; x_wconf 90' lang='lat' dir='ltr'><strong>et</strong></span> <span class='ocrx_word' id='word_1_119' title='bbox 628 1940 840 2022; x_wconf 89' lang='lat' dir='ltr'><strong>pictor.</strong></span> 
     </span>
    </p>
   </div>
   <div class='ocr_carea' id='block_1_7' title="bbox 769 2154 2481 2234">
    <p class='ocr_par' dir='ltr' id='par_1_7' title="bbox 769 2154 2481 2234">
     <span class='ocr_line' id='line_1_16' title="bbox 769 2154 2481 2234; baseline -0.001 -19"><span class='ocrx_word' id='word_1_120' title='bbox 769 2156 848 2217; x_wconf 88' lang='lat' dir='ltr'><strong>U.</strong></span> <span class='ocrx_word' id='word_1_121' title='bbox 873 2155 949 2217; x_wconf 90' lang='lat' dir='ltr'><strong>C.</strong></span> <span class='ocrx_word' id='word_1_122' title='bbox 972 2159 1116 2217; x_wconf 87' lang='lat'><strong>585.</strong></span> <span class='ocrx_word' id='word_1_123' title='bbox 1158 2154 1234 2217; x_wconf 88' lang='lat' dir='ltr'><strong>A.</strong></span> <span class='ocrx_word' id='word_1_124' title='bbox 1266 2159 1342 2220; x_wconf 88' lang='lat' dir='ltr'><strong>C.</strong></span> <span class='ocrx_word' id='word_1_125' title='bbox 1378 2158 1519 2219; x_wconf 90' lang='grc'><strong>167.</strong></span> <span class='ocrx_word' id='word_1_126' title='bbox 1561 2157 1662 2219; x_wconf 88' lang='grc'><strong>01.</strong></span> <span class='ocrx_word' id='word_1_127' title='bbox 1694 2176 1893 2218; x_wconf 77' lang='lat' dir='ltr'><strong>cmu.</strong></span> <span class='ocrx_word' id='word_1_128' title='bbox 1925 2158 1987 2218; x_wconf 80' lang='lat'><strong>2.</strong></span> <span class='ocrx_word' id='word_1_129' title='bbox 2030 2156 2127 2234; x_wconf 95' lang='lat' dir='ltr'><strong>(L.</strong></span> <span class='ocrx_word' id='word_1_130' title='bbox 2156 2174 2319 2216; x_wconf 61' lang='lat' dir='ltr'><strong>xxm.</strong></span> <span class='ocrx_word' id='word_1_131' title='bbox 2352 2156 2481 2231; x_wconf 88' lang='lat'><strong>16.)</strong></span> 
     </span>
    </p>
   </div>
   <div class='ocr_carea' id='block_1_8' title="bbox 537 2283 2748 2468">
    <p class='ocr_par' dir='ltr' id='par_1_8' title="bbox 537 2283 2748 2468">
     <span class='ocr_line' id='line_1_17' title="bbox 625 2283 2748 2361; baseline -0.002 -14"><span class='ocrx_word' id='word_1_132' title='bbox 625 2288 701 2358; x_wconf 85' lang='lat' dir='ltr'><strong>Q.</strong></span> <span class='ocrx_word' id='word_1_133' title='bbox 730 2286 932 2348; x_wconf 84' lang='lat' dir='ltr'><strong>AElius</strong></span> <span class='ocrx_word' id='word_1_134' title='bbox 959 2288 1202 2361; x_wconf 79' lang='lat' dir='ltr'><strong>Paetus,</strong></span> <span class='ocrx_word' id='word_1_135' title='bbox 1231 2289 1331 2350; x_wconf 92' lang='lat' dir='ltr'><strong>M.</strong></span> <span class='ocrx_word' id='word_1_136' title='bbox 1360 2287 1588 2349; x_wconf 78' lang='lat' dir='ltr'><strong>Junius</strong></span> <span class='ocrx_word' id='word_1_137' title='bbox 1617 2289 1892 2349; x_wconf 77' lang='lat' dir='ltr'><strong>Pennus.</strong></span> <span class='ocrx_word' id='word_1_138' title='bbox 1977 2286 2232 2347; x_wconf 85' lang='lat' dir='ltr'><strong>Rhodiis</strong></span> <span class='ocrx_word' id='word_1_139' title='bbox 2275 2285 2521 2346; x_wconf 88' lang='lat' dir='ltr'><strong>dubium</strong></span> <span class='ocrx_word' id='word_1_140' title='bbox 2568 2283 2748 2345; x_wconf 85' lang='lat' dir='ltr'><strong>datur</strong></span> 
     </span>
     <span class='ocr_line' id='line_1_18' title="bbox 537 2381 2748 2468; baseline -0.003 -22"><span class='ocrx_word' id='word_1_141' title='bbox 537 2404 910 2466; x_wconf 80' lang='lat' dir='ltr'><strong>responsum.</strong></span> <span class='ocrx_word' id='word_1_142' title='bbox 995 2385 1360 2447; x_wconf 87' lang='lat' dir='ltr'><strong>Macedonia</strong></span> <span class='ocrx_word' id='word_1_143' title='bbox 1412 2396 1474 2446; x_wconf 91' lang='lat' dir='ltr'><strong>et</strong></span> <span class='ocrx_word' id='word_1_144' title='bbox 1529 2386 1832 2468; x_wconf 83' lang='lat' dir='ltr'><strong>Illyricum</strong></span> <span class='ocrx_word' id='word_1_145' title='bbox 1878 2385 2198 2467; x_wconf 80' lang='lat' dir='ltr'><strong>provinciae</strong></span> <span class='ocrx_word' id='word_1_146' title='bbox 2254 2384 2430 2443; x_wconf 91' lang='lat' dir='ltr'><strong>Rom.</strong></span> <span class='ocrx_word' id='word_1_147' title='bbox 2512 2381 2748 2441; x_wconf 88' lang='lat' dir='ltr'><strong>Trium-</strong></span> 
     </span>
    </p>
   </div>
   <div class='ocr_carea' id='block_1_9' title="bbox 535 2481 2747 2656">
    <p class='ocr_par' dir='ltr' id='par_1_9' title="bbox 535 2481 2747 2656">
     <span class='ocr_line' id='line_1_19' title="bbox 535 2481 2747 2565; baseline -0.002 -22"><span class='ocrx_word' id='word_1_148' title='bbox 535 2484 691 2565; x_wconf 89' lang='lat' dir='ltr'><strong>phus</strong></span> <span class='ocrx_word' id='word_1_149' title='bbox 721 2492 783 2545; x_wconf 90' lang='lat' dir='ltr'><strong>et</strong></span> <span class='ocrx_word' id='word_1_150' title='bbox 810 2485 1050 2559; x_wconf 87' lang='lat' dir='ltr'><strong>AEmilii,</strong></span> <span class='ocrx_word' id='word_1_151' title='bbox 1080 2505 1119 2546; x_wconf 89' lang='lat' dir='ltr'><strong>a</strong></span> <span class='ocrx_word' id='word_1_152' title='bbox 1159 2487 1288 2548; x_wconf 89' lang='lat' dir='ltr'><strong>Ser.</strong></span> <span class='ocrx_word' id='word_1_153' title='bbox 1321 2484 1588 2565; x_wconf 91' lang='lat' dir='ltr'><strong>Sulpicio</strong></span> <span class='ocrx_word' id='word_1_154' title='bbox 1618 2483 1816 2543; x_wconf 84' lang='lat' dir='ltr'><strong>Galba</strong></span> <span class='ocrx_word' id='word_1_155' title='bbox 1859 2483 2263 2564; x_wconf 86' lang='lat' dir='ltr'><strong>militibusque</strong></span> <span class='ocrx_word' id='word_1_156' title='bbox 2311 2482 2532 2542; x_wconf 77' lang='lat' dir='ltr'><strong>frustra</strong></span> <span class='ocrx_word' id='word_1_157' title='bbox 2559 2481 2747 2560; x_wconf 91' lang='lat' dir='ltr'><strong>impe-</strong></span> 
     </span>
     <span class='ocr_line' id='line_1_20' title="bbox 536 2579 2745 2656; baseline -0.001 -14"><span class='ocrx_word' id='word_1_158' title='bbox 536 2582 720 2656; x_wconf 86' lang='lat' dir='ltr'><strong>ditus,</strong></span> <span class='ocrx_word' id='word_1_159' title='bbox 751 2593 811 2644; x_wconf 89' lang='lat' dir='ltr'><strong>et</strong></span> <span class='ocrx_word' id='word_1_160' title='bbox 837 2583 1054 2645; x_wconf 89' lang='lat' dir='ltr'><strong>Anicii.</strong></span> <span class='ocrx_word' id='word_1_161' title='bbox 1141 2584 1350 2646; x_wconf 89' lang='lat' dir='ltr'><strong>Oratio</strong></span> <span class='ocrx_word' id='word_1_162' title='bbox 1379 2582 1599 2643; x_wconf 88' lang='lat' dir='ltr'><strong>AEmilii</strong></span> <span class='ocrx_word' id='word_1_163' title='bbox 1629 2582 1705 2642; x_wconf 87' lang='lat' dir='ltr'><strong>de</strong></span> <span class='ocrx_word' id='word_1_164' title='bbox 1752 2602 1860 2641; x_wconf 87' lang='lat' dir='ltr'><strong>sua</strong></span> <span class='ocrx_word' id='word_1_165' title='bbox 1886 2582 2145 2643; x_wconf 82' lang='lat' dir='ltr'><strong>fortuna.</strong></span> <span class='ocrx_word' id='word_1_166' title='bbox 2233 2581 2304 2640; x_wconf 94' lang='lat' dir='ltr'><strong>A.</strong></span> <span class='ocrx_word' id='word_1_167' title='bbox 2338 2581 2412 2641; x_wconf 88' lang='lat' dir='ltr'><strong>C.</strong></span> <span class='ocrx_word' id='word_1_168' title='bbox 2451 2579 2745 2639; x_wconf 87' lang='lat'><strong>167-135.</strong></span> 
     </span>
    </p>
   </div>
   <div class='ocr_carea' id='block_1_10' title="bbox 535 2677 2512 2754">
    <p class='ocr_par' dir='ltr' id='par_1_10' title="bbox 535 2677 2512 2754">
     <span class='ocr_line' id='line_1_21' title="bbox 535 2677 2512 2754; baseline -0.001 -15"><span class='ocrx_word' id='word_1_169' title='bbox 535 2680 752 2754; x_wconf 85' lang='lat' dir='ltr'><strong>Judas,</strong></span> <span class='ocrx_word' id='word_1_170' title='bbox 771 2681 810 2740; x_wconf 85' lang='lat' dir='ltr'>J</span> <span class='ocrx_word' id='word_1_171' title='bbox 816 2681 1078 2742; x_wconf 89' lang='lat' dir='ltr'><strong>onathan</strong></span> <span class='ocrx_word' id='word_1_172' title='bbox 1107 2691 1169 2743; x_wconf 89' lang='lat' dir='ltr'><strong>et</strong></span> <span class='ocrx_word' id='word_1_173' title='bbox 1196 2682 1398 2743; x_wconf 88' lang='lat' dir='ltr'><strong>Simon</strong></span> <span class='ocrx_word' id='word_1_174' title='bbox 1429 2682 1666 2754; x_wconf 80' lang='lat' dir='ltr'><strong>fratres,</strong></span> <span class='ocrx_word' id='word_1_175' title='bbox 1695 2680 2029 2742; x_wconf 86' lang='lat' dir='ltr'><strong>Maccabaei</strong></span> <span class='ocrx_word' id='word_1_176' title='bbox 2058 2700 2114 2742; x_wconf 90' lang='lat' dir='ltr'><strong>s.</strong></span> <span class='ocrx_word' id='word_1_177' title='bbox 2140 2677 2512 2740; x_wconf 83' lang='lat' dir='ltr'><strong>Hasmonaei.</strong></span> 
     </span>
    </p>
   </div>
   <div class='ocr_carea' id='block_1_11' title="bbox 784 2891 2483 2974">
    <p class='ocr_par' dir='ltr' id='par_1_11' title="bbox 784 2891 2483 2974">
     <span class='ocr_line' id='line_1_22' title="bbox 784 2891 2483 2974; baseline 0.001 -25"><span class='ocrx_word' id='word_1_178' title='bbox 784 2891 860 2953; x_wconf 92' lang='lat' dir='ltr'><strong>U.</strong></span> <span class='ocrx_word' id='word_1_179' title='bbox 886 2893 961 2955; x_wconf 86' lang='lat' dir='ltr'><strong>C.</strong></span> <span class='ocrx_word' id='word_1_180' title='bbox 989 2896 1132 2954; x_wconf 88' lang='lat'><strong>586.</strong></span> <span class='ocrx_word' id='word_1_181' title='bbox 1177 2895 1252 2956; x_wconf 90' lang='lat' dir='ltr'><strong>A.</strong></span> <span class='ocrx_word' id='word_1_182' title='bbox 1285 2894 1360 2957; x_wconf 89' lang='lat' dir='ltr'><strong>C.</strong></span> <span class='ocrx_word' id='word_1_183' title='bbox 1394 2895 1531 2954; x_wconf 87' lang='lat'><strong>166.</strong></span> <span class='ocrx_word' id='word_1_184' title='bbox 1576 2894 1677 2954; x_wconf 91' lang='lat' dir='ltr'><strong>Ol.</strong></span> <span class='ocrx_word' id='word_1_185' title='bbox 1706 2914 1906 2958; x_wconf 76' lang='lat' dir='ltr'><strong>cun.</strong></span> <span class='ocrx_word' id='word_1_186' title='bbox 1937 2897 1995 2955; x_wconf 91' lang='lat'><strong>3.</strong></span> <span class='ocrx_word' id='word_1_187' title='bbox 2035 2892 2131 2974; x_wconf 94' lang='lat' dir='ltr'><strong>(L.</strong></span> <span class='ocrx_word' id='word_1_188' title='bbox 2164 2912 2325 2953; x_wconf 83' lang='lat' dir='ltr'><strong>va.</strong></span> <span class='ocrx_word' id='word_1_189' title='bbox 2351 2893 2483 2967; x_wconf 87' lang='lat'><strong>44.)</strong></span> 
     </span>
    </p>
   </div>
   <div class='ocr_carea' id='block_1_12' title="bbox 536 3021 2747 3298">
    <p class='ocr_par' dir='ltr' id='par_1_12' title="bbox 536 3021 2747 3298">
     <span class='ocr_line' id='line_1_23' title="bbox 617 3021 2745 3105; baseline -0 -22"><span class='ocrx_word' id='word_1_190' title='bbox 617 3022 719 3084; x_wconf 89' lang='lat' dir='ltr'><strong>M.</strong></span> <span class='ocrx_word' id='word_1_191' title='bbox 746 3021 1034 3084; x_wconf 86' lang='lat' dir='ltr'><strong>Claudius</strong></span> <span class='ocrx_word' id='word_1_192' title='bbox 1059 3023 1409 3098; x_wconf 74' lang='lat' dir='ltr'><strong>Marcellus,</strong></span> <span class='ocrx_word' id='word_1_193' title='bbox 1444 3025 1507 3085; x_wconf 88' lang='lat' dir='ltr'><strong>C.</strong></span> <span class='ocrx_word' id='word_1_194' title='bbox 1540 3023 1845 3105; x_wconf 73' lang='lat' dir='ltr'><strong>Sulpicius</strong></span> <span class='ocrx_word' id='word_1_195' title='bbox 1878 3025 2110 3086; x_wconf 86' lang='lat' dir='ltr'><strong>Gallus.</strong></span> <span class='ocrx_word' id='word_1_196' title='bbox 2191 3026 2414 3086; x_wconf 85' lang='lat' dir='ltr'><strong>Prusiae</strong></span> <span class='ocrx_word' id='word_1_197' title='bbox 2443 3022 2745 3084; x_wconf 89' lang='lat' dir='ltr'><strong>adventus</strong></span> 
     </span>
     <span class='ocr_line' id='line_1_24' title="bbox 536 3119 2747 3204; baseline 0.001 -25"><span class='ocrx_word' id='word_1_198' title='bbox 536 3129 599 3180; x_wconf 90' lang='lat' dir='ltr'><strong>et</strong></span> <span class='ocrx_word' id='word_1_199' title='bbox 637 3119 965 3182; x_wconf 83' lang='lat' dir='ltr'><strong>humilitas.</strong></span> <span class='ocrx_word' id='word_1_200' title='bbox 1048 3121 1346 3183; x_wconf 84' lang='lat' dir='ltr'><strong>Eumenes</strong></span> <span class='ocrx_word' id='word_1_201' title='bbox 1373 3121 1550 3184; x_wconf 89' lang='lat' dir='ltr'><strong>Italia</strong></span> <span class='ocrx_word' id='word_1_202' title='bbox 1573 3124 1860 3186; x_wconf 83' lang='lat' dir='ltr'><strong>excedere</strong></span> <span class='ocrx_word' id='word_1_203' title='bbox 1877 3124 2144 3204; x_wconf 89' lang='lat' dir='ltr'><strong>jubetur,</strong></span> <span class='ocrx_word' id='word_1_204' title='bbox 2182 3123 2484 3204; x_wconf 81' lang='lat' dir='ltr'><strong>ferturque</strong></span> <span class='ocrx_word' id='word_1_205' title='bbox 2515 3121 2637 3194; x_wconf 81' lang='lat' dir='ltr'><strong>lex,</strong></span> <span class='ocrx_word' id='word_1_206' title='bbox 2667 3140 2747 3186; x_wconf 83' lang='lat' dir='ltr'><strong>ne</strong></span> 
     </span>
     <span class='ocr_line' id='line_1_25' title="bbox 536 3218 1285 3298; baseline 0.004 -20"><span class='ocrx_word' id='word_1_207' title='bbox 536 3218 636 3278; x_wconf 90' lang='lat' dir='ltr'><strong>cui</strong></span> <span class='ocrx_word' id='word_1_208' title='bbox 663 3218 786 3298; x_wconf 85' lang='lat' dir='ltr'><strong>regi</strong></span> <span class='ocrx_word' id='word_1_209' title='bbox 810 3219 1062 3280; x_wconf 85' lang='lat' dir='ltr'><strong>Romam</strong></span> <span class='ocrx_word' id='word_1_210' title='bbox 1085 3219 1285 3282; x_wconf 89' lang='lat' dir='ltr'><strong>liceat.</strong></span> 
     </span>
    </p>
   </div>
   <div class='ocr_carea' id='block_1_13' title="bbox 997 3388 2200 3482">
    <p class='ocr_par' dir='ltr' id='par_1_13' title="bbox 997 3388 2200 3482">
     <span class='ocr_line' id='line_1_26' title="bbox 997 3388 2200 3482; baseline 0.007 -8"><span class='ocrx_word' id='word_1_211' title='bbox 997 3388 1168 3479; x_wconf 69' lang='lat' dir='ltr'><strong>uc.</strong></span> <span class='ocrx_word' id='word_1_212' title='bbox 1198 3420 1338 3479; x_wconf 86' lang='lat'><strong>587.</strong></span> <span class='ocrx_word' id='word_1_213' title='bbox 1382 3420 1458 3482; x_wconf 88' lang='lat' dir='ltr'><strong>A.</strong></span> <span class='ocrx_word' id='word_1_214' title='bbox 1489 3421 1561 3480; x_wconf 78' lang='lat' dir='ltr'><strong>c,</strong></span> <span class='ocrx_word' id='word_1_215' title='bbox 1597 3422 1733 3481; x_wconf 88' lang='lat'><strong>165.</strong></span> <span class='ocrx_word' id='word_1_216' title='bbox 1778 3421 1877 3482; x_wconf 83' lang='lat'><strong>01.</strong></span> <span class='ocrx_word' id='word_1_217' title='bbox 1909 3422 2200 3482; x_wconf 85' lang='lat' dir='ltr'><strong>eL111.4.</strong></span> 
     </span>
    </p>
   </div>
   <div class='ocr_carea' id='block_1_14' title="bbox 533 3500 2740 3730">
    <p class='ocr_par' dir='ltr' id='par_1_14' title="bbox 533 3500 2740 3730">
     <span class='ocr_line' id='line_1_27' title="bbox 621 3500 2740 3633; baseline 0.001 -27"><span class='ocrx_word' id='word_1_218' title='bbox 621 3500 688 3606; x_wconf 75' lang='lat' dir='ltr'><strong>T.</strong></span> <span class='ocrx_word' id='word_1_219' title='bbox 717 3546 1000 3609; x_wconf 68' lang='lat' dir='ltr'><strong>Manlius</strong></span> <span class='ocrx_word' id='word_1_220' title='bbox 1031 3549 1370 3633; x_wconf 75' lang='lat' dir='ltr'><strong>Torquatus</strong></span> <span class='ocrx_word' id='word_1_221' title='bbox 1395 3547 1510 3613; x_wconf 77' lang='lat' dir='ltr'><strong>sc,</strong></span> <span class='ocrx_word' id='word_1_222' title='bbox 1546 3553 1659 3615; x_wconf 75' lang='lat' dir='ltr'><strong>cn.</strong></span> <span class='ocrx_word' id='word_1_223' title='bbox 1692 3553 1996 3615; x_wconf 59' lang='lat' dir='ltr'><strong>octavius.</strong></span> <span class='ocrx_word' id='word_1_224' title='bbox 2081 3548 2304 3612; x_wconf 86' lang='lat' dir='ltr'><strong>Rhodii</strong></span> <span class='ocrx_word' id='word_1_225' title='bbox 2347 3550 2740 3630; x_wconf 72' lang='lat' dir='ltr'><strong>deprecantes</strong></span> 
     </span>
     <span class='ocr_line' id='line_1_28' title="bbox 533 3639 1589 3730; baseline 0.012 -30"><span class='ocrx_word' id='word_1_226' title='bbox 533 3639 596 3702; x_wconf 89' lang='lat' dir='ltr'><strong>in</strong></span> <span class='ocrx_word' id='word_1_227' title='bbox 625 3643 967 3706; x_wconf 87' lang='lat' dir='ltr'><strong>societatem</strong></span> <span class='ocrx_word' id='word_1_228' title='bbox 995 3646 1172 3710; x_wconf 88' lang='lat' dir='ltr'><strong>Rom.</strong></span> <span class='ocrx_word' id='word_1_229' title='bbox 1203 3649 1589 3730; x_wconf 87' lang='lat' dir='ltr'><strong>recipiuntur.</strong></span> 
     </span>
    </p>
   </div>
   <div class='ocr_carea' id='block_1_15' title="bbox 1078 3844 2270 3911">
    <p class='ocr_par' dir='ltr' id='par_1_15' title="bbox 1078 3844 2270 3911">
     <span class='ocr_line' id='line_1_29' title="bbox 1078 3844 2270 3911; baseline 0.004 -9"><span class='ocrx_word' id='word_1_230' title='bbox 1078 3844 1157 3905; x_wconf 91' lang='lat' dir='ltr'><strong>U.</strong></span> <span class='ocrx_word' id='word_1_231' title='bbox 1186 3846 1260 3908; x_wconf 87' lang='lat' dir='ltr'><strong>C.</strong></span> <span class='ocrx_word' id='word_1_232' title='bbox 1290 3849 1432 3911; x_wconf 87' lang='lat'><strong>588.</strong></span> <span class='ocrx_word' id='word_1_233' title='bbox 1473 3848 1553 3909; x_wconf 90' lang='lat' dir='ltr'><strong>A.</strong></span> <span class='ocrx_word' id='word_1_234' title='bbox 1584 3849 1660 3911; x_wconf 89' lang='lat' dir='ltr'><strong>C.</strong></span> <span class='ocrx_word' id='word_1_235' title='bbox 1689 3849 1826 3909; x_wconf 89' lang='lat'><strong>164.</strong></span> <span class='ocrx_word' id='word_1_236' title='bbox 1870 3845 1968 3907; x_wconf 90' lang='lat' dir='ltr'><strong>Ol.</strong></span> <span class='ocrx_word' id='word_1_237' title='bbox 1996 3863 2178 3908; x_wconf 70' lang='grc' dir='ltr'><strong>οων.</strong></span> <span class='ocrx_word' id='word_1_238' title='bbox 2214 3848 2270 3907; x_wconf 89' lang='lat'><strong>1.</strong></span> 
     </span>
    </p>
   </div>
   <div class='ocr_carea' id='block_1_16' title="bbox 529 3957 2739 4347">
    <p class='ocr_par' dir='ltr' id='par_1_16' title="bbox 529 3957 2739 4347">
     <span class='ocr_line' id='line_1_30' title="bbox 612 3957 2738 4059; baseline 0.002 -30"><span class='ocrx_word' id='word_1_239' title='bbox 612 3970 697 4029; x_wconf 82' lang='lat' dir='ltr'><strong>A.</strong></span> <span class='ocrx_word' id='word_1_240' title='bbox 751 3971 1034 4034; x_wconf 75' lang='lat' dir='ltr'><strong>Manlius</strong></span> <span class='ocrx_word' id='word_1_241' title='bbox 1084 3967 1439 4059; x_wconf 73' lang='lat' dir='ltr'><strong>Torquatus,</strong></span> <span class='ocrx_word' id='word_1_242' title='bbox 1489 3979 1565 4049; x_wconf 85' lang='lat' dir='ltr'><strong>Q.</strong></span> <span class='ocrx_word' id='word_1_243' title='bbox 1600 3978 1841 4040; x_wconf 76' lang='lat' dir='ltr'><strong>Cassius</strong></span> <span class='ocrx_word' id='word_1_244' title='bbox 1869 3977 2216 4058; x_wconf 77' lang='lat' dir='ltr'><strong>Longinus.</strong></span> <span class='ocrx_word' id='word_1_245' title='bbox 2301 3972 2468 4034; x_wconf 90' lang='lat' dir='ltr'><strong>Mors</strong></span> <span class='ocrx_word' id='word_1_246' title='bbox 2513 3957 2738 4034; x_wconf 86' lang='lat' dir='ltr'><strong>Persei.</strong></span> 
     </span>
     <span class='ocr_line' id='line_1_31' title="bbox 540 4067 2739 4156; baseline 0.002 -28"><span class='ocrx_word' id='word_1_247' title='bbox 540 4068 610 4134; x_wconf 89' lang='lat' dir='ltr'><strong>L.</strong></span> <span class='ocrx_word' id='word_1_248' title='bbox 640 4067 912 4129; x_wconf 86' lang='lat' dir='ltr'><strong>AEmilius</strong></span> <span class='ocrx_word' id='word_1_249' title='bbox 943 4070 1171 4134; x_wconf 92' lang='lat' dir='ltr'><strong>Paulus</strong></span> <span class='ocrx_word' id='word_1_250' title='bbox 1217 4085 1278 4137; x_wconf 92' lang='lat' dir='ltr'><strong>et</strong></span> <span class='ocrx_word' id='word_1_251' title='bbox 1315 4078 1392 4146; x_wconf 84' lang='lat' dir='ltr'><strong>Q.</strong></span> <span class='ocrx_word' id='word_1_252' title='bbox 1423 4077 1691 4137; x_wconf 87' lang='lat' dir='ltr'><strong>Marcius</strong></span> <span class='ocrx_word' id='word_1_253' title='bbox 1721 4076 2032 4155; x_wconf 84' lang='lat' dir='ltr'><strong>Philippus</strong></span> <span class='ocrx_word' id='word_1_254' title='bbox 2063 4091 2360 4135; x_wconf 72' lang='lat' dir='ltr'><strong>censoreS.</strong></span> <span class='ocrx_word' id='word_1_255' title='bbox 2445 4071 2563 4156; x_wconf 79' lang='lat' dir='ltr'><strong>Hic</strong></span> <span class='ocrx_word' id='word_1_256' title='bbox 2614 4091 2739 4132; x_wconf 90' lang='lat' dir='ltr'><strong>me·</strong></span> 
     </span>
     <span class='ocr_line' id='line_1_32' title="bbox 529 4164 2735 4252; baseline 0.003 -28"><span class='ocrx_word' id='word_1_257' title='bbox 529 4164 645 4228; x_wconf 86' lang='lat' dir='ltr'><strong>lius</strong></span> <span class='ocrx_word' id='word_1_258' title='bbox 673 4164 1048 4247; x_wconf 85' lang='lat' dir='ltr'><strong>horologium</strong></span> <span class='ocrx_word' id='word_1_259' title='bbox 1091 4170 1151 4231; x_wconf 90' lang='lat' dir='ltr'><strong>in</strong></span> <span class='ocrx_word' id='word_1_260' title='bbox 1179 4174 1440 4252; x_wconf 86' lang='lat' dir='ltr'><strong>publico,</strong></span> <span class='ocrx_word' id='word_1_261' title='bbox 1486 4173 1587 4235; x_wconf 90' lang='lat' dir='ltr'><strong>ille</strong></span> <span class='ocrx_word' id='word_1_262' title='bbox 1631 4173 1984 4249; x_wconf 76' lang='lat' dir='ltr'><strong>Minervam,</strong></span> <span class='ocrx_word' id='word_1_263' title='bbox 2014 4171 2244 4234; x_wconf 81' lang='lat' dir='ltr'><strong>Phidiae</strong></span> <span class='ocrx_word' id='word_1_264' title='bbox 2289 4189 2461 4251; x_wconf 89' lang='lat' dir='ltr'><strong>opus,</strong></span> <span class='ocrx_word' id='word_1_265' title='bbox 2490 4169 2552 4230; x_wconf 89' lang='lat' dir='ltr'><strong>iu</strong></span> <span class='ocrx_word' id='word_1_266' title='bbox 2606 4168 2735 4231; x_wconf 77' lang='lat' dir='ltr'><strong>aede</strong></span> 
     </span>
     <span class='ocr_line' id='line_1_33' title="bbox 531 4262 1036 4347; baseline 0.01 -25"><span class='ocrx_word' id='word_1_267' title='bbox 531 4262 814 4328; x_wconf 78' lang='lat' dir='ltr'><strong>Fortunas</strong></span> <span class='ocrx_word' id='word_1_268' title='bbox 848 4265 1036 4347; x_wconf 88' lang='lat' dir='ltr'><strong>ponit.</strong></span> 
     </span>
    </p>
   </div>
  </div>
 </body>
</html>
