3034 4925
562 341 692 411 186
1499 357 1569 405 τ.
1619 354 1808 405 uvir

557 485 723 569 erat.
806 500 1214 596 ,Necessitas
1242 500 1427 585 prior
1455 501 1642 567 venit
1662 522 1685 567 τ
1723 501 1841 580 ita,
1880 506 2063 568 metu
2082 503 2430 582 subactus,
2463 499 2764 568 Romulo

556 625 696 672 rem
723 595 963 689 aperit.
1052 604 1257 670 Forte
1305 610 1371 669 et.
1415 603 1777 684 Numitori,
1823 624 1977 670 cum
2018 604 2090 670 in
2121 603 2434 672 custodia
2463 605 2762 671 Remum

556 710 854 788 haberet,
886 708 1351 793 audissetque,
1382 709 1683 790 geminos
1710 728 1862 774 esse
1890 708 2145 790 fratres,
2168 708 2620 793 comparando
2648 714 2763 772 et²

559 818 822 878 aetatem
856 819 1136 890 eorum,‘=
1168 819 1240 876 et
1263 812 1480 895 ipsam
1512 812 1784 877 minime
1824 813 2135 878 servilem
2177 812 2494 891 indolem,
2526 812 2762 893 tetige-

556 922 662 980 rat
703 916 996 980 animum
1033 916 1355 980 memoria
1384 920 1736 999 nepotum3
1773 916 2316 1002 sciscitandoque
2362 935 2447 981 eo
2486 915 2758 980 demum

556 1017 912 1101 pervenit,³
932 1016 961 1055 ‘³
1005 1025 1080 1084 ut
1108 1017 1286 1083 haud
1313 1020 1557 1102 procul
1586 1026 1789 1096 esset,
1821 1019 1983 1103 quin
2035 1018 2320 1088 Remum
2351 1023 2759 1103 agnosceret.

556 1121 675 1188 Ita
703 1122 996 1207 undique
1023 1123 1161 1206 regi
1191 1121 1384 1187 dolus
1407 1123 1749 1190 nectitur.e
1835 1123 2192 1201 Romulus,
2217 1143 2349 1188 non
2374 1142 2530 1188 cum
2551 1121 2758 1202 globo

549 1222 900 1308 juvenum,
926 1228 1078 1304 (nec
1105 1225 1279 1289 enim
1304 1230 1447 1291 erat
1476 1224 1565 1290 ad
1594 1227 1727 1291 vim
1760 1234 2059 1309 apertam
2080 1223 2256 1310 par,)
2285 1225 2403 1291 sed
2432 1224 2590 1289 aliis
2621 1223 2761 1289 alio

555 1327 793 1393 itinere
808 1327 1030 1412 jussis
1054 1334 1241 1391 certo
1263 1333 1556 1410 tempore
1587 1328 1674 1393 ad
1701 1328 1950 1411 regiam
1981 1329 2202 1393 venire
2231 1328 2650 1412 pastoribuS,
2670 1325 2759 1390 ad

543 1448 781 1511 ,regem
804 1429 1124 1512 impetum
1153 1428 1322 1494 facit
1341 1448 1359 1508 ;
1377 1425 1400 1464 f
1424 1436 1495 1494 et
1524 1449 1564 1494 a
1586 1429 1787 1495 domo
1813 1428 2185 1495 Numitoris
2204 1430 2341 1496 alia
2364 1435 2758 1512 comparata

557 1549 756 1595 manu
786 1530 1071 1614 adjuvat
1097 1529 1397 1598 Remus:
1426 1532 1526 1597 ita
1552 1551 1769 1616 regem
1795 1534 2218 1598 obtruncant.

642 1633 710 1697 6.
758 1632 1093 1712 Numitor,
1122 1631 1292 1697 iuter
1316 1634 1604 1718 primum
1638 1634 1994 1700 tumultum
2022 1633 2251 1700 hostes
2280 1631 2617 1696 invasisse
2643 1650 2757 1695 ur-

558 1734 710 1798 bem
739 1739 940 1818 atque
983 1733 1248 1800 adortos
1282 1735 1525 1819 regiam
1558 1731 1929 1814 dictitans?
1956 1756 2105 1803 cum
2135 1737 2382 1821 pubem
2412 1732 2754 1799 Albanam

559 1835 628 1899 in
656 1854 872 1900 arcem
903 1837 1218 1921 praesidio
1245 1839 1580 1923 armisque
1608 1840 2044 1905 obtinendam
2085 1844 2446 1904 avocasset
2467 1842 2534 1918 34
2567 1842 2757 1920 post-

561 1956 767 2021 quam
785 1945 810 1985 ⁵
832 1937 1140 2022 juv'eneS,
1169 1946 1549 2024 perpetrata
1576 1941 1785 2019 caede,
1816 1960 2087 2025 pergere
2115 1940 2201 2005 ad
2236 1960 2310 2005 se
2344 1937 2757 2022 gratulantes

559 2039 754 2118 vidit,
799 2042 1143 2124 extemplo
1174 2041 1509 2108 advocato
1542 2044 1851 2121 concilio,
1887 2043 2139 2108 scelera
2157 2044 2228 2107 in
2250 2062 2324 2106 se
2345 2039 2596 2116 fratris,
2624 2038 2759 2103 ori·

562 2140 782 2223 ginem
801 2148 1143 2226 nepotum,
1185 2153 1259 2209 ut
1287 2147 1513 2227 geniti,
1541 2152 1618 2211 ut
1644 2146 1930 2224 educati,
1961 2155 2037 2210 ut
2062 2145 2310 2230 cogniti
2336 2148 2589 2219 essent,
2617 2159 2756 2205 cae-

562 2241 716 2307 dem
737 2242 1057 2329 deinceps
1081 2248 1361 2330 tyranni,
1393 2267 1606 2332 seque
1638 2248 1784 2332 ejus
1817 2255 2161 2316 auctorem
2190 2245 2502 2313 ostendit.
2542 2243 2590 2310 J
2594 2261 2755 2307 uve-

557 2364 701 2422 nes,
726 2365 850 2429 per
873 2347 1164 2413 mediam
1196 2351 1589 2415 concionem
1618 2350 1877 2434 agmine
1908 2350 2211 2436 ingressi,
2243 2370 2397 2415 cum
2425 2365 2627 2412 avum
2653 2364 2756 2410 re-

557 2469 706 2532 gem
749 2449 1181 2532 salutassent,
1225 2458 1461 2521 secuta
1506 2475 1596 2520 ex
1647 2455 1828 2522 omni
1865 2453 2280 2522 multitudine
2327 2448 2755 2518 consentiens

558 2568 695 2617 vox
726 2559 939 2620 ratum
966 2554 1201 2621 nomen
1232 2557 1719 2641 imperiumque
1740 2557 1875 2640 regi
1902 2556 2178 2622 effecit.⁸
2236 2555 2347 2620 lta
2370 2550 2711 2619 Numitori
2727 2545 2753 2583 ¹¹

551 2815 611 2863 rb
632 2821 679 2866 et
698 2815 959 2866 abest—8
993 2816 1012 2846 ‘
1030 2819 1105 2868 Eo
1124 2820 1305 2870 demum
1341 2822 1559 2885 pervenit
1591 2821 1769 2885 recepi
1805 2836 1835 2871 e
1867 2835 1915 2870 c.
1947 2820 2085 2869 Flor.
2108 2826 2162 2869 et
2189 2819 2381 2868 Lovan.
2417 2820 2468 2866 8.
2492 2829 2588 2901 pro
2613 2815 2751 2879 vulg.

555 2881 713 2929 eodem
729 2881 960 2941 pertenit.
999 2898 1004 2902 ·
1024 2882 1172 2931 Idem
1193 2885 1477 2947 probarunt
1499 2887 1732 2936 Crevier.
1757 2892 1813 2936 et
1836 2885 2000 2936 Drak.
2024 2884 2091 2934 ad
2124 2897 2315 2934 xxxu.
2339 2885 2420 2932 14.
2442 2884 2492 2931 2.
2546 2880 2752 2943 Rupert.

555 2942 853 2993 Probarunt
874 2954 1080 3009 quoque
1101 2948 1296 2998 Stroth.
1317 2954 1374 2998 et
1396 2950 1751 3016 Kreyssigius.

622 3012 656 3057 4
710 3008 796 3058 Ita
839 3022 1017 3058 omne·
1066 3010 1190 3061 edd.
1260 3026 1423 3075 penes
1497 3029 1607 3065 non.
1685 3015 1843 3079 Vulg.
1899 3015 2287 3063 «anamma—5
2339 3011 2447 3060 Pro
2502 3013 2750 3073 postqum

556 3070 784 3123 Gronov.
825 3073 1042 3137 Donjat.
1063 3082 1118 3124 et
1141 3076 1373 3128 Crevier.
1418 3078 1792 3144 propemodum
1835 3093 2041 3143 semper
2083 3078 2329 3128 exhibent
2360 3080 2750 3139 posteaqua.—

1543 3210 1757 3262 NOTAE

616 3307 638 3333 ⁶
663 3299 1447 3371 Gompurmdoetaetmmeorum]
1472 3306 1605 3357 Cum
1687 3314 1767 3357 est
1791 3307 1843 3356 in
1864 3307 2069 3371 aliquem
2102 3306 2326 3371 §inpetum
2340 3305 2510 3365 facere
2525 3319 2543 3352 .·
2575 3303 2640 3353 ad
2660 3301 2748 3350 cli·

552 3382 711 3426 aetate
732 3376 933 3427 scilicet
969 3384 1127 3443 atque
1159 3378 1351 3438 indole,
1386 3398 1491 3448 qua
1527 3382 1608 3433 fu·
1685 3398 1822 3446 quem
1844 3397 1964 3432 vero
1984 3383 2143 3432 minut
2167 3382 2432 3431 unitatum.
2462 3379 2613 3442 Vult,
2634 3376 2746 3440 opi·

552 3453 656 3504 turi
671 3454 1023 3518 essentipaiur
1041 3464 1281 3519 nepotes,
1297 3459 1340 3508 si
1356 3459 1610 3513 viverent.
1687 3473 1799 3517 nor,
1835 3459 2013 3509 Livius
2047 3458 2188 3508 cirea
2223 3455 2500 3512 Amulium,
2523 3453 2589 3503 ad
2629 3465 2745 3502 eum

611 3530 635 3565 θ
671 3531 745 3580 Eo
764 3532 951 3582 demum
985 3532 1190 3597 [eodem]
1216 3533 1454 3598 peruenit]
1487 3536 1608 3586 Per·
1688 3534 2121 3595 obtruncandum,
2161 3534 2412 3600 impetum
2449 3532 2502 3583 in
2551 3530 2745 3594 regiam

547 3607 680 3667 venit
696 3620 886 3672 nempe
909 3608 1152 3660 Numitor
1172 3610 1240 3660 ad
1261 3612 1607 3676 suspicionem
1688 3625 1804 3662 ense
1824 3610 2040 3661 factum.

547 3682 762 3733 similem
796 3683 930 3749 spei,
951 3684 1058 3735 rive
1092 3686 1322 3750 opinioni
1354 3688 1608 3741 Faustuli.
1752 3686 1784 3717 ⁸
1817 3686 1959 3738 Ante
1982 3688 2111 3739 Urb.
2135 3684 2286 3738 cond.
2309 3700 2394 3735 an.
2419 3689 2466 3735 1.

551 3757 669 3809 Nee
705 3766 876 3809 tamen
917 3760 1086 3811 Modii
1121 3762 1472 3826 conjecturam
1510 3765 1604 3813 im·
1749 3772 1775 3807 8
1809 3764 1993 3814 Rotam
2032 3779 2203 3815 nomen
2256 3762 2592 3826 imperium
2637 3759 2744 3821 ἐρ’

545 3831 892 3896 probaverim,
909 3835 998 3900 qui
1020 3838 1218 3887 mavult
1233 3831 1605 3901 rcrihmodeini
1682 3839 1875 3904 effecit]
1922 3840 2057 3890 Num
2090 3840 2264 3905 potius
2299 3845 2459 3889 rulant
2490 3838 2538 3888 ei
2558 3849 2747 3897 nomen,

542 3909 780 3973 peruenit,
801 3915 871 3967 ut.
895 3914 977 3974 ξε.
1301 3948 1310 3963 .
1682 3916 2017 3979 imperiumque
2036 3917 2167 3978 regis
2183 3917 2376 3981 effecit?

613 3988 636 4015 Φ
667 3983 797 4046 Regi
826 3987 960 4034 dolus
992 3987 1223 4054 aditur]
1274 3991 1403 4040 Rem
1438 3996 1603 4042 totam
1745 3992 1770 4027 ¹¹
1800 3995 2078 4060 Numitori]
2114 3996 2336 4047 Videtur
2372 3993 2603 4045 Velleius
2641 3995 2741 4045 1²2-

542 4057 779 4119 Juttinns
801 4060 1030 4112 dilucida
1050 4064 1282 4129 explicat
1302 4068 1601 4119 narratione
1678 4072 1909 4121 ter-culus
1935 4071 2027 4122 lib.
2051 4085 2094 4122 1.
2131 4071 2387 4128 Latinum,
2419 4084 2515 4135 pro
2556 4069 2606 4120 N
2612 4071 2740 4120 urni-

542 4137 590 4203 1.
605 4149 769 4187 xmu.
794 4151 841 4190 c.
863 4142 911 4189 2.
1678 4154 1808 4204 tore,
1850 4147 2055 4198 Romuli
2083 4161 2234 4196 avum
2264 4147 2550 4197 nominare.
2602 4146 2737 4197 San·

611 4210 631 4246 ¹
652 4211 738 4264 Aa
771 4230 935 4278 regem
956 4216 1178 4282 impetun
1197 4220 1354 4286 facit]
1388 4220 1599 4274 Tritum
1675 4222 1887 4274 Electra
1911 4222 2088 4275 Latini
2123 4221 2232 4274 filia
2258 4229 2409 4275 nato·
2442 4222 2666 4274 Rectum
2686 4229 2739 4272 et
2778 4230 2785 4237 ·
