3034 4925
972 410 1160 468 viu
1210 416 1303 466 Εἰ·
1350 414 1717 493 Ηιβτοιὶη
1767 417 1947 468 non.
2466 406 2552 470 17

363 581 571 630 causa
607 548 709 626 'ab
747 559 944 628 initio
980 579 1202 626 rerum
1243 560 1695 630 Romanarum
1727 581 1944 648 usque
1974 563 2059 630 ad
2105 565 2190 629 P.
2221 557 2551 645 Mucium,

362 664 744 748 pontificem
804 663 1197 741 maximum,
1270 682 1376 730 res
1447 683 1684 730 omnes
1754 664 2159 747 singulorum
2233 683 2554 734 annorum

324 766 728 836 ..mandabat
767 767 980 833 literis
1015 766 1327 851 pontifex
1365 767 1706 834 maximus
1736 768 2191 852 referebatque
2227 768 2297 833 in
2329 770 2556 836 album

364 879 434 936 et
489 871 907 953 proponebat
952 869 1254 935 tabulam
1312 870 1517 943 domi,
1562 879 1870 956 potestas
1928 880 2006 941 ut
2058 881 2241 939 esset
2296 873 2557 957 populo

294 1049 309 1056 -
367 970 856 1053 cognoscendi3
904 971 978 1049 ii,
1002 973 1118 1056 qui
1146 971 1345 1038 etiam
1375 991 1548 1038 nnnc
1579 974 1855 1040 annales
1901 974 2177 1042 maximi
2219 976 2557 1039 nominan-

367 1081 494 1140 tur.
583 1074 783 1138 Hanc
836 1073 1342 1140 similitudinem
1373 1071 1703 1140 scrffiendi
1757 1077 1943 1142 multi
1976 1078 2192 1143 secuti
2220 1084 2397 1154 sunt,
2440 1076 2560 1161 qui

368 1178 511 1242 sine
551 1177 706 1242 ullis
750 1177 1150 1244 ornamentis
1189 1184 1614 1242 monumenta
1648 1177 1864 1243 solum
1908 1185 2303 1263 temporum,
2348 1177 2560 1243 homi-

368 1299 549 1356 num,
614 1279 910 1346 locorum
985 1283 1454 1363 gestarumque
1522 1298 1733 1346 rerum
1807 1282 2232 1365 reliquerunt.
2323 1281 2562 1363 Itaque

364 1383 595 1467 qualis
626 1383 811 1466 apud
842 1382 1127 1450 Graecos
1156 1382 1604 1467 PherecydeS,
1632 1383 2061 1463 Hellanicus,
2090 1383 2406 1449 Acusilas
2435 1383 2566 1448 fuit

370 1486 618 1569 aliique
647 1485 989 1568 permulti,
1021 1485 1181 1551 talis
1205 1491 1431 1550 noster
1450 1484 1630 1550 Cato
1658 1493 1727 1550 et
1749 1486 1982 1552 Pictor
2011 1494 2078 1554 et
2107 1487 2271 1553 Piso
2299 1493 2364 1550 et
2382 1484 2567 1552 Van-

370 1590 528 1654 nius
553 1595 621 1654 et
642 1588 1060 1655 Vennonius.
1111 1586 1523 1671 Quanquam
1553 1608 1642 1653 ex
1674 1589 1778 1652 his
1803 1590 1975 1655 alius
2007 1591 2140 1655 alio
2168 1589 2327 1673 plus
2357 1590 2568 1655 habet

308 1718 313 1724 ·
377 1692 632 1769 virium,
662 1698 882 1758 tamen
914 1690 1079 1776 quid
1108 1700 1244 1757 tam
1276 1691 1483 1769 exile,
1515 1711 1720 1775 quam
1749 1692 1861 1757 isti
1908 1712 2158 1770 omnes,
2199 1692 2320 1777 qui
2356 1712 2569 1778 neque

375 1801 617 1871 tenent,
648 1794 894 1877 quibus
936 1796 1138 1860 rebus
1179 1803 1451 1862 ornatur
1494 1797 1709 1862 oratio
1734 1798 1763 1858 ‘l
1812 1796 2008 1861 modo
2052 1798 2224 1860 enim
2271 1796 2398 1860 huc
2431 1796 2569 1860 ista

372 1906 525 1962 sunt
553 1898 932 1982 importata,
963 1903 1051 1976 et,
1078 1898 1234 1963 dum
1286 1900 1713 1982 intelligatur,
1761 1900 1921 1985 quid
1960 1900 2209 1976 dicant,
2238 1918 2439 1962 unam
2468 1898 2569 1962 di-

373 1998 573 2064 cendi
599 1999 862 2065 laudem
894 2008 1136 2084 putant
1162 2021 1314 2067 esse
1342 2003 1760 2069 brevitatem.
1849 2002 2214 2068 Paululum
2251 2020 2324 2066 se
2355 2002 2573 2068 erexit

372 2107 440 2166 et
493 2100 758 2168 addidit
828 2102 1129 2167 historiae
1188 2104 1511 2190 majorem
1572 2125 1811 2171 sonum
1867 2107 2058 2171 vocis
2116 2106 2219 2170 vir
2277 2104 2573 2187 optimus

376 2202 636 2270 Coelius
695 2202 1080 2290 Antipater.
1183 2205 1410 2272 Ceteri
1469 2226 1602 2272 non
1660 2214 2098 2274 exornatores
2154 2226 2399 2284 rerum,
2452 2204 2573 2271 sed

376 2307 846 2372 tantummodo
897 2314 1273 2374 narratores
1319 2308 1626 2390 fuerunt3
1689 2317 1760 2374 et
1805 2310 2050 2376 ultima
2109 2317 2415 2394 tempora
2469 2307 2574 2374 sic

377 2408 635 2492 scripta
658 2417 834 2489 sunt,
864 2418 942 2476 ut
970 2430 1056 2476 no
1086 2410 1393 2495 legantur
1415 2413 1706 2496 quidem·
1796 2413 1933 2478 Sed
1975 2414 2103 2479 iste
2128 2414 2282 2496 ipse
2314 2411 2576 2477 Coelius

376 2531 593 2594 neque
637 2512 953 2578 distinxit
996 2513 1346 2580 historiam
1378 2516 1703 2583 varietate
1744 2516 2047 2581 locorum
2088 2535 2308 2598 neque
2340 2514 2577 2577 verbo-

375 2632 519 2694 rum
551 2616 999 2682 collocatione
1031 2623 1099 2681 et
1127 2625 1346 2683 tractu
1377 2619 1691 2683 orationis
1719 2618 1853 2683 leni
1882 2625 1953 2681 et
1981 2616 2302 2700 aequabili
2334 2633 2577 2697 perpo-

354 2716 530 2781 .livit
556 2716 725 2781 illud
755 2737 933 2800 opus
959 2740 978 2800 3
1021 2719 1143 2783 sed
1180 2727 1253 2785 nt
1279 2720 1478 2785 homo
1506 2736 1721 2803 neque
1749 2720 2013 2796 doctus,
2042 2736 2255 2802 neque
2282 2717 2578 2781 maxime

378 2827 585 2901 aptus
616 2818 706 2883 ad
759 2819 1141 2898 dicendum,
1179 2822 1353 2886 sicut
1400 2822 1646 2904 potuit,
1684 2810 1960 2898 dolavit,
1997 2819 2370 2902 habuitque
2402 2818 2576 2883 vires

380 2927 681 3002 agrestes
729 2929 936 3006 atque
988 2923 1314 3002 horridas,
1367 2926 1514 2989 sine
1566 2926 1783 2990 nitore
1839 2932 1921 2989 ac
1977 2916 2336 3007 palaestras:
2408 2920 2579 2985 vicit

378 3027 602 3087 tamen
632 3028 1052 3108 superiores:
1096 3033 1168 3092 et
1201 3029 1550 3093 admonere
1591 3029 1886 3112 reliquos
1916 3026 2158 3111 potuit,
2189 3033 2263 3089 ut
2301 3043 2580 3089 accura-

381 3125 515 3189 tius
566 3128 949 3194 scriberent.
1039 3129 1220 3195 Ecce
1255 3139 1483 3197 autem
1531 3150 1926 3196 successere
1955 3130 2111 3195 huic
2163 3126 2391 3202 Gellii,
2423 3125 2580 3190 Clo-

274 3244 283 3251 “
385 3225 557 3304 diuS,
581 3227 868 3308 Asellio,
914 3231 1080 3295 nihil
1123 3232 1209 3296 ad
1262 3231 1578 3311 Coelium,
1612 3233 1731 3299 sed
1765 3234 2000 3317 potius
2031 3232 2120 3296 ad
2152 3230 2580 3313 antiquorum

383 3328 772 3412 languorem
816 3339 1016 3417 atque
1066 3334 1425 3399 inscitiam.
1514 3335 1697 3401 Nam
1758 3336 1923 3420 quid
1986 3335 2291 3399 Macrum
2350 3351 2580 3396 nume-

385 3450 522 3496 rem
547 3433 578 3495 Τ
624 3433 818 3518 cujus
863 3435 1244 3520 loquacitas
1281 3426 1486 3503 habet
1538 3439 1796 3522 aliquid
1843 3439 2292 3522 argutiarum3
2337 3455 2461 3500 nec
2506 3434 2581 3499 id

387 3540 617 3599 tamen
645 3554 734 3599 ex
763 3536 884 3603 illa
915 3539 1185 3603 erudita
1214 3538 1607 3605 Graecorum
1653 3542 1881 3624 copia,
1927 3539 2047 3604 sed
2088 3558 2181 3604 ex
2227 3536 2581 3602 librariolis

389 3635 680 3702 Latinis:
742 3639 814 3702 iu
866 3641 1284 3706 orationibus
1331 3651 1559 3707 autem
1606 3644 1857 3709 multus
1886 3648 1955 3706 et
1984 3642 2254 3724 ineptus
2284 3637 2372 3702 ad
2401 3642 2583 3701 surn-

388 3757 566 3802 mam
621 3742 1128 3825 impudentiam.
1222 3744 1527 3823 Sisenna,
1581 3745 1728 3828 ejus
1770 3745 2057 3819 amicus,
2102 3759 2333 3806 omnes
2365 3739 2582 3804 adbuc

389 3848 647 3925 nostros
676 3845 1052 3931 scriptores,
1098 3847 1231 3911 nisi
1260 3848 1379 3930 qui
1400 3847 1571 3912 sorte
1598 3848 1888 3912 nondum
1921 3843 2294 3928 ediderunt,
2315 3842 2408 3907 'de
2435 3842 2584 3927 qui-

391 3942 522 4006 bus
550 3944 939 4011 existimare
986 3968 1114 4013 non
1147 3968 1530 4032 possumusz,
1573 3950 1770 4014 facile
1802 3947 2171 4031 superavit.
2258 3946 2332 4010 Is
2357 3954 2584 4011 tamen

392 4064 614 4128 neque
645 4053 859 4113 orator
886 4049 956 4112 in
985 4068 1259 4115 numero
1315 4060 1547 4115 nostro
1596 4070 1889 4135 unquam
1921 4059 2030 4114 est
2066 4049 2363 4128 habitus,
2402 4055 2475 4112 et
2515 4048 2584 4111 in

393 4145 671 4212 historia
699 4150 958 4231 puerile
986 4151 1305 4235 quiddam
1336 4160 1792 4230 consectatum
1838 4160 1912 4216 ut
1935 4171 2134 4217 unum
2158 4149 2585 4223 Clitar-chum,

394 4270 608 4334 neque
665 4261 996 4335 praeterea
1049 4275 1427 4340 quenquam
1478 4254 1563 4318 de
1616 4255 1907 4340 Graecis,
1937 4255 2181 4337 legisse
2232 4252 2584 4333 videatur3

526 4370 701 4432 Delph.
721 4376 768 4420 et
799 4371 915 4421 Vur.
943 4374 1072 4422 ctae.
1427 4373 1612 4423 Livius.
2409 4369 2454 4417 Β
