3034 4925
505 349 590 415 16
1185 367 1606 423 nominum
1658 373 1755 421 nn
1805 373 2001 424 mvn

505 531 588 578 11.
636 513 722 578 ad
771 513 974 579 finem
1023 515 1209 598 regni
1250 515 1695 584 'Macedonici
1751 521 2049 605 bellique*
2092 541 2131 586 a
2176 521 2505 590 Romanis
2536 544 2690 591 cum

502 616 709 681 Perse
754 615 925 697 gesti
969 624 1365 700 persecutus
1395 624 1516 684 est.
1604 620 1794 685 Idem
1841 641 1999 688 vero
2030 625 2362 708 Polybius
2408 627 2479 691 in
2519 628 2689 693 libro

503 735 553 782 1.
594 724 661 782 et
706 734 788 783 11.
832 738 999 802 quos
1036 727 1498 805 προκατασκευῆς
1541 723 1696 788 loco
1738 726 2086 808 praemisit,
2127 727 2395 793 brevius
2436 730 2689 813 bellum

498 822 829 887 Punicum
875 840 926 886 1.
975 830 1044 886 et
1081 822 1469 889 Africanum
1513 826 1880 892 Poenorum
1912 848 2064 893 cum
2090 833 2514 896 mercenariis
2545 834 2689 897 suis

495 924 843 1003 militibus,
872 944 1110 1008 resque
1141 945 1183 990 a
1212 925 1541 992 Romanis
1566 929 1633 992 in
1665 930 1945 1012 Illyrico
1965 939 2036 996 et
2057 930 2289 996 Gallia
2307 934 2686 1017 Cisalpina,

496 1047 540 1091 a
569 1027 807 1091 Poenis
837 1027 904 1090 in
937 1026 1280 1110 Hispania
1306 1036 1376 1095 et
1404 1031 1491 1094 ab
1523 1028 1801 1095 Achaeis
1828 1033 1898 1096 in
1929 1032 2202 1099 Graecia
2232 1041 2389 1100 ante
2408 1057 2471 1101 a.
2492 1036 2583 1100 U.
2606 1037 2685 1101 C.

497 1145 757 1193 Dxxx.
810 1136 1033 1211 gestas
1093 1131 1434 1212 exposuit,
1494 1132 1799 1217 adeoque
1859 1139 1930 1200 et
1989 1136 2193 1200 telam
2244 1140 2595 1204 contexuit
2644 1158 2687 1203 a

493 1230 827 1314 Dionysio
860 1232 1089 1298 Halic.
1120 1241 1188 1297 et
1234 1231 1457 1298 Timoeo
1486 1237 1860 1320 abruptam,
1890 1243 1959 1302 et
1986 1237 2241 1315 eadem,
2265 1259 2419 1322 quae
2449 1240 2685 1306 Livius

488 1334 559 1397 in
588 1335 793 1400 altera
819 1335 1277 1418 maximaque,
1309 1335 1510 1401 nobis
1553 1337 1807 1414 relicta,
1837 1339 2063 1422 ,operis
2094 1340 2202 1404 sui
2228 1349 2440 1423 parte,
2469 1342 2537 1406 in
2566 1343 2683 1407 lib.

489 1452 863 1500 xta-XLV.
901 1438 1352 1519 pertractavit.
1441 1437 1613 1521 Ejus
1657 1438 1901 1504 deinde
1949 1441 2296 1507 historiam
2350 1442 2438 1507 ad
2487 1462 2681 1507 suam

489 1545 754 1605 aetatem
799 1541 1216 1605 continuavit
1244 1536 1644 1619 Posidonius,
1675 1542 1962 1607 Panaetii
2006 1542 2383 1627 discipulus
2427 1551 2496 1610 et
2540 1566 2683 1611 ma-

488 1641 688 1722 gister
718 1641 1089 1721 CiceroniS,
1137 1641 1256 1727 qui
1295 1641 1506 1706 libros
1555 1658 1690 1709 Lu.
1742 1649 1851 1707 τῶν
1893 1648 2047 1725 μετὰ
2094 1643 2379 1724 Πολύβιον
2415 1647 2683 1730 scripsit

482 1743 998 1829 philosophico
978 1745 1274 1826 ingenio,
1308 1763 1480 1827 quos
1508 1744 1789 1810 laudant
1817 1746 2063 1812 Strabo
2098 1746 2393 1813 111.163.
2467 1745 2680 1813 Athe-

484 1864 675 1911 naeus
709 1864 814 1910 ιν.
837 1846 952 1913 36.
983 1866 1090 1930 sq.
1122 1851 1189 1912 et
1220 1846 1362 1911 alii.

571 1947 726 2014 Hos
757 1949 1064 2033 aliosque
1093 1969 1306 2014 rerum
1337 1947 1799 2015 Romanarum
1830 1958 2138 2016 auctores
2162 1968 2315 2017 cum
2360 1952 2554 2019 Livio
2584 1953 2684 2019 ita

485 2053 855 2135 comparari
904 2072 1131 2136 posse,
1180 2060 1255 2118 ut
1313 2059 1656 2136 appareat,
1705 2053 2047 2137 quomodo
2105 2054 2214 2120 hic
2272 2054 2538 2121 differat
2593 2056 2681 2120 ab

483 2153 643 2232 illis,
672 2161 739 2220 et
768 2161 1081 2240 quantum
1114 2156 1477 2240 unicuique
1502 2157 1773 2235 debeat,
1792 2158 1944 2240 quis
1961 2163 2087 2235 est,
2108 2157 2225 2241 qui
2254 2176 2384 2222 non
2414 2177 2683 2223 mecum

484 2259 724 2340 optet?
813 2257 950 2322 Sed
1004 2260 1292 2324 omnium
1346 2258 1635 2337 illorum,
1698 2260 1761 2324 si
1821 2259 2202 2344 Polybium,
2258 2247 2682 2342 Dionysium,

483 2357 899 2443 Appianum,
943 2366 1009 2424 et
1034 2360 1364 2438 Dionem,
1400 2359 1690 2427 Graecos
1735 2362 2115 2444 scriptoreS,
2154 2362 2530 2445 exceperiS‚
2560 2362 2681 2445 qui

468 2460 616 2545 jam
649 2483 692 2527 a
718 2464 946 2529 multis
975 2465 1147 2528 inter
1187 2484 1260 2530 se
1308 2471 1379 2529 et
1425 2484 1576 2530 cum
1617 2464 1818 2530 Livio
1860 2464 2108 2540 collati,
2137 2470 2205 2530 at
2240 2465 2375 2549 ipsi
2405 2483 2679 2548 quoque

478 2566 725 2631 misere
754 2568 1042 2635 mutilati
1089 2575 1265 2645 sunt,
1300 2568 1498 2633 nobis
1545 2587 1676 2632 non
1711 2568 1842 2632 nisi
1887 2566 2158 2632 nomina
2207 2573 2274 2631 et
2316 2566 2680 2649 fragmenta

479 2669 760 2752 aliquot,
792 2676 1117 2754 tanquam
1160 2670 1406 2735 tabulae
1447 2669 1533 2734 de
1572 2668 1943 2751 naufragio,
1989 2675 2295 2748 restant3
2338 2686 2558 2750 neque
2594 2667 2679 2732 de

477 2791 704 2835 eorum
759 2772 980 2837 indole
1032 2774 1392 2854 quicquam
1452 2772 1651 2834 nobis
1706 2775 2070 2847 constaret,
2129 2769 2263 2834 nisi
2319 2769 2678 2851 PolybiuS,

477 2871 735 2950 LiviuS,
758 2874 1007 2956 aliique
1034 2891 1510 2956 nonnunquam
1534 2873 1739 2936 breve
1765 2871 1848 2935 de
1878 2872 1964 2936 iis
1983 2872 2317 2955 judicium
2340 2872 2679 2936 tulissent.

475 2972 583 3038 Eo
615 2974 685 3037 in
715 2975 951 3057 primis
983 2979 1292 3058 spectant
1334 2974 1468 3039 duo
1514 2974 1862 3039 Ciceronis
1900 2975 2057 3040 loca
2088 2975 2174 3041 de
2207 2974 2302 3038 N.
2333 2973 2424 3037 D.
2458 2990 2540 3036 11.
2569 2971 2679 3036 12.

476 3095 578 3159 sq.
609 3085 678 3141 et
705 3076 789 3140 de
817 3076 952 3160 leg.
985 3094 1038 3140 1.
1055 3077 1121 3141 2.
1152 3076 1354 3160 digna
1375 3096 1529 3161 quae
1558 3077 1672 3142 hic
1700 3077 2012 3160 legantur
2039 3078 2395 3161 permixte,
2422 3082 2493 3140 et
2522 3092 2676 3139 cum

474 3176 586 3256 iis,
631 3199 783 3262 quae
832 3199 1040 3262 supra
1089 3178 1256 3258 dixi,
1318 3179 1772 3258 conferantur,
1829 3183 1904 3244 ut
1946 3184 2123 3244 certe
2168 3178 2675 3262 qualiscumque

473 3278 634 3345 inde
665 3281 1014 3347 exoriatur
1044 3287 1333 3347 veterum
1357 3269 1851 3359 historicorum,
1883 3281 2004 3365 qui
2035 3280 2295 3346 Nostro
2327 3278 2675 3362 praeivere,

473 3400 817 3465 recensus,
847 3384 1201 3468 simulque,
1231 3391 1559 3469 quantum
1594 3383 1776 3461 licet,
1806 3382 2232 3466 intelligatur,
2266 3380 2429 3466 quid
2460 3398 2676 3464 quan-

474 3490 752 3570 tumque
800 3487 972 3552 inter
1001 3508 1121 3555 eos
1168 3495 1237 3552 et
1269 3487 1535 3553 Livium
1574 3487 1862 3565 intersit,
1894 3494 1966 3550 et
1995 3502 2171 3570 quae,
2193 3483 2434 3569 judice
2484 3480 2678 3547 Cice-

474 3607 656 3669 rone,
688 3590 943 3675 optima
976 3574 1068 3655 sit
1094 3591 1397 3656 historiae
1427 3589 1793 3671 scribendae
1822 3588 2018 3656 ratio.
2073 3593 2094 3622 ‘
2115 3587 2361 3667 Qualis
2392 3586 2676 3650 oratoris

476 3698 549 3754 et
603 3693 840 3774 quanti
884 3691 1174 3757 hominis
1218 3693 1290 3756 in
1335 3691 1622 3757 dicendo
1674 3698 1881 3775 putas
1921 3708 2097 3769 esse,
2128 3689 2473 3753 historiam
2514 3688 2678 3751 scri·-

473 3793 671 3858 bere‘l
761 3794 861 3874 Si,
891 3800 966 3861 ut
993 3794 1217 3859 Graeci
1248 3793 1680 3877 scripserunt,
1705 3791 1948 3858 summi
1972 3813 1992 3874 ;
2036 3792 2118 3871 si,
2147 3799 2222 3856 ut
2251 3789 2483 3867 nostri,
2512 3789 2677 3854 nihil

478 3913 654 3977 opus
694 3901 796 3960 est
824 3904 1121 3981 oratore3
1192 3898 1358 3965 satis
1407 3903 1535 3974 est,
1584 3915 1722 3960 non
1763 3915 1916 3960 esse
1963 3893 2368 3960 mendacem.
2457 3890 2677 3974 Atqui

476 3995 701 4063 Graeci
750 4019 1015 4085 quoque
1057 4001 1155 4067 sic
1205 3999 1403 4064 initio
1455 3998 1940 4082 scriptitarunt,
1985 4001 2059 4062 ut
2096 4003 2325 4061 noster
2357 3993 2557 4072 Cato,
2608 3998 2677 4057 et

474 4098 731 4179 Pictor,
764 4108 835 4166 et
873 4103 1067 4168 Piso.
1155 4102 1319 4166 Erat
1353 4100 1529 4166 enim
1560 4100 1841 4166 historia
1877 4099 2039 4165 nihil
2070 4097 2277 4176 alind,
2304 4097 2439 4160 nisi
2467 4114 2675 4161 anna-

474 4198 638 4267 lium
669 4204 1038 4271 confectio:
1107 4204 1304 4290 cujus
1341 4203 1440 4271 rei
1478 4203 1946 4288 memoriaeque
1977 4200 2274 4288 publicae
2301 4197 2672 4266 retinendae
