3034 4925
2240 385 2371 452 405

148 558 220 624 ct
247 552 340 618 P.
376 550 716 619 Servilius
739 552 1048 617 consules
1076 551 1264 617 facti.
1330 551 1618 635 Insignis
1645 552 1753 618 hic
1775 563 1989 618 annus
2009 557 2111 620 est
2131 554 2366 619 nuntio

146 655 532 741 Tarquinii
561 655 840 720 mortis.·
901 652 1208 720 Mortuus
1237 660 1337 719 est
1359 653 1648 733 Cumis?
1672 675 1804 740 quo
1826 676 1902 721 se
1933 663 2091 741 post
2109 656 2368 723 fractas

151 777 334 843 opes
381 758 833 824 Latinorum⁰
874 758 963 822 ad
1002 756 1504 823 Aristodemum
1527 754 1556 793 ‘¹
1599 762 1950 843 tyrannum
1982 759 2365 825 contulerat.

149 861 260 927 Eo
292 862 557 927 nuntio
585 860 790 926 erecti
821 859 1078 938 Patrae,
1104 866 1329 925 erecta
1360 860 1609 942 plebes.
1674 861 1810 927 Sed
1844 861 2156 927 Patribus
2176 860 2369 926 nimis

151 964 524 1029 luxuriosa
552 983 635 1029 ea
662 963 789 1029 fuit
818 963 1058 1029 laetitia
1082 963 1146 1026 τ’
1184 963 1388 1046 plebi,
1438 962 1552 1028 cui
1598 963 1683 1029 ad
1729 983 1876 1029 eam
1905 964 2080 1030 diem
2110 982 2370 1029 summa

154 1085 293 1149 ope
349 1067 764 1133 inservitum
811 1072 1000 1145 erat:
1042 1064 1302 1151 injuriae
1349 1084 1392 1130 a
1437 1066 1834 1148 primoribus
1885 1066 2027 1132 fieri
2078 1086 2366 1150 coepere.

156 1167 427 1234 Eodem
460 1190 642 1236 anno
670 1169 901 1253 Signia
927 1169 1241 1248 colonia,⁸
1284 1186 1485 1253 quam
1529 1188 1646 1234 rex
1676 1169 2080 1254 Tarquinius
2108 1170 2368 1237 dedux-

156 1278 325 1349 erat,
355 1274 683 1357 suppleto
701 1292 973 1338 numero
997 1272 1401 1350 colonorum,
1433 1271 1669 1337 iterum
1696 1272 1982 1340 deducta
2010 1281 2137 1339 est.
2222 1272 2367 1338 Ro-

159 1394 291 1441 mae
322 1377 563 1442 tribus
595 1395 733 1441 una
783 1380 850 1441 et
893 1371 1215 1458 viginti⁶f
1252 1374 1475 1441 factae.
1566 1375 1777 1441 AEdes
1823 1375 2141 1442 Mercurii
2185 1375 2366 1442 dedi-

976 400 1127 450 mn.
1176 402 1257 450 ιι.
1302 401 1467 450 car.
1510 385 1616 451 21.

162 1481 312 1542 cata
331 1484 362 1523 ⁸
408 1485 527 1543 est
556 1477 784 1544 idibus
819 1476 1044 1544 Maiis,

225 1642 252 1677 θ
284 1644 399 1694 Hoc
417 1646 657 1708 gaudium·
678 1645 820 1694 nimis
838 1643 1156 1708 intemperans
1163 1636 1294 1703 snit.

223 1716 244 1741 ‘
279 1710 445 1766 Quam
480 1712 708 1760 kactenus
735 1711 988 1762 Sensim
1025 1708 1224 1772 benigne
1257 1711 1502 1760 &mundo
1537 1709 1630 1761 silei
1665 1712 1895 1763 demereri
1924 1716 2144 1762 aurate
2174 1712 2366 1761 sendu-

166 1780 274 1824 rant

1092 1885 1459 1909 oeenmeeoo

173 1986 279 2034 182.
317 1984 458 2035 hunc
499 1986 670 2035 locum
702 1983 936 2045 laudans,
972 1984 1129 2036 verba
1157 1990 1408 2038 mmm
1437 1989 1661 2052 quosdam
1692 1988 1905 2053 omittit,
1933 1986 2091 2049 unde,
2126 1992 2368 2052 suspecta

172 2047 255 2097 illa
295 2047 461 2101 fuisse
507 2051 803 2113 Perizonio,
848 2049 1091 2101 Dukerus
1136 2052 1312 2117 colligi
1357 2067 1508 2117 posse
1554 2052 1852 2105 existimatss
1906 2052 2192 2105 Suus—6
2243 2052 2364 2103 vid.

174 2113 294 2164 Not.
311 2116 438 2165 Var-

1164 2229 1378 2286 No'rAE

177 2322 361 2389 tilibns,
392 2325 772 2391 pristinamque
803 2323 1108 2376 societatem
1132 2325 1235 2377 La·

176 2398 290 2449 tinis
309 2400 407 2452 hoc
429 2402 570 2453 bello
594 2400 870 2468 redditam,
906 2402 1127 2469 Dionys.
1153 2410 1234 2455 est

182 2484 370 2528 auctor.

237 2559 259 2596 ³
295 2557 422 2612 Quia
442 2557 650 2623 collega]
685 2556 746 2608 Τ.
765 2557 1046 2623 Virginius.

236 2634 257 2662 ¹
286 2632 383 2696 Ap.
419 2632 677 2697 Claudius]
725 2634 973 2700 Sequitur
1004 2636 1231 2686 consula·

184 2710 259 2755 tus
280 2707 437 2774 Appii
474 2709 683 2761 Claudii
719 2711 914 2776 Sabini,
945 2712 1010 2763 P.
1031 2713 1235 2763 Servilii

183 2783 363 2852 Prisci,
395 2804 555 2855 quem
579 2791 900 2840 consulatum
922 2790 1120 2841 Plinius
1143 2791 1234 2842 lib.

186 2870 354 2915 xxxv.
376 2879 494 2930 cap.
521 2869 604 2916 31.
630 2866 856 2931 assignat
879 2880 963 2918 an.
997 2867 1064 2917 ab
1088 2867 1153 2919 U.
1174 2867 1233 2918 C.

189 2939 295 2988 259.

240 3013 265 3046 '²
297 3010 547 3082 Tarquinii
564 3017 754 3083 mortis]
785 3012 1027 3070 Mortuus
1045 3025 1126 3070 est
1142 3034 1234 3071 no-

191 3094 451 3152 nagenario
490 3094 655 3159 major
686 3092 918 3145 nefarius
957 3094 1234 3161 parricida,

192 3165 284 3214 suis
304 3169 539 3220 omnibns
561 3179 861 3236 superstes:
898 3184 1000 3238 qno
1030 3173 1235 3238 gravius

193 3236 403 3296 divinam
441 3264 537 3313 per
572 3256 655 3300 tot
688 3262 837 3301 casus
871 3250 1119 3302 ultionem
1144 3265 1235 3302 ex-

196 3320 453 3377 periretur.
520 3326 693 3377 Tullia
715 3328 830 3391 ejus
857 3341 1003 3385 uxor,
1037 3329 1234 3392 agitan-

196 3391 320 3445 tibus
340 3409 671 3462 paternorum
692 3405 913 3453 inanium
934 3403 1102 3463 furiis,
1121 3420 1231 3470 par·

198 3468 349 3551 ricidii
390 3477 469 3529 sui
511 3495 694 3545 poenas
732 3482 956 3545 propriis
999 3481 1233 3532 manibus

190 3549 368 3604 Jamdin
388 3569 417 3603 a
431 3557 605 3621 seipsa
623 3564 891 3623 exegerat,
907 3558 1002 3609 sub
1025 3559 1234 3610 initium

200 3626 509 3683 tumultuum.

254 3697 276 3731 ¹²
309 3703 487 3771 Cumis]
537 3708 685 3759 Inter
724 3700 970 3760 Vulturni
1008 3708 1062 3761 fl.
1102 3712 1234 3763 ostia

203 3778 251 3820 et
283 3775 531 3837 Misenum
570 3785 974 3848 promontorium
1011 3787 1061 3835 in
1087 3787 1238 3838 Cam·

206 3852 359 3917 lunia,
376 3871 493 3921 quae
519 3875 652 3910 nunc
673 3861 834 3911 Terra
857 3861 1071 3913 Laboris
1090 3863 1239 3928 regni

207 3921 518 3990 Neapolitani
562 3950 699 4001 pars,
745 3934 845 3987 fnit
882 3935 1003 3987 urbs
1041 3937 1240 4002 Cumoe,

206 3993 386 4082 (iraecis
412 4024 624 4061 numero
653 4012 893 4075 singulari
929 4010 1083 4074 Κύμη.
1148 4015 1240 4063 vi·

211 4077 484 4145 omipopnli
519 4087 638 4137 olim
675 4088 832 4151 Opici
874 4087 1019 4141 dicti.
1086 4087 1238 4139 Anti·

212 4150 428 4231 quissima
445 4163 675 4214 creditur
695 4164 995 4216 Graecarum
1020 4179 1116 4231 per
1132 4166 1236 4216 Ita-

212 4220 317 4276 liam
367 4236 687 4305 coloniarum,
738 4257 769 4291 a
811 4241 1237 4295 Chalcidensibus

217 4296 405 4359 ¹3⁰¹>oeae
449 4318 670 4382 populis,
703 4318 837 4371 duce
881 4320 1237 4386 Megasthene,

1314 2328 1540 2386 condita,
1558 2327 1815 2394 adjunctis
1833 2321 2076 2381 Cuni'anis
2088 2342 2155 2378 ex
2169 2321 2370 2378 AEolide

1315 2404 1587 2471 profectis,
1629 2422 1843 2475 quorum
1898 2407 2005 2457 dux
2060 2404 2368 2471 Hippocles‚

1314 2486 1571 2536 Strabone
1595 2492 1730 2537 teste
1748 2486 1837 2536 lib.
1860 2500 1916 2536 v.
1982 2485 2175 2536 Eorum
2192 2484 2382 2555 memi-⁴

1312 2563 1390 2612 nit
1426 2563 1582 2613 etiam
1606 2563 1913 2614 Paterculns
1946 2562 2038 2613 lib.
2059 2576 2098 2611 ι.
2164 2559 2369 2611 Nomen

1313 2640 1581 2703 accepisse
1613 2636 1821 2690 videtur
1854 2639 1936 2689 vel
1976 2654 2002 2689 a
2039 2639 2200 2688 Cuma
2233 2635 2367 2702 Hip·

1315 2716 1476 2779 poclis
1514 2716 1703 2781 patria,
1733 2717 1817 2767 vel
1845 2713 1938 2765 ἀπὸ
1968 2716 2065 2764 τῶν
2084 2704 2316 2775 κυμάτων,
2341 2726 2372 2762 a

1313 2792 1576 2845 fluctibus.
1640 2794 1953 2859 Contignnm
1975 2791 2173 2858 quippe
2202 2790 2372 2854 littus,

1314 2870 1475 2920 instar
1494 2870 1751 2934 scopulosi
1774 2868 1932 2932 dorsi,
1952 2868 2081 2918 mari
2099 2872 2176 2917 est
2196 2865 2368 2930 objec-

1315 2953 1455 3008 tum3
1488 2947 1624 2995 inter
1661 2945 1797 3012 qnod
1838 2952 1893 2996 et
1926 2944 2210 3010 proximam
2235 2943 2371 2991 insu·

1314 3023 1416 3072 lam
1439 3022 1721 3085 AEnariam‚
1735 3036 1827 3072 seu
1844 3021 2172 3083 Pithecusas,
2194 3018 2372 3068 imma·

1314 3098 1454 3148 nium
1495 3093 1746 3147 fluctuum
1791 3104 1960 3148 motus
2000 3104 2055 3147 et
2098 3099 2369 3145 ventorum

1313 3172 1733 3240 impetuosissimi
1751 3166 1903 3225 flatus
1927 3173 2142 3224 fiebant.
2180 3173 2370 3222 Cuma-

1314 3265 1493 3301 norum
1528 3252 1731 3303 colonia
1770 3249 2015 3316 Neapolis
2048 3247 2169 3313 fuit,
2204 3263 2236 3298 a
2267 3263 2372 3312 qua

1314 3341 1451 3378 nunc
1492 3328 1631 3377 sinus
1674 3326 2072 3392 Neapolitanus,
2119 3325 2206 3392 qui
2248 3326 2370 3374 olim

1316 3404 1593 3454 Cumanus.
1660 3402 1799 3455 Hinc
1822 3405 1975 3454 etiam
1998 3402 2196 3452 nomen
2220 3415 2370 3450 acce·

1316 3481 1396 3545 pit
1420 3481 1627 3532 Cumaea
1650 3480 1848 3545 Sibylla
1876 3480 1929 3530 in
1952 3479 2147 3543 templo
2170 3476 2371 3543 Apolli·

1314 3557 1395 3606 nis
1419 3555 1640 3606 reddens
1661 3558 1883 3605 oracula.

1338 3646 1345 3657 ·
1378 3640 1401 3668 ¹²
1423 3633 1547 3683 Post
1556 3632 1746 3693 fractas
1765 3647 1874 3696 opes
1890 3627 2192 3692 Latinorum]
2217 3626 2370 3677 Adde

1313 3716 1370 3760 et
1407 3716 1524 3774 post
1558 3723 1734 3758 eorum
1765 3723 1879 3758 cum
1905 3706 2147 3757 Romanis
2172 3716 2375 3767 pacem,

1290 3800 1381 3836 ·ex
1425 3785 1710 3849 Dionysio:
1758 3798 1912 3848 quam
1956 3780 2155 3832 nonnisi
2211 3780 2372 3844 pulsis

1316 3861 1551 3913 exulibus
1600 3861 1930 3912 obtinuerant
1985 3874 2016 3908 a
2069 3858 2268 3908 Senatu
2317 3862 2374 3907 et

1316 3939 1602 3989 Postumio.

1379 4015 1404 4050 (Ι
1438 4018 1517 4065 Ad
1541 4009 1913 4075 Aristodemum]
1959 4009 2130 4075 Hujus
2167 4010 2374 4075 tyranni

1316 4092 1587 4155 originem,
1622 4100 1781 4153 artes,
1818 4088 1952 4138 bella
1973 4086 2220 4138 describit
2244 4087 2375 4137 Dio-

1317 4181 1430 4232 nys.
1453 4167 1568 4216 init.
1593 4165 1685 4215 lib.
1706 4178 1813 4216 vn.
2387 4228 2394 4237 .

1381 4249 1404 4276 θ
1433 4242 1611 4303 Signia
1645 4239 1847 4305 colonia]
1881 4230 2060 4291 V.'lib.
2083 4253 2123 4290 r.
2149 4253 2265 4303 cap.
2289 4240 2369 4285 56.

1381 4317 1402 4353 ¹
1421 4318 1590 4371 Tribus
1601 4332 1699 4368 una
1716 4323 1764 4370 et
1781 4316 1982 4382 viginti]
2005 4315 2218 4368 Foedum
2235 4308 2372 4379 qnod
2389 4306 2394 4317 '
