3034 4925
2260 360 2392 425 64⁷

199 516 486 583 tuendos
514 536 635 582 vos
663 516 1007 601 praebituri
1036 516 1227 594 estis,
1255 536 1426 594 cum,
1455 509 1868 600 recuperatis
1894 517 2395 599 magistratibus

197 619 598 703 legibusque
630 620 897 708 vestrm,
915 618 1178 704 judicia
1206 639 1412 703 penes
1445 639 1568 685 vos
1586 626 1799 684 erunt
1813 619 1895 684 de
1918 621 2140 703 capite
2162 630 2398 688 nostro

197 720 666 806 fortunisque3
714 728 893 800 tunc,
924 726 1000 784 ut
1031 740 1322 805 quaeque
1354 740 1562 797 causa
1594 723 1735 801 erit,
1767 724 2100 787 statuetis.
2193 724 2395 789 Nune

197 822 579 888 libertatem
610 824 820 906 repeti
850 824 1016 888 satis
1045 829 1166 887 est.
1167 822 1186 850 '

294 925 404 988 54.
450 924 806 1004 Facerent,
839 930 935 988 ut
985 925 1253 1002 vellent,
1299 926 1829 1008 permittentibus
1868 887 2231 1005 cunctiS,
2235 947 2396 994 mox

197 1025 533 1091 redituros
565 1048 639 1091 se
661 1028 867 1111 legati
916 1027 1111 1090 rebus
1140 1026 1447 1110 perfectis
1478 1026 1828 1092 affirmant.
1916 1028 2215 1096 Profecti
2244 1048 2401 1094 cum

196 1128 521 1214 mandata
540 1128 761 1213 plebis
783 1128 1097 1212 Patribus
1122 1128 1618 1220 exposuissent,
1650 1131 1764 1194 alii
1785 1130 2169 1209 decemviri,
2194 1151 2399 1215 quan·

201 1229 570 1313 doquidem
601 1236 845 1313 praeter
875 1249 1068 1312 spem
1098 1229 1396 1313 ipsorum
1427 1230 1750 1313 supplicii
1796 1232 1902 1306 sui
1937 1233 2122 1304 nulla
2151 1234 2403 1300 mentio.

199 1334 416 1409 fieret,
437 1383 444 1388 „
469 1330 645 1407 haud
689 1332 1056 1416 quicquam
1088 1333 1396 1422 abnuere.
1487 1331 1783 1416 AppiuS,
1831 1334 2003 1398 truci
2043 1334 2313 1415 ingenio
2336 1340 2401 1398 et

198 1434 465 1499 invidia
494 1434 857 1522 praecipua,
889 1433 1117 1500 odium
1148 1435 1217 1498 in
1250 1455 1327 1498 se
1366 1436 1665 1516 aliorum
1690 1455 1813 1499 suo
1858 1438 1928 1499 in
1968 1455 2084 1512 eos
2122 1436 2403 1500 metiens

204 1535 397 1613 odic,
442 1540 463 1568 ‘
495 1534 704 1600 Haud
733 1535 1009 1622 ignaro?
1035 1544 1059 1573 ²
1106 1538 1336 1620 inquit,
1380 1543 1403 1572 ‘
1434 1538 1729 1607 imminet
1758 1538 2069 1606 fortuna.¹
2154 1537 2402 1615 Video,

202 1639 428 1722 donec
450 1657 636 1702 arma
665 1632 1062 1724 adversariis
1094 1638 1452 1724 tradantur,
1468 1638 1733 1756 :differri
1764 1639 2082 1718 adversus
2105 1658 2226 1703 nos
2260 1634 2407 1713 cerr}

205 1749 454 1809 tamen.
524 1740 800 1826 Dandus
821 1740 1095 1806 invidiae
1119 1746 1225 1806 est
1255 1742 1563 1824 sanguis.⁸
1546 1740 1566 1778 ⁸'
1637 1740 1827 1805 Nihil
1857 1761 1969 1805 ne
1954 1761 2100 1824 ego
2129 1741 2402 1824 quidem

205 1861 454 1918 moror,
507 1860 643 1923 quo
673 1842 898 1905 minus
947 1840 1405 1906 decemviratu
1437 1841 1737 1908 abeam?
1776 1843 2105 1920 Factum
2131 1849 2407 1916 senatus

205 1942 608 2021 consultum,
657 1947 677 1976 ‘
709 1939 805 2007 Ut
835 1941 1191 2007 decemviri
1236 1964 1310 2007 se
1363 1944 1578 2026 primo
1628 1964 1897 2029 quoque
1943 1951 2270 2026 tempore
2265 1963 2403 2007 ma-

208 2045 486 2127 gistratu
539 2044 951 2130 abdicarent.
1042 2045 1136 2124 Q..
1171 2044 1418 2140 Furius
1442 2054 1471 2091 Υ
1485 2094 1490 2098 ·
1516 2045 1819 2130 pontifex
1867 2046 2245 2109 maximus²
2290 2044 2403 2118 tri-5

206 2149 436 2233 bunos
458 2147 682 2232 plebis
706 2152 985 2226 crearet.
1062 2147 1154 2234 Et
1175 2168 1260 2232 ιι6
1289 2149 1400 2214 cui
1421 2148 1651 2213 fraudi·
1666 2154 1848 2228 esset
1863 2148 1889 2186 k
1912 2147 2210 2213 secessio
2231 2146 2403 2212 mili-

877 444 886 450 ἢ
960 371 1105 420 mn.
1156 371 1268 420 ιιι.
1318 369 1482 421 cAr.
1529 355 1635 419 54.

326 2361 620 2438 Deponenda
640 2363 758 2412 mihi
775 2363 880 2413 vitu
898 2368 992 2428 est,
1012 2368 1068 2414 ut
1087 2331 1193 2414 odio
1204 2363 1391 2428 publico
1406 2365 1632 2430 satisfiat.
1765 2419 1769 2426 ὅ

278 2422 305 2458 ¹¹
338 2426 417 2477 Ne
436 2428 652 2492 cuiquam
671 2434 874 2480 noceret.

1210 2577 1260 2626 N
1266 2575 1424 2628 01·AE

278 2711 304 2736 ¹²
338 2704 483 2752 Scuto
536 2704 667 2754 vobis
717 2707 889 2769 magis,
923 2722 1063 2771 quum
1088 2708 1271 2772 gladio,

210 2792 329 2841 opus
348 2780 442 2842 est]
476 2780 615 2829 Satis
641 2781 784 2831 vobis
808 2782 1023 2846 plebeiis
1046 2797 1160 2833 esse
1183 2782 1270 2832 de·

209 2854 310 2905 bet
333 2857 373 2904 si
397 2856 630 2906 habeatis
654 2859 797 2921 pacis
820 2858 1271 2925 conditiones'qui·

210 2930 313 2981 bus
339 2931 480 2980 velut
503 2933 688 2996 clypeo
713 2934 932 2998 quodam
966 2936 1065 2985 tuti
1090 2934 1156 2985 ab
1179 2935 1269 2984 im·

208 3015 342 3071 petn
398 3007 806 3060 adversariorum
861 3026 974 3061 esse
1027 3011 1265 3076 possitis:

208 3097 315 3132 nec
338 3097 551 3134 necesse
572 3094 655 3136 est
679 3093 734 3135 ut
759 3101 822 3135 ea
856 3087 1137 3149 obtineatis
1159 3088 1271 3154 qui-

210 3158 314 3208 bus
339 3162 480 3209 velut
519 3176 641 3212 ense
676 3163 801 3213 alios
837 3165 1040 3229 queatis
1078 3165 1270 3216 laedere

215 3242 377 3299 atque
398 3234 681 3299 offendere.

279 3317 309 3342 ¹
340 3311 492 3361 Haud
511 3312 700 3374 ignaro,
724 3314 902 3377 inquit,
929 3314 1141 3365 imminet
1160 3317 1274 3376 sor·

211 3385 355 3449 tuna]
390 3387 479 3437 Sic
511 3394 715 3438 veteres
749 3390 1022 3452 editiones,
1056 3398 1110 3440 et
1143 3393 1272 3442 Mss.

213 3463 473 3527 quomodo
518 3464 671 3528 paulo
715 3472 851 3521 ante,
899 3463 1066 3513 ‘haud
1111 3465 1275 3529 ignari

214 3548 414 3605 quauta
456 3541 664 3591 iuvidiae
705 3542 999 3592 immineret
1051 3548 1272 3606 tempes-

210 3616 338 3667 tas!
403 3619 619 3669 Frustra
639 3620 813 3683 itaque
847 3617 1163 3669 recentiores
1184 3618 1272 3669 ha·

211 3694 361 3752 beut.
396 3695 522 3744 haud
558 3696 766 3756 ignavo.-
799 3694 932 3760 qnod
966 3691 1273 3756 jactabundi

213 3776 332 3820 est:
369 3770 496 3820 illud
517 3769 671 3821 fortis
694 3777 748 3820 et
769 3768 1036 3834 impavidi.

279 3855 304 3889 5
335 3847 404 3902 Q.
425 3847 625 3910 Furius]
658 3847 917 3897 Asconius
949 3847 1082 3896 hunc
1106 3846 1273 3910 ponti-

211 3921 369 3974 ficem
404 3923 632 3972 nominat
668 3923 746 3972 M.
783 3920 1084 3984 Papirium3
1120 3921 1275 3985 idque

211 4000 430 4066 Sigouio
450 4001 721 4064 probatur„
737 3997 872 4064 quod
892 3999 959 4050 Q.
980 3997 1117 4047 Furii
1142 3999 1277 4046 nulla

214 4091 316 4141 per
365 4076 457 4139 bos
502 4090 662 4126 anuos
703 4075 915 4138 mentio,
952 4073 1031 4123 M.
1074 4073 1274 4138 Papirii

215 4156 401 4205 multa.
1203 4166 1216 4179 ⁴

287 4230 573 4291 ²Pontisex
603 4229 863 4295 maximus]
895 4228 1032 4304 'Post
1070 4229 1279 4282 abdica-

1350 2708 1544 2760 tionem
1567 2708 1996 2771 decemvirorum,
2021 2721 2137 2758 cum
2152 2705 2295 2756 ‘nulli
2328 2720 2407 2757 en·
2438 2751 2442 2754 Α

1351 2793 1470 2838 sent
1502 2786 1836 2850 magistratus
1880 2784 2065 2850 quibus
2109 2783 2405 2833 auctoribus

1351 2862 1544 2913 tribuni
1589 2862 1755 2927 plebis
1799 2861 1968 2912 creari
2015 2867 2247 2925 possent,
2292 2858 2406 2921 ejus

1350 2940 1427 2988 rei
1449 2938 1670 2990 facultas
1711 2945 1862 2989 extra
1889 2937 2120 2987 ordinem
2157 2933 2406 2986 Pontifici

1349 3014 1583 3064 Maximo
1606 3014 1779 3064 delata
1799 3019 1898 3075 est,
1936 3026 2088 3078 quem
2127 3010 2408 3076 Dionysius
2506 3074 2511 3077 ,

1349 3104 1451 3140 nou
1495 3091 1657 3140 solum
1701 3089 2034 3141 maximarum
2080 3102 2263 3141 rerum.
2290 3101 2405 3150 qum

1353 3165 1417 3216 ad
1456 3157 1605 3216 sacra
1648 3172 1704 3216 et
1742 3164 2042 3228 religionem
2083 3163 2409 3228 pertinerent

1345 3240 1600 3307 judicem,
1635 3240 1726 3291 sed
1764 3247 1820 3291 et
1849 3239 2105 3290 vindicem
2142 3246 2409 3290 contuma-

1354 3319 1449 3369 ciae
1489 3318 1821 3383 privatorum,
1854 3331 1916 3366 ac
1956 3317 2349 3378 magistratuum
2379 3329 2410 3362 a

1355 3395 1527 3445 Numa
1549 3394 1925 3443 constitutum:
1957 3393 2142 3440 Festus
2175 3388 2409 3452 judicem

1356 3477 1510 3533 atque
1546 3469 1795 3517 arbitrum
1829 3479 1997 3514 rerum
2020 3464 2311 3514 divinarum
2333 3468 2413 3514 atr

1352 3558 1453 3608 que
1468 3543 1803 3595 humanarum
1822 3539 1980 3589 fuisse
1999 3539 2178 3592 tradit.
2228 3539 2307 3588 'Et
2326 3552 2412 3587 ve·

1352 3632 1569 3680 roqeum,
1595 3617 1682 3682 qui
1704 3630 1951 3666 summum
1975 3620 2185 3678 gereret
2207 3611 2412 3677 pontiti·

1355 3701 1551 3751 catum.
1573 3693 1700 3743 alios
1725 3692 1867 3757 prius
1890 3691 2107 3755 majores
2140 3689 2412 3752 magistra·

1356 3779 1439 3822 tus
1476 3769 1691 3835 gessisse
1730 3766 2027 3831 oportebat,
2057 3766 2135 3816 uti
2173 3763 2410 3828 Sigonius

1357 3847 1602 3898 advertit.
1669 3846 1837 3895 Porro
1852 3842 2214 3898 auctoritatem
2230 3838 2414 3889 Ponti-

1356 3923 1511 3973 ficum
1545 3919 1735 3987 probat
1769 3920 1907 3985 quod
1941 3932 2116 3968 eornm
2139 3916 2412 3981 collegium

1356 4001 1619 4065 alloquens
1657 3998 1829 4048 Cicer.
1862 3997 1916 4045 in
1953 3996 2104 4046 Orat.
2145 4008 2240 4058 pro
2264 3992 2414 4045 domo

1358 4075 1502 4138 sna,‘
1543 4070 1785 4135 eosdem,'
1823 4071 1915 4135 ait,
1943 4074 2035 4125 ‘ct
2077 4069 2414 4135 religionibus

1358 4148 2046 4208 Deorumimmortalium‚et
2063 4160 2270 4213 summae
2288 4143 2415 4209 reip.

1359 4225 1667 4295 praefuisse-‚⁸
1689 4226 1740 4276 iu
1760 4223 2069 4297 quibusdam
2092 4224 2307 4275 scilicet.
