3034 4925
956 371 1132 420 viu
1168 370 1276 439 „ar
1324 368 1688 419 nrs'roara
1737 370 1918 419 nou.
2417 351 2510 419 25
2589 407 2595 412 .
2645 393 2650 398 -

321 517 508 584 acies
531 517 853 582 instructa
882 535 1234 601 pugnaque
1265 517 1647 595 commissa,
1677 516 1921 601 quibus
1950 511 2251 590 consillia
2277 515 2349 604 et
2373 535 2510 600 qua

320 622 576 685 ratione
626 620 1079 686 memorabilis
1121 639 1228 686 res
1268 629 1425 686 acta
1465 621 1578 697 sit,
1626 622 1747 704 qui
1771 620 1916 704 ejus
1943 627 2230 684 eventus
2258 625 2325 684 et
2347 617 2541 705 qum·
2627 702 2633 707 1

321 723 527 805 hujus
559 742 789 787 causae
816 722 1081 801 fuerint,
1112 742 1229 788 seu
1252 743 1476 802 casuS,
1505 743 1630 788 seu
1659 723 2077 799 temeritatis,
2107 739 2223 786 sen
2245 723 2512 806 sapien·

322 824 461 899 tiae,
491 824 656 908 quid
686 826 753 888 in
799 824 1146 909 republica
1178 824 1665 905 constituenda,
1706 826 2235 891 administranda
2263 833 2334 890 et
2371 845 2511 890 rnu-

324 926 552 1005 tanda,
582 927 748 1010 quid
792 927 865 992 in
890 927 1196 1010 eligendo
1242 946 1485 1016 campo
1513 929 1800 1013 locoque
1831 936 2220 1007 castrorum,
2249 928 2414 1011 quid
2444 928 2516 992 in

325 1028 690 1095 ordinanda
718 1031 894 1109 acie,
933 1031 1005 1095 in
1045 1030 1371 1097 subsidiis
1397 1021 1859 1116 disponendis,
1887 1030 1957 1097 in
2000 1049 2328 1115 procursu
2359 1049 2518 1096 con-

329 1151 641 1211 cursuve,
669 1132 736 1197 in
766 1135 1027 1218 impetu
1057 1134 1273 1199 hostis
1302 1135 1704 1218 excipiendo
1721 1140 1784 1199 et
1805 1127 2211 1218 repellendo,
2235 1131 2396 1219 quid
2425 1133 2517 1198 ab

326 1236 635 1319 equitatu
664 1243 736 1300 et
762 1235 1092 1320 peditatu,
1115 1237 1444 1322 hujusque
1474 1242 1544 1302 et
1571 1238 1755 1303 illius
1776 1243 1989 1323 parte,
2006 1239 2177 1301 bene
2203 1243 2319 1301 aut
2343 1235 2520 1300 male

331 1339 421 1402 sit
452 1338 726 1417 factum,
758 1340 929 1405 scite
961 1350 1032 1405 et
1059 1340 1432 1406 luculenter
1460 1339 1850 1407 declaravit.
1937 1339 2115 1419 Qnae
2163 1339 2520 1423 praecipuae

332 1451 495 1506 sunt
553 1443 839 1507 virtutes
896 1442 1193 1509 historiae
1231 1448 1640 1529 πραγματικῆς
1698 1453 1769 1509 et
1826 1444 2257 1522 auaitum-min:
2326 1441 2521 1526 cujus

332 1543 450 1608 ille
500 1545 893 1630 exemplum
941 1566 984 1612 a
1034 1547 1321 1632 Polybio
1363 1554 1719 1626 sumserat,
1761 1553 1828 1613 et
1873 1547 1958 1612 ad
2001 1546 2198 1631 cujus
2225 1542 2523 1610 normam

335 1645 692 1712 Sallustius
721 1648 992 1733 quidem
1014 1656 1081 1716 et
1110 1649 1348 1715 deinde
1378 1651 1496 1716 alii
1532 1650 1677 1736 jam
1713 1652 2014 1734 singulas
2050 1648 2350 1715 historiae
2378 1646 2526 1712 Ro-

335 1769 555 1814 manae
585 1756 815 1832 partes
844 1740 1441 1832 conformaveram,
1489 1755 1726 1820 Livius
1766 1774 1947 1826 vero,
1987 1751 2170 1838 quod
2201 1752 2526 1827 sciamus,

336 1858 555 1918 totam
586 1853 842 1937 primus
871 1855 1431 1921 accommodavit.
1519 1856 1700 1923 Haec
1721 1857 1947 1922 omnia
1968 1859 2027 1921 si
2056 1853 2410 1938 exemplis,
2439 1865 2530 1916 ex

336 1972 425 2017 co
457 1956 1070 2046 petitis‚'illustrare
1112 1958 1352 2025 vellem
1379 1966 1448 2024 et
1491 1960 1833 2038 evincere;
1878 1960 2109 2026 charta
2153 1962 2221 2022 et
2258 1963 2532 2039 tempus

339 2076 448 2122 me
476 2059 678 2123 citius
708 2059 1095 2141 deficerent,
1123 2082 1324 2147 qnam
1364 2065 1573 2129 oratio
1602 2070 1668 2129 et
1694 2064 2020 2129 materies.

428 2159 540 2224 De
570 2161 774 2242 Livii,
804 2164 1102 2229 historici
1120 2167 1419 2233 omnium
1440 2167 2007 2253 eloquentissimi,
2028 2165 2334 2230 oratione
2358 2160 2533 2247 ejus·

342 2282 477 2347 que
528 2263 754 2330 indole
795 2271 863 2332 et
889 2276 1151 2345 ornatu,
1182 2287 1319 2333 non
1349 2276 1474 2348 est,
1505 2270 1683 2354 quod
1730 2269 1940 2335 multa
1970 2266 2212 2333 addam
2241 2265 2348 2341 iiS,
2381 2283 2537 2349 quae

340 2364 481 2450 jam
510 2386 715 2451 supra
754 2369 788 2453 §
821 2385 938 2435 111.
980 2370 1152 2436 dixi.
1242 2372 1368 2438 Est
1396 2392 1481 2438 ea
1529 2393 1658 2437 non
1694 2374 1913 2438 minus
1961 2369 2261 2454 pulchra,
2308 2385 2539 2431 nume·

347 2489 535 2548 rosa,
568 2473 842 2555 elegans
873 2481 941 2540 et
991 2476 1227 2555 nitida,
1269 2496 1473 2562 quam
1523 2477 1767 2555 dulcia,
1789 2474 2116 2561 jucunda,
2164 2477 2450 2537 venusta
2478 2474 2545 2537 et

348 2574 645 2654 urbana3
689 2580 795 2640 est
821 2576 1147 2655 dilucida,
1178 2579 1472 2664 simplex
1503 2584 1571 2643 et
1597 2578 1980 2662 aequabilis,
2010 2576 2213 2640 rebus
2243 2578 2312 2636 et
2341 2570 2544 2639 affec-

348 2675 530 2740 tibus
576 2680 1016 2760 conveniens3
1062 2681 1129 2744 in
1158 2682 1601 2746 concionibus
1631 2681 1881 2744 diserta
1909 2683 1975 2743 ct
2018 2677 2260 2760 graviS,
2304 2673 2545 2737 verbo-

343 2797 492 2872 rum
546 2799 736 2864 saepe
787 2781 1397 2867 sententiarumque
1439 2781 1718 2847 floribus
1763 2798 2149 2864 conspersa,
2199 2776 2429 2860 figuris
2474 2781 2545 2843 et

350 2881 898 2949 translationibus
936 2870 1290 2965 distincta.
1323 2900 1799 2970 nonnunquam
1832 2891 1904 2947 et
1943 2879 2256 2966 poetica3
2288 2884 2360 2944 ut
2379 2895 2545 2963 pau·

348 2983 448 3047 cis
470 2983 686 3049 multa
706 2986 1141 3070 complectar,
1165 2986 1361 3072 plane
1399 2989 1689 3053 oratoria
1712 2996 1785 3051 et
1824 2985 2296 3052 Ciceroniana:
2342 2996 2547 3066 quam

352 3086 519 3149 bene
557 3091 581 3120 ‘
601 3088 828 3151 miram
874 3080 1263 3155 facundiam
1285 3096 1354 3154 et
1368 3090 1669 3156 ¹⁴lacteam
1693 3091 2062 3155 ubertatem
2083 3084 2102 3113 '
2131 3086 2304 3150 dixit
2334 3083 2548 3163 Quin-

354 3189 448 3253 til.
495 3188 666 3253 Inst.
713 3187 830 3253 Or.
883 3208 1043 3255 vm.
1072 3192 1138 3257 1.
1162 3192 1227 3257 3.
1272 3199 1336 3258 et
1384 3209 1463 3258 x.
1506 3193 1572 3257 1.
1617 3192 1726 3257 32.
1770 3192 1887 3256 ubi
1931 3191 2132 3256 etiam
2180 3189 2215 3273 ᾗ
2252 3188 2406 3252 101.
2451 3186 2549 3249 ita

345 3289 719 3383 judicavit:
788 3298 808 3329 ‘
835 3292 1146 3360 Historia
1184 3314 1317 3359 non
1387 3295 1664 3361 cesserit
1711 3291 1998 3370 Graecis,
2046 3310 2170 3356 nec
2212 3307 2548 3374 opponere

355 3393 738 3479 Thucydidi
763 3394 1154 3462 Sallustium
1178 3418 1445 3464 verear:
1497 3417 1626 3465 nec
1664 3386 2037 3480 indignetur
2072 3393 2204 3459 sibi
2243 3389 2549 3456 Herodo-

357 3502 464 3561 tus
496 3499 757 3579 aequari
787 3498 871 3563 T.
896 3498 1185 3580 Livium,
1224 3521 1372 3566 cum
1418 3501 1487 3565 in
1509 3499 1841 3564 narrando
1880 3499 2063 3564 mirae
2103 3494 2552 3580 jucunditatis

359 3599 848 3684 clarissimique
895 3602 1235 3682 candoris,
1281 3611 1417 3670 tum
1456 3605 1525 3669 in
1587 3603 2048 3681 concionibuS,
2096 3618 2304 3683 supra
2347 3615 2553 3681 quam

359 3703 654 3767 enarrari
676 3711 929 3786 potest,
961 3705 1416 3791 eloquentem:
1461 3708 1564 3772 ita
1585 3707 1894 3771 dicuntur
1916 3704 2139 3770 omnia
2163 3721 2317 3767 cum
2333 3700 2554 3776 rebus,

359 3813 494 3871 tum
525 3809 834 3891 personis
864 3809 1387 3875 accommodata.
1477 3810 1614 3876 Sed
1658 3809 1940 3874 affectus
1981 3805 2275 3891 quidem,
2322 3804 2556 3889 praeci-

360 3928 495 3990 pue
513 3929 660 3989 θος,
679 3911 793 3995 qui
818 3918 970 3976 sunt
991 3911 1341 3986 dulciores,
1363 3920 1437 3979 ut
1454 3913 1851 3997 parcissime
1876 3911 2115 3981 dicam,
2132 3926 2327 3972 nemo
2347 3906 2558 3972 histo·

361 4011 647 4078 ricorum
667 4012 1154 4079 commendavit
1171 4016 1410 4098 magis.
1439 4014 1737 4099 Ideoque
1759 4012 2199 4079 immortalem
2210 4010 2395 4077 illam
2409 4009 2558 4075 Sal-

689 4232 708 4258 ¹
745 4224 827 4276 Cf.
853 4225 1037 4291 Polyb.
1064 4243 1103 4280 1.
1126 4231 1174 4278 2.
1192 4232 1273 4278 35.
1292 4243 1353 4278 11.
1377 4232 1457 4282 37.
1481 4241 1566 4279 111.
1593 4232 1637 4279 1.
1656 4231 1710 4279 7.
1729 4231 1811 4288 31.
1835 4231 1915 4278 32.
1941 4242 2014 4279 vl.
2038 4231 2085 4279 5.
2112 4238 2185 4276 tx.
2203 4230 2252 4276 2.
