3034 4925
547 345 677 431 138
1397 343 1404 348 “
1465 360 1664 411 unu
1676 360 1787 410 [ΑΒ

1082 511 1158 571 U.
1188 508 1260 571 C.
1292 512 1431 572 735.
1474 512 1549 571 A.
1581 512 1652 571 C.
1688 514 1781 571 17.
1826 510 1925 570 01.
1959 529 2105 571 cxc.
2136 516 2197 573 4.

634 631 701 690 C'.
740 625 1027 697 Furnius,
1069 626 1136 686 C'.
1162 624 1389 686 Junius
1419 626 1681 687 Silanus.
1765 624 1914 683 Ludi
1949 627 2265 686 saeculares
2304 626 2575 705 quintum
2605 628 2739 688 acti.

548 725 764 785 Lucius
791 724 1072 804 Agrippae
1098 733 1275 783 natus
1306 723 1745 804 adoptatusque
1774 742 1911 783 cum
1939 723 2088 784 Caio
2131 723 2308 783 fratre
2338 725 2414 784 ab
2443 725 2742 805 Augusto.

550 824 675 883 Lex
700 822 861 882 Julia
888 822 964 881 de
994 818 1320 881 adulteriis.

903 1053 910 1068 .
983 1057 986 1062 .
1054 1017 1128 1077 U.
1160 1015 1232 1076 C.
1262 1016 1405 1077 736.
1446 1016 1520 1076 A.
1551 1015 1622 1076 C.
1656 1016 1746 1074 16.
1794 1014 1893 1076 Ol.
1926 1013 2108 1076 (ἔχει.
2148 1018 2200 1078 1.

561 1147 567 1154 ’
629 1149 704 1210 L.
762 1145 1070 1209 Domitius
1118 1137 1569 1218 Ahenobarbus,
1626 1144 1713 1207 P.
1763 1144 2070 1206 Cornelius
2119 1143 2345 1224 ScipiO,
2398 1145 2476 1206 L.
2525 1145 2741 1206 Tarius

549 1246 798 1325 Rufus.·
854 1244 948 1302 Ob
997 1242 1226 1304 cladem
1276 1242 1365 1303 M.
1417 1241 1610 1316 Lollii,
1646 1260 1682 1301 a
1708 1241 2024 1302 Germanis
2068 1254 2401 1321 acceptum,
2429 1243 2741 1323 Augustus

543 1342 661 1403 hoc
689 1352 748 1402 et
774 1340 1041 1421 proximo
1087 1358 1244 1399 anno
1274 1339 1334 1398 in
1380 1338 1603 1409 Gallia,
1630 1337 1922 1418 Hispania
1952 1347 2014 1399 et
2041 1337 2363 1399 Germania
2390 1359 2483 1399 res
2514 1340 2739 1402 consti,-

546 1440 678 1500 tuit.
763 1439 834 1498 T.
879 1436 1144 1498 Statilius
1191 1437 1422 1497 Taurus
1465 1437 1634 1517 praef.
1679 1437 1844 1498 Urbi.
1933 1437 2084 1497 Ludi
2138 1437 2615 1518 quinquennales
2664 1441 2738 1499 ab

545 1536 811 1615 Agrippa
835 1533 997 1596 editi.
1080 1535 1350 1595 Praetura
1376 1536 1505 1596 urb.
1537 1535 1749 1594 Tiberii
1793 1544 1854 1595 et
1887 1535 2067 1594 Drusi
2096 1536 2362 1596 fratrum.
2446 1535 2741 1595 Pannonii

545 1643 605 1692 et
626 1631 824 1691 Norici
850 1631 984 1692 a.P.
1009 1630 1153 1690 Silio
1178 1632 1399 1705 Nerva,
1423 1631 1796 1693 Dentheletoe
1825 1641 1888 1691 et
1908 1631 2205 1693 Scordisci
2235 1651 2271 1691 a
2299 1631 2558 1693 Claudio
2575 1632 2740 1694 Mar·

545 1727 698 1790 cello
725 1728 890 1789 victi.
974 1729 1049 1789 A.
1079 1727 1150 1789 C.
1182 1729 1390 1788 16-19.
1420 1749 1482 1808 p.
1505 1729 1578 1789 C.
1612 1749 1675 1791 n.
1717 1729 1790 1790 G.
1821 1728 2027 1789 Caesar
2056 1727 2468 1788 Germanicus.

1046 1907 1121 1969 U.
1151 1909 1223 1970 G.
1256 1912 1395 1971 737.
1436 1910 1511 1969 A.
1545 1910 1616 1970 C.
1653 1912 1747 1970 15.
1804 1908 1902 1970 01.
1935 1926 2117 1970 exet.
2149 1911 2212 1969 2.

623 2023 721 2082 M.
749 2022 962 2083 Livius
990 2023 1240 2085 Drum
1270 2024 1446 2097 Libo,
1489 2022 1569 2083 L.
1604 2023 1971 2103 Calpurnius
1999 2023 2174 2095 Pisa.
2260 2022 2471 2083 Rhoeti·
2488 2032 2554 2084 et
2591 2021 2739 2081 Vin-

544 2117 720 2177 delici
749 2137 783 2177 a
809 2119 1040 2180 Tiberio
1068 2128 1130 2179 et
1159 2120 1378 2192 Druso,
1406 2119 1662 2199 Augusti
1690 2119 1993 2200 privignis,
2022 2119 2250 2182 domiti.

1066 2302 1140 2362 U.
1171 2301 1242 2363 C.
1276 2303 1412 2362 738.
1439 2301 1514 2363 A.
1543 2302 1615 2361 C.
1649 2302 1748 2361 14.
1806 2301 1905 2361 01.
1940 2321 2123 2364 exer.
2155 2305 2216 2364 3.

620 2413 721 2476 Μ.
752 2412 1033 2477 Licinius
1069 2415 1336 2491 Crassus,
1377 2416 1485 2480 Cu.
1522 2415 1831 2479 Cornelius
1858 2415 2176 2480 Lentulus.
2263 2415 2528 2496 Agrippa
2554 2413 2737 2487 Asiae,

535 2511 713 2572 Ponti
750 2525 811 2573 et
852 2513 1085 2574 Judaeae
1120 2533 1213 2574 res
1254 2514 1512 2588 ordinat,
1564 2525 1625 2575 et
1665 2514 2020 2595 Bosporum,
2049 2533 2085 2575 a
2141 2513 2450 2574 Scribonio
2476 2512 2738 2592 quodam

537 2621 911 2691 occupatum,
944 2609 1047 2672 dat
1086 2611 1416 2673 Polemoni.

1023 2799 1100 2859 U.
1130 2800 1205 2859 C.
1240 2800 1381 2860 739.
1438 2798 1513 2858 Α.
1545 2796 1619 2858 C.
1656 2798 1754 2858 13.
1806 2794 1905 2858 Ol.
1936 2792 2206 2858 cxcl.'4.

625 2924 894 2985 Tiberius
939 2927 1234 3003 *Claudius
1287 2928 1470 3001 Nero,
1533 2929 1618 2988 P.
1666 2928 2009 2999 Quintilius
2056 2928 2266 2988 Varus.
2360 2922 2511 2984 Ludi
2555 2919 2741 2984 votivi

536 3020 809 3100 Augusto
831 3024 1081 3084 Romam
1120 3044 1356 3085 reverso
1385 3025 1546 3086 facti.
1629 3025 1949 3086 Theatrum
1983 3025 2165 3085 Corn.
2194 3020 2371 3083 Balbi
2399 3020 2737 3091 dedicatur,

535 3126 596 3175 et
620 3118 696 3176 ab
729 3118 1005 3196 Augusto
1034 3120 1325 3181 theatrum
1353 3121 1648 3185 Marcelli.
1734 3122 1978 3183 Mortuo
2031 3121 2119 3180 Μ.
2149 3118 2393 3200 Lepido,
2420 3119 2737 3197 Augustus

532 3214 940 3292 pontificatum
993 3237 1150 3280 max.
1181 3218 1447 3300 suscipit.
1533 3220 1698 3281 Idem
1727 3219 2102 3282 tribuniciam
2145 3225 2504 3298 potestatem
2533 3214 2646 3275 sibi
2674 3224 2738 3274 et

519 3309 815 3392 ‘Agrippae
844 3313 904 3372 in
936 3313 1096 3374 aliud
1126 3317 1593 3396 quinquennium
1643 3325 1946 3398 prorogat.
2030 3314 2324 3377 Pannonii
2358 3313 2489 3374 solo
2517 3312 2737 3392 Agrip-

535 3426 632 3487 pae
661 3408 923 3472 adventu
950 3412 1213 3475 coerciti.

1017 3609 1091 3669 U.
1120 3608 1194 3672 C.
1224 3612 1364 3671 740.
1406 3610 1484 3671 A.
1514 3611 1589 3670 C.
1625 3613 1722 3695 ¹2:
1763 3609 1865 3671 01.
1897 3628 2111 3671 cxc11.
2143 3612 2199 3669 1.

447 3798 451 3807 ⁵
616 3732 715 3792 ils:
752 3736 1018 3798 Valerius
1046 3741 1333 3802 Messalla
1364 3718 1693 3812 Barbatus}
1726 3743 1814 3802 P.
1837 3726 2142 3820 Sulpicius
2159 3738 2476 3811 Quirinus,
2500 3735 2570 3796 C.
2600 3736 2734 3797 Val-

526 3826 674 3902 gi&
697 3829 899 3909 Rufus
925 3838 1123 3914 poeta,
1157 3838 1220 3899 C.
1254 3839 1548 3900 Caninius
1569 3838 1837 3900 Rebilus.
1915 3838 2181 3917 Agrippa
2203 3845 2437 3896 mortuo
2464 3833 2733 3893 Tiberius

532 3921 600 3979 fit
635 3942 816 4000 gener
864 3932 1142 4011 Augusti,
1173 3945 1232 3995 et
1271 3935 1600 3996 Pannoniis
1639 3934 1902 3995 subactis
1948 3933 2172 4015 primus
2199 3934 2525 3995 honoratur
2553 3949 2732 3991 orna-

536 4018 749 4078 mentis
777 4023 1243 4108 triumphalibus.
1327 4026 1553 4093 Eade'm
1582 4031 1799 4095 dantur
1827 4041 1889 4091 et
1915 4032 1980 4091 L.
2013 4029 2338 4112 Calpurnio
2359 4028 2591 4102 Pisoni,
2622 4028 2727 4088 de-

536 4113 704 4174 victis
733 4116 955 4193 Bessis,
985 4136 1046 4182 et
1070 4127 1135 4188 L.
1168 4129 1428 4191 Domitio
1456 4128 1732 4192 Ahenob.
1766 4129 1915 4209 Imp.
1963 4128 2218 4189 Neronis
2269 4142 2404 4200 avo,
2443 4123 2548 4206 qui
2597 4125 2726 4184 lon-

530 4209 685 4289 85²¹⁸2
710 4232 888 4303 quam
939 4219 1248 4302 quisquam
1294 4226 1575 4305 priorum,
1626 4226 1813 4291 victor
1855 4225 1913 4285 in
1950 4223 2330 4287 Germaniam
2373 4222 2725 4305 penetravit.
