3034 4925
1048 382 1196 439 mm·
1242 389 1354 437 ιιι.
1402 390 1563 440 οΑΡ.
1607 376 1715 439 65.
2345 377 2479 445 673

285 534 400 618 qui
430 551 553 598 vos
576 533 793 597 minus
813 533 1011 598 hodie
1044 534 1271 599 decern
1306 523 1609 600 tribunos
1639 534 1859 617 plebei
1883 533 2209 617 feceritis3
2242 536 2306 601 hi
2332 545 2484 604 tum·

283 641 415 716 uti,
441 659 614 724 quos
636 647 661 676 ²
709 640 837 703 sibi
873 639 1167 721 collegas
1193 641 1646 723 cooptassint,
1680 648 1757 706 ut
1800 640 1899 705 illi
1933 640 2210 723 legitimi
2239 644 2475 710 eadem

284 742 432 823 lege
459 742 708 806 tribuni
738 741 959 825 plebei
989 743 1150 820 sint,
1195 752 1272 806 ut
1317 740 1438 819 illi,
1491 762 1664 825 quos
1692 743 1896 808 hodie
1927 742 2220 808 tribunos
2251 745 2477 828 plebei

283 841 626 909 feceritis!
724 844 1021 924 Duilius»,
1082 864 1231 909 curn
1280 843 1364 909 ad
1425 846 1734 910 ultimum
1781 854 2306 929 perseverasset,
2368 868 2477 912 ne-

240 944 507 1027 -gando
571 945 944 1030 quindecim
1008 947 1305 1012 tribunos
1348 948 1579 1031 plebei
1639 967 1773 1011 rem
1835 949 2177 1033 publicam
2239 951 2479 1014 habere

284 1041 512 1129 posse,
544 1050 724 1112 victa
766 1049 1165 1131 collegarum
1199 1050 1593 1133 cupiditate,
1632 1052 1876 1133 pariter
1914 1050 2230 1116 Patribus
2271 1052 2483 1136 plebi÷

285 1169 418 1231 que
459 1157 804 1232 acceptus,
835 1150 1229 1232 magistratu
1260 1150 1447 1215 abiit.

376 1251 483 1316 65.
531 1246 714 1317 Novi
758 1254 1003 1316 tribuni
1053 1254 1273 1337 plebis
1313 1255 1378 1317 in
1431 1255 1838 1338 cooptandis
1874 1256 2163 1337 collegis
2203 1255 2480 1320 Patrum

286 1351 711 1418 voluntatem
743 1354 1064 1419 foverunt.
1128 1351 1325 1419 Duos
1358 1356 1559 1421 etiam
1591 1358 2483 1440 patricios-consularesque,

290 1454 418 1537 Sp.
472 1455 837 1541 Tarpeium
896 1465 966 1521 et
1022 1457 1111 1521 A.
1165 1456 1580 1537 Αιιιιίιιιιιῤ(1
1641 1467 2070 1544 cooptavere.
2158 1460 2485 1526 Consules

289 1558 526 1635 creati,
558 1558 710 1622 Lar.
731 1558 1173 1638 Herminius:
1202 1561 1287 1625 T.
1320 1558 1660 1645 Virginius
1679 1562 2245 1641 Gaelimontanus,⁵
2267 1578 2298 1607 ·
2327 1563 2490 1630 nihil

287 1679 689 1744 magnopere
719 1661 805 1725 ad
837 1662 1108 1727 Patrum
1150 1671 1267 1729 aut
1308 1664 1525 1746 plebis
1571 1684 1842 1730 causam
1895 1666 2226 1742 inclinati,
2277 1668 2487 1731 otium

286 1762 480 1826 domi
526 1778 608 1828 ac
659 1764 826 1828 foris
876 1766 1194 1831 habuere.
1286 1766 1364 1831 L.
1412 1766 1834 1832 Trebonius*
1885 1759 2192 1834 tribunus
2240 1767 2486 1852 plebis»,

291 1865 580 1934 infestus
620 1869 961 1949 PatribuS‚
1012 1871 1196 1953 quod
1245 1891 1321 1936 se
1374 1873 1461 1937 ab
1510 1874 1598 1937 iis
1640 1874 1710 1936 in
1756 1876 2162 1956 cooptandis
2202 1874 2487 1938 tribunis

292 1971 533 2036 fraude
589 1978 884 2055 captum,
931 1973 1273 2056 proditum
1323 1994 1366 2037 a
1415 1974 1724 2054 collegi5‚
1781 1974 2021 2052 aiebat,
2081 1975 2488 2055 rogationem

296 2073 472 2150 tulit,
515 2080 535 2111 ‘
559 2082 638 2138 ut
667 2076 781 2159 qui
810 2076 1078 2159 plebem
1112 2074 1495 2139 Romanam
1535 2075 1839 2139 tribunos
1871 2072 2100 2158 plebi⁶
2129 2079 2403 2155 rogaret,
2434 2073 2492 2135 is

1202 2240 1506 2260 “OM“
1509 2240 1572 2259 ‘O

297 2341 418 2387 Vox
435 2344 542 2389 erat
560 2339 714 2388 etiam
749 2339 800 2387 in
834 2340 1110 2390 nonnullis
1128 2341 1257 2390 Mss,
1284 2348 1465 2404 aperte
1487 2308 1743 2390 babetur!
1775 2339 1961 2388 Stroth.
1965 2342 2062 2394 —2
2094 2336 2110 2364 ‘
2129 2336 2188 2385 Si
2210 2351 2324 2398 quos
2343 2335 2497 2385 minus

298 2404 438 2453 hodie
459 2406 615 2452 decem
638 2404 852 2452 tribunos
865 2405 1235 2468 plebeisci-erint
1258 2405 1487 2456 Gronov.
1513 2405 1744 2455 Crevier.
1769 2404 1854 2453 ιι11.
1923 2403 1983 2450 Si
2001 2402 2216 2451 tribunos
2248 2400 2397 2464 plebis
2417 2395 2511 2459 fe·

297 2471 451 2519 cerint
473 2472 629 2518 decem
650 2470 841 2530 rogabo.
908 2470 969 2519 Si
989 2471 1072 2532 qui
1092 2485 1173 2519 vos
1192 2471 1344 2519 minus
1377 2471 1512 2520 hodie
1545 2473 1702 2520 decem
1735 2470 1946 2518 tribunos
1981 2468 2128 2531 plebis
2145 2466 2355 2525 fecerint
2377 2464 2501 2517 edd.

300 2542 435 2584 vett.
491 2534 739 2594 steen-itis,
758 2539 922 2584 uotum
939 2538 1013 2584 uti
1035 2550 1149 2597 quos
1171 2536 1275 2586 Ms.
1296 2534 1492 2585 Veith!
1529 2536 1681 2585 Idem.
1726 2535 1845 2583 Vid.
1869 2534 1996 2583 Not.
2020 2533 2146 2581 Ver.

364 2602 395 2646 3
433 2598 594 2662 Vulg-
627 2598 693 2647 Α·
716 2600 1006 2648 AEternium.
1012 2605 1106 2651 -4
1140 2600 1297 2664 Vulg.
1342 2600 1431 2664 Sp.
1472 2599 1776 2651 Herminius.
1777 2604 1870 2647 -5
1907 2598 2011 2648 Alii
2055 2595 2503 2647 &timoratorum--

1293 2727 1508 2778 NOTAE

303 2823 419 2886 ipsa
443 2823 594 2887 legis,
618 2822 685 2872 de
711 2822 934 2885 tribunis·
967 2822 1206 2872 creandis
1228 2824 1365 2874 latae.

301 2899 460 2950 Hane
482 2899 687 2964 quidam
724 2900 1135 2962 interpretentur
1172 2915 1266 2962 pro
1301 2915 1367 2951 ea

304 2990 423 3040 quae
459 2975 525 3024 de
560 2975 875 3038 duplicando
900 2989 1114 3024 numero
1139 2977 1365 3026 tribuno-

306 3065 423 3100 rum
463 3050 626 3114 plebis
656 3052 760 3099 lata
783 3049 955 3101 fuerat
980 3065 1061 3099 sn.
1081 3052 1149 3102 U.
1171 3053 1231 3102 C.
1253 3055 1368 3102 297.

306 3128 376 3180 Q.
415 3129 669 3185 Minutio,‘
696 3128 756 3177 C.
794 3127 1017 3177 Horatio
1054 3128 1367 3191 consulibus,

307 3220 468 3269 supra
506 3221 553 3255 c.
588 3210 666 3256 30.
734 3204 837 3255 Alii
864 3205 1181 3268 probabilius
1203 3208 1366 3269 ipsius

308 3282 474 3332 Duilii
499 3284 665 3347 legem
689 3283 755 3332 de
780 3284 1094 3333 necessitate
1119 3285 1368 3335 creando-

312 3373 425 3409 rum
448 3361 768 3408 tribunorum
792 3361 1108 3422 intelligunt.
1301 3368 1306 3373 ’

374 3444 402 3478 ¹>
433 3434 492 3485 Si
530 3436 748 3484 tribunos
775 3436 929 3498 plebei
971 3439 1130 3484 decem
1171 3433 1372 3496 rogabo]

309 3513 486 3563 Verba
521 3521 642 3562 suut
678 3513 870 3561 tribuni
906 3511 973 3561 ad
1014 3512 1255 3575 populum
1298 3512 1369 3558 le·

313 3603 430 3653 geru
455 3588 707 3659 ferentis:
747 3594 804 3637 ut
833 3587 876 3635 si
910 3587 1024 3649 ipse
1061 3585 1241 3634 decem
1280 3585 1371 3633 tri-

312 3666 481 3715 bunos
515 3666 679 3728 plebis
711 3662 963 3714 creandos
1003 3659 1370 3726 proposuerit3

312 3743 369 3792 et
422 3742 745 3790 nihilomiuus
800 3752 1121 3805 quiscumque
1170 3737 1370 3786 ratione

311 3819 509 3869 facturn
534 3816 712 3881 fuerit,
750 3824 807 3866 ut
830 3817 998 3865 minus
1017 3828 1167 3877 quium
1192 3813 1370 3862 decem

316 3912 378 3946 es
413 3897 498 3944 die
536 3910 567 3945 ιι
610 3895 802 3958 populo
835 3890 1079 3956 legitimis
1118 3887 1375 3950 suffragiis

314 3974 592 4032 cree‘ntur3
628 3978 688 4021 ut
732 3969 812 4032 iis,
852 3970 938 4032 qui
980 3966 1210 4030 legitime
1248 3964 1373 4017 facti

315 4047 532 4107 fuerint,
554 4048 678 4094 alios
716 4045 814 4094 sibi
849 4044 1074 4107 collegas
1110 4056 1269 4107 usque
1309 4042 1375 4091 ad

315 4136 587 4173 numerum
619 4120 883 4173 denarium
924 4129 1171 4183 cooptare
1206 4118 1379 4180 liceat,

319 4198 409 4262 qui
445 4198 512 4247 ab
551 4198 627 4247 eis
665 4197 740 4244 sie
777 4196 1030 4259 cooptati,
1071 4208 1168 4244 non
1208 4195 1376 4244 minus

307 4275 430 4340 jure
453 4272 584 4325 faeti
606 4277 917 4323 censeantur
936 4283 1085 4337 quum
1105 4283 1237 4339 quos
1261 4270 1375 4339 ipse

1447 2824 1670 2887 populus
1691 2822 1968 2873 creaverit.
2032 2819 2138 2870 Sed
2177 2819 2309 2867 banc
2347 2817 2504 2865 colle·

1446 2915 1625 2962 aarum
1695 2899 2112 2961 cooptandorum
2190 2895 2509 2955 facultatem,

1447 2992 1601 3042 quam
1620 2977 1817 3026 tribuni
1833 2977 1898 3026 ab
1912 2976 2059 3026 initio
2074 2973 2310 3023 habuisse
2329 2971 2509 3020 videu-

1448 3061 1554 3119 tur,
1578 3062 1636 3104 nt
1658 3068 1815 3117 supra
1841 3052 1927 3102 lib.
1947 3066 2006 3102 11.
2023 3066 2070 3102 c.
2093 3054 2173 3099 ³3.
2191 3048 2396 3098 sustulit
2416 3062 2506 3096 au-

1448 3145 1516 3181 no
1540 3131 1777 3196 sequenti
1800 3125 1882 3179 leit
1905 3128 2180 3184 Trebonio.

1512 3215 1537 3249 (Ι
1572 3207 1659 3271 Sp.
1716 3207 1986 3271 Tarpeium,
2037 3209 2084 3255 et
2138 3203 2205 3253 A.
2258 3201 2505 3264 Aterium]

1448 3283 1697 3333 Consules
1717 3283 1867 3332 ambo
1883 3281 2090 3332 fuerant
2106 3294 2243 3329 anuo
2261 3282 2372 3328 800.
2391 3292 2508 3340 sup.

1448 3372 1496 3408 c.
1520 3363 1601 3407 st.
1646 3359 1802 3407 Nunc
1825 3359 2005 3419 itaque
2031 3355 2250 3417 primum
2276 3353 2510 3415 patriciis

1450 3433 1657 3481 delatus
1681 3432 1976 3482 tribunatus
2009 3429 2194 3492 plebis,
2217 3428 2366 3489 cujus
2387 3427 2509 3479 uae·

1453 3515 1605 3557 tenus
1639 3513 1876 3557 exsortes
1911 3503 2120 3555 fuerant
2142 3517 2211 3551 ex
2241 3502 2359 3566 lege
2392 3507 2512 3564 post

1452 3583 1800 3633 secessionem
1826 3581 2040 3644 primam
2078 3578 2364 3630 constituta
2400 3592 2510 3625 inu·

1455 3664 1546 3707 tuo
1571 3657 1807 3707 ordinum
1828 3669 2101 3725 consensu,
2121 3667 2238 3717 sup.
2262 3653 2351 3704 lib.
2369 3666 2432 3703 ιι.
2466 3667 2513 3705 c·

1450 3737 1533 3785 38.

1514 3809 1547 3840 '⁴
1582 3807 1645 3857 A.
1671 3808 1740 3858 U.
1766 3810 1827 3859 C.
1853 3811 1966 3859 306.

1515 3892 1536 3920 ¹·
1556 3885 1620 3935 L.
1644 3886 1926 3949 Trebonius]
1945 3884 2068 3948 Hie,
2089 3883 2220 3947 legis
2238 3883 2514 3934 Treboniae

1454 3970 1657 4018 auctor,
1693 3975 1723 4011 e
1758 3976 1972 4010 numero
2015 3962 2239 4025 quinque
2281 3961 2512 4011 tribuno

1456 4054 1567 4088 rum
1607 4037 1710 4088 fuit
1748 4035 2008 4101 suffragiis
2046 4037 2272 4087 tribuum
2312 4045 2515 4087 creato

1459 4130 1602 4167 rum:
1638 4113 1878 4178 queritur
1917 4115 2051 4163 enim
2084 4113 2134 4163 in
2156 4114 2270 4164 aliis
2292 4114 2516 4176 quinquo
2554 4140 2560 4146 ·

1458 4190 1764 4255 cooptandis
1806 4204 1872 4240 se
1906 4190 2202 4256 deceptum.
2268 4188 2413 4238 Illius
2443 4186 2515 4272 le

1461 4280 1577 4332 ‘em
1600 4281 1756 4334 supra
1778 4266 2109 4333 interpretati
2131 4278 2323 4320 sumus.
