3034 4925
1141 386 1588 438 nrsronrcffi.
2326 372 2460 440 113

278 540 454 603 cellas
477 542 537 605 in
573 541 893 604 Celtiberia
933 540 1332 614 Nercobricis,
1381 539 1567 601 Bellis
1615 547 1678 601 et
1723 536 1897 599 Tittis
1940 537 2049 600 dat
2076 535 2367 615 induciae,
2396 551 2459 603 et

281 641 611 703 Cordubam
637 640 1156 703 condia—Crates
1186 638 1490 701 Mallotes.

700 840 777 899 U.
809 837 883 900 C.
913 839 1053 900 601.
1098 839 1173 899 A.
1195 837 1268 899 C.
1305 839 1441 898 151.
1489 836 1588 897 01.
1622 854 1837 898 εινη.
1867 839 1929 897 2.

367 951 446 1011 L.
475 951 755 1012 Licinius
801 952 1116 1026 Lucullus,
1169 954 1256 1013 Α.
1295 953 1650 1014 Postumius
1695 951 1957 1012 Albinus
1995 959 2214 1021 orator,
2255 957 2316 1009 et
2363 948 2466 1030 qui

283 1046 487 1108 Graece
514 1048 821 1120 historiam
849 1051 1102 1131 scripsit.
1188 1050 1512 1111 Masinissa
1540 1048 1795 1120 nuntiat,
1826 1047 2043 1107 Poenos
2063 1046 2284 1107 bellum
2311 1056 2466 1107 stru·

282 1163 394 1217 ere,
440 1153 501 1205 et
528 1145 734 1206 decem
766 1148 951 1227 legati
994 1148 1421 1228 Carthaginem
1447 1147 1782 1207 mittuntur.
1868 1143 2190 1205 Celtiberia
2230 1163 2267 1204 a
2306 1144 2468 1203 Mar·

282 1241 427 1301 cello
453 1253 695 1322 pacata.
775 1242 1015 1304 Bellum
1060 1264 1097 1305 a
1146 1244 1395 1305 Lucullo
1422 1243 1719 1317 Vaccaeis,
1748 1240 2158 1303 Caucensibus
2189 1251 2250 1301 et
2279 1240 2468 1301 Inter·

279 1338 631 1400 catiensibus
677 1339 927 1403 illatum.
1011 1342 1139 1403 Ser.
1189 1342 1484 1422 Sulpicius
1516 1340 1736 1413 Galba,
1781 1348 2108 1420 propraetor
2145 1346 2208 1398 et
2233 1337 2322 1398 vir
2348 1336 2473 1397 elo-

282 1437 721 1517 quentissimus.
806 1440 1000 1501 XXX.
1054 1440 1466 1502 Lusitanorum
1525 1438 1789 1501 millibus
1843 1436 2092 1518 perfidia
2143 1433 2475 1510 trucidatis,

280 1532 585 1596 Viriathini
604 1536 745 1597 belli
774 1557 958 1598 causa
986 1537 1200 1599 extitit.

752 1717 828 1779 U.
861 1720 932 1779 C.
963 1719 1103 1778 602.
1148 1717 1224 1777 A.
1249 1716 1334 1789 C.
1360 1719 1499 1778 150.
1543 1716 1642 1777 Ol.
1672 1736 1887 1778 chu.
1917 1720 1976 1779 3.

364 1832 429 1891 T.
457 1833 748 1903 Quintius
775 1833 1173 1904 Flamininus,
1215 1832 1299 1892 M
1311 1832 1346 1891 ⁹.
1376 1831 1619 1893 Acilius
1648 1832 1904 1893 Balbus.
1991 1832 2224 1893 Bellum
2262 1833 2479 1896 Poeno-

283 1949 406 1988 rum
433 1949 571 1990 cum
599 1929 940 1990 Masinissa.
1027 1930 1383 1990 Achaeorum
1411 1927 1618 1989 exules
1648 1928 1902 2003 reducti,
1924 1930 2329 1992 annitentibus
2360 1930 2480 1992 Po-

282 2024 439 2106 lybio
492 2035 556 2086 et
606 2026 677 2086 P.
741 2025 1615 2108 Scipione.—-Agatharchides.
1715 2027 1790 2085 A.
1832 2027 1906 2086 C.
1975 2030 2260 2089 150-100.
2321 2027 2478 2088 Libri

286 2124 556 2187 Maccab.
585 2125 810 2206 scripti.

764 2321 842 2383 U.
868 2320 942 2382 C.
974 2321 1116 2383 603.
1162 2321 1235 2382 A.
1267 2321 1341 2382 C.
1376 2321 1512 2382 149.
1561 2319 1663 2381 01.
1690 2338 1904 2383 chn.
1934 2324 1996 2381 4.

363 2451 441 2511 L.
468 2451 752 2515 Marcius
804 2453 1178 2526 Censorinus,
1229 2451 1363 2514 Μ’.
1403 2452 1710 2514 Manilius
1737 2452 1852 2514 sc,
1924 2449 2157 2512 Beuum
2189 2412 2486 2510 Punicum

289 2562 396 2609 111.
481 2549 691 2610 Virtus
721 2552 1039 2632 Scipionis.
1125 2551 1246 2612 Lex
1268 2551 1618 2631 Calpurnia,
1647 2551 1835 2632 prima
1864 2550 1939 2609 de
1968 2548 2335 2629 repetundis,
2364 2547 2489 2607 lata

288 2664 322 2705 a
348 2646 415 2707 L.
447 2647 775 2728 Calpurnio
822 2649 1045 2709 Pisone
1073 2649 1204 2708 trib.
1243 2647 1329 2729 pl.
1359 2648 1461 2729 qui
1492 2648 1672 2708 etiam
1701 2644 1945 2707 annales
1974 2646 2207 2729 scripsit
2250 2656 2311 2706 et
2359 2665 2487 2706 ora-

288 2743 501 2820 tiones,
546 2746 875 2828 consulque
925 2746 1038 2807 fuit
1085 2766 1144 2808 a.
1177 2745 1253 2805 U.
1283 2746 1425 2805 619.
1475 2754 1543 2807 et
1585 2765 1816 2820 censor,
1861 2745 2000 2806 632.
2080 2743 2410 2805 Andriscus
2439 2766 2491 2805 s.

289 2838 831 2926 Pseudophilippus
861 2841 1281 2908 Macedoniam
1311 2852 1589 2922 occupat.

741 3056 817 3115 U.
852 3057 924 3118 C.
956 3058 1096 3117 604.
1139 3055 1216 3118 A.
1247 3058 1323 3118 C.
1358 3058 1494 3117 148.
1542 3055 1640 3118 Ol.
1674 3073 1920 3116 ctvur.
1957 3057 2011 3114 1.

372 3181 481 3262 Sp.
505 3181 857 3245 Postumius
883 3185 1169 3259 Albinus,
1205 3187 1287 3247 L.
1309 3187 1677 3267 Calpurnius
1705 3187 1862 3247 Piso
1889 3186 2210 3247 Caesonius.
2256 3182 2497 3243 Prusias

294 3275 607 3339 Nicomedi
633 3278 755 3339 filio
782 3280 1073 3342 insidians
1101 3282 1278 3363 hujus
1300 3283 1470 3364 jussu
1495 3283 1806 3344 occiditur.
1891 3281 2215 3362 Masinissa
2244 3281 2502 3353 decedit,

295 3388 354 3438 et
375 3380 444 3441 P.
486 3378 688 3458 Scipio
717 3379 1067 3442 AEmilianus
1092 3381 1245 3442 inter
1271 3382 1489 3442 liberos
1519 3381 1649 3461 ejus
1678 3401 1927 3461 regnum
1958 3380 2186 3441 dividit.
2271 3379 2342 3441 P.
2375 3379 2503 3439 Sci-

297 3476 395 3554 pio
422 3477 653 3537 Nasica
696 3486 756 3536 et
782 3478 851 3537 P.
876 3478 1193 3540 Juventius
1221 3479 1452 3539 Thalna
1498 3480 1638 3541 adv.
1674 3478 2028 3539 Andriscum
2067 3478 2249 3538 missi.
2333 3476 2409 3535 A.
2430 3476 2504 3536 C.

302 3575 593 3635 148-145.
634 3574 974 3636 Alexander
1002 3576 1153 3638 Bala
1185 3598 1290 3639 rex
1320 3578 1531 3658 Syriae.

746 3755 824 3816 U.
856 3757 927 3817 C.
960 3759 1101 3819 605.
1152 3758 1229 3819 A.
1260 3758 1330 3818 C.
1375 3761 1508 3818 147.
1555 3756 1656 3818 Ol.
1688 3776 1930 3818 cnvnr.
1962 3759 2022 3817 2.

379 3867 470 3926 Ρ.
510 3867 816 3929 Cornelius
874 3869 1079 3952 Scipio
1116 3869 1483 3934 AEmilianus
1508 3872 1853 3949 (Africanus
1896 3868 2319 3942 Numantinus,
2367 3867 2507 3929 ado-

299 3965 559 4039 lescens,
598 3965 944 4028 aedilitatem
998 3974 1235 4051 petens)
1299 3972 1363 4032 C.
1415 3971 1628 4032 Livius
1673 3972 1923 4032 Drusus
1960 3968 2359 4028 Mamilianus
2394 3965 2509 4027 JC.

301 4060 628 4122 Andriscus
660 4082 699 4122 a
727 4066 805 4135 Q.
836 4068 1083 4127 Caecilio
1122 4070 1369 4129 Metello
1401 4067 1798 4129 Macedonico
1825 4066 1916 4127 bis
1947 4065 2138 4126 victus
2185 4065 2237 4125 ei
2266 4063 2515 4125 traditur

302 4178 340 4218 a
360 4159 523 4239 Byra
547 4160 819 4224 Thraciae
847 4164 1076 4245 regulo.
1162 4167 1363 4248 Scipio
1394 4166 1667 4247 Megara,
1699 4164 2038 4245 Nepherim,
2068 4163 2338 4243 aliasque
2367 4161 2512 4220 Car·

302 4256 568 4338 thaginis
603 4270 827 4338 partes,
871 4275 1089 4344 praeter
1121 4266 1392 4347 Byrsam,
1421 4274 1481 4326 et
1530 4272 1729 4324 castra
1757 4262 2157 4323 Hasdrubalis
2185 4267 2511 4341 expugnat.

429 4371 608 4439 Daph.
630 4382 677 4426 et
702 4377 819 4430 Var.
844 4379 973 4429 Clas.
1443 4378 1629 4428 Livius.
2342 4373 2390 4421 L
