3034 4925
1094 403 1238 453 ua.
1285 403 1367 452 11.
1413 401 1578 452 car.
1620 386 1730 453 33.

2356 385 2486 454 431

288 547 740 631 conditioneS‚
771 552 888 615 ut¹
931 549 1114 635 plebi
1145 550 1253 615 sni
1287 549 1719 633 magistratus
1752 553 1982 613 essent
2012 545 2488 624 sacrosancti}

288 652 542 735 quibus
594 654 830 719 anxilii
879 654 1044 719 latio
1094 653 1417 719 adversus
1469 651 1790 718 consules
1837 658 2022 715 esset
2045 671 2062 730 3
2085 662 2112 689 ·
2152 667 2322 714 neve
2371 648 2487 713 cui

285 754 612 821 Patrum¹¹
643 776 882 841 capere
904 777 1055 822 eum
1075 757 1534 839 magistratum
1558 755 1813 820 liceret.
1858 753 1967 819 Ita
1987 751 2233 819 tribuni
2258 749 2486 834 plebei

285 859 503 924 creati
532 857 712 939 duo,¹
757 860 832 926 C.
862 860 1165 925 Licinius
1185 872 1209 920 r
1255 865 1321 924 et
1349 858 1430 923 L.
1460 855 1809 925 Albinus}
1884 857 1984 922 Hi
2024 861 2159 921 tres
2189 853 2482 936 collegas

352 1033 378 1058 2
418 1028 484 1076 Et
502 1027 555 1078 in
574 1029 865 1079 conditiones
883 1028 1142 1080 concordiae
1162 1030 1301 1078 itam.
1374 1027 1439 1078 Ut
1467 1042 1647 1092 nempe,
1670 1030 1751 1093 &a

352 1098 380 1122 ⁴
417 1092 515 1148 Qui
529 1099 809 1158 potestatem
827 1094 1252 1154 baberentsereadi
1274 1107 1423 1158 opem.

1269 1239 1486 1294 NOTAE

268 1337 476 1388 ·Monte
496 1337 939 1406 Sacro-Agrippa,
968 1339 1207 1391 tollendis
1239 1339 1342 1388 dis·

274 1414 406 1465 sidii
439 1417 606 1467 causis
644 1418 969 1481 aptissimas:
1020 1424 1080 1468 nt
1117 1417 1204 1481 qni
1241 1417 1344 1466 sol-

278 1493 458 1543 vendo
500 1508 601 1544 non
644 1502 839 1553 essent,
885 1496 947 1546 iis
992 1494 1226 1544 omnibus
1269 1509 1340 1544 aes

276 1570 507 1621 alienum
530 1573 918 1623 remitteretur:
945 1571 988 1621 si
1013 1585 1226 1637 quornm
1250 1568 1338 1620 de-

274 1645 511 1697 bitorum
545 1664 782 1714 corpora,
805 1650 982 1713 elapso
1009 1647 1094 1697 die
1127 1648 1340 1697 solutio-

274 1723 385 1787 nis,
407 1724 749 1776 creditoribus
782 1734 956 1776 essent
988 1724 1226 1779 obnoxia,
1250 1730 1340 1774 aut

273 1816 379 1866 per
407 1802 639 1867 jndicem
661 1804 1005 1856 creditoribus
1029 1802 1256 1858 addicta,
1277 1808 1338 1852 ut

271 1879 447 1929 libera
471 1881 815 1933 haberentur:
851 1892 904 1933 et
926 1896 1261 1948 quaecnmque
1284 1880 1336 1930 in

272 1955 511 2009 futurum
529 1960 594 2009 de
617 1961 870 2011 communi
896 1960 1154 2010 sententia
1176 1963 1334 2007 statu-

275 2042 515 2100 erentur,
534 2036 990 2088 senatusconsulto
1011 2042 1066 2085 et
1085 2035 1199 2098 lege
1222 2033 1338 2083 san·

275 2111 548 2175 circutum
592 2115 799 2177 legatis·
821 2119 876 2163 et
906 2111 1241 2161 Senatoribus
1280 2123 1335 2159 se

275 2202 473 2252 suaque
493 2188 933 2254 obstringentibus
958 2195 1069 2237 rata
1088 2185 1202 2236 fore
1217 2201 1332 2251 quae

272 2265 708 2316 concederentur.
796 2266 1003 2317 Deinde
1046 2254 1333 2315 sermonem

275 2341 460 2392 fabula
482 2344 770 2395 conclusit:
806 2358 904 2409 qua
927 2343 1125 2407 addita,
1152 2357 1332 2407 parum

275 2421 451 2474 abfuit
491 2424 612 2489 quin
653 2438 683 2474 e
724 2424 941 2488 vestigio
979 2422 1125 2488 plebs
1160 2421 1332 2473 abiret

270 2501 328 2551 in
367 2502 580 2560 Urbem,
614 2517 669 2554 re
704 2511 816 2554 tota
842 2502 1028 2567 legatis
1062 2499 1330 2569 permissa,

272 2578 379 2629 nisi
420 2579 482 2628 L.
523 2580 710 2634 Junins
751 2585 1093 2645 cognomento
1136 2579 1331 2629 Brutus

266 2655 571 2707 ‘securitatis
615 2671 772 2707 cansa
810 2656 1065 2722 petiisset,
1095 2661 1150 2704 nt
1191 2654 1327 2719 plebi

272 2733 462 2785 liceret
484 2749 680 2785 annuos
704 2734 801 2784 sibi
826 2735 1159 2799 magistratus
1186 2746 1328 2782 crea·

269 2824 350 2868 re,
372 2811 462 2875 qui
486 2810 701 2875 plebeiis
724 2810 911 2877 injuria
932 2798 1194 2875 oppressis
1216 2823 1329 2859 suc·

271 2896 563 2940 currerent.
631 2888 782 2942 Quod
815 2902 930 2938 cnm
965 2886 1126 2952 legati
1153 2887 1328 2936 incon-

266 2966 410 3016 sulto
432 2966 626 3016 Senatu
647 2964 863 3016 concedi
886 2980 916 3014 a
933 2979 988 3014 se
1010 2978 1111 3013 non
1135 2961 1329 3013 debere

269 3043 650 3108 existimarent,
683 3043 897 3093 Romam
934 3040 1173 3092 Valerius
1210 3054 1328 3090 cum

266 3127 422 3186 parte
461 3121 750 3185 legatorum
791 3118 1067 3181 advolavit,
1107 3116 1327 3168 factum·

267 3212 370 3264 que
411 3205 495 3248 est
534 3197 1070 3258 Senatnsconsnitnm,
1095 3193 1230 3260 quod
1270 3203 1327 3246 et

266 3282 451 3329 cetera
471 3279 751 3342 legatorum
781 3276 1009 3342 pollicita
1036 3274 1177 3339 plebi
1206 3288 1327 3324 con-

264 3353 529 3420 firmabat,
566 3364 622 3405 et
660 3355 792 3406 banc
837 3352 1166 3405 securitatem
1208 3365 1326 3416 per·

262 3431 532 3484 mittebat.

338 3519 365 3553 ⁸
402 3510 481 3559 Ut·
487 3509 614 3575 plebi
634 3511 710 3560 sui
731 3507 1042 3571 mag-istratus
1063 3510 1218 3556 essent
1246 3519 1324 3555 sa-

262 3588 526 3652 crosancti]
572 3589 851 3653 Postquam
892 3602 922 3635 a
957 3584 1107 3651 plebe
1133 3582 1198 3632 ad
1231 3583 1318 3633 Se·

259 3672 447 3716 natum
490 3665 631 3714 missi
676 3666 732 3714 L.
772 3663 957 3715 Junins
993 3663 1206 3715 Brutus,
1242 3660 1321 3708 M.

262 3740 492 3804 Decius,
514 3749 567 3791 et
587 3740 677 3806 Sp.
697 3739 896 3797 Icilius,
919 3752 1097 3803 pacem
1120 3750 1237 3786 cum
1256 3749 1318 3785 eo

261 3834 357 3886 per
380 3819 612 3869 Feciales
634 3824 1044 3882 composuerant,
1062 3813 1318 3878 fidemque

263 3897 333 3949 ab
357 3911 422 3947 eo
445 3903 776 3960 acceperant,
811 3893 956 3959 plebs
995 3892 1209 3942 curiatis
1232 3905 1316 3941 co-

260 3976 441 4041 mitiis,
480 3982 537 4025 ut
581 3975 739 4025 tradit
777 3974 867 4023 lib.
903 3985 982 4022 vt.
1024 3969 1319 4035 Dionysius,

258 4050 462 4105 ‘annuos
504 4048 839 4117 magistratus
882 4050 1082 4102 creavit
1131 4057 1316 4115 quarto

259 4132 390 4184 Idus
415 4130 749 4191 Decembres,
774 4130 831 4178 L.
849 4129 1059 4181 Juuiurn
1091 4128 1312 4177 Brutum

259 4214 317 4260 'et
349 4207 409 4258 C·
429 4208 673 4259 Sicinium
703 4206 983 4271 Bellatum,
1008 4220 1134 4270 quos
1159 4210 1315 4255 antes

263 4286 424 4339 duces
444 4284 719 4348 babuerat,
744 4298 961 4350 cumque
987 4283 1065 4333 his
1090 4283 1150 4334 C.
1173 4292 1226 4333 et
1250 4283 1313 4333 P.

1424 1338 1662 1395 Licinius,
1683 1345 1738 1388 et
1761 1338 1853 1403 Sp.
1869 1333 2073 1387 Icilium
2091 1334 2288 1397 Rugum
2310 1344 2323 1381 ε
2347 1331 2481 1381 Bru·

1424 1424 1613 1481 tuaque
1654 1415 1792 1481 piebi
1827 1414 2006 1476 suasit,
2043 1418 2102 1463 ut
2135 1423 2253 1460 eum
2288 1408 2477 1472 magis-

1422 1499 1618 1543 tratum
1658 1488 2042 1543 sacrosanctum
2072 1495 2228 1553 atque
2259 1485 2474 1544 inviola-

1422 1570 1578 1619 bilem
1602 1583 1711 1618 esse
1749 1569 1865 1630 lege
1892 1567 2019 1625 lata,
2042 1570 2097 1624 et
2119 1568 2376 1627 perpetuo
2388 1560 2475 1625 Ju-

1420 1646 1700 1711 rejurando
1744 1644 1943 1706 addito,
1976 1642 2311 1692 decerneret.
2377 1638 2477 1687 Le·

1408 1724 1496 1788 gis
1517 1724 1632 1774 haec
1658 1721 1834 1787 capita
1867 1716 2032 1769 refert
2065 1715 2202 1766 idern
2236 1713 2476 1765 Halicar-

1418 1815 1555 1851 nass.
1589 1800 1604 1827 ‘
1623 1800 1902 1850 Tribunum
1926 1788 2142 1847 invitum
2160 1807 2311 1843 nemo
2331 1793 2476 1857 quic-

1417 1894 1568 1944 quam
1594 1876 1772 1928 facere
1795 1875 1967 1952 cogito
1990 1890 2003 1923 z
2054 1885 2151 1921 nec
2177 1868 2475 1931 verberato,

1414 1969 1514 2006 nec
1539 1954 1691 2003 alium
1716 1952 1988 2002 verberare
2000 1947 2202 2013 jubeto.
2270 1945 2324 1994 Si
2361 1944 2477 2010 quis

1415 2038 1598 2082 contra
1633 2029 1842 2090 fecerit,
1878 2039 2021 2076 sacer
2060 2030 2202 2084 esto;
2250 2028 2304 2071 et
2339 2020 2474 2070 bona

1415 2109 1526 2173 ejus
1568 2107 1745 2158 Cereri
1781 2105 1956 2156 dicata
1992 2107 2176 2151 sunto:
2234 2097 2318 2163 qui
2355 2111 2474 2147 eum

1415 2184 1686 2247 occiderit,
1722 2196 1876 2247 purus
1914 2194 1945 2229 a
1984 2176 2130 2227 caede
2171 2172 2335 2224 esto?
2381 2173 2474 2222 ad·

1405 2263 1557 2328 jecta
1599 2256 1992 2323 imprecatione,
2032 2261 2090 2301 ut
2133 2252 2242 2317 ejus
2282 2248 2471 2299 confir-

1412 2337 1697 2389 matoribus
1731 2332 1905 2399 superi
1944 2345 2006 2381 ac
2043 2327 2198 2379 inferi
2239 2324 2469 2391 propitii,

1412 2413 1882 2482 transgressoribus
1924 2422 2048 2459 vero
2095 2406 2218 2457 irati
2256 2403 2467 2468 utrique

1409 2495 1597 2546 forent.
1670 2493 1768 2543 Hae
1805 2494 1922 2540 sunt
1952 2500 2069 2553 quae
2098 2484 2311 2534 Sacrata
2340 2483 2471 2544 leges

1410 2574 1682 2624 dicuntnrx
1721 2576 1876 2636 atque
1912 2567 2031 2616 hinc
2073 2560 2265 2613 tribuni
2308 2573 2466 2610 sacro·

1406 2649 1560 2701 nacti
1583 2647 1678 2699 visi
1700 2664 1712 2695 =
1765 2644 1902 2712 quod
1931 2650 2103 2693 tamen
2128 2637 2339 2704 proprie
2358 2633 2468 2685 diet

1406 2725 1670 2790 negabant
1682 2723 1817 2789 juris
1835 2722 2151 2782 interpretes
2168 2711 2304 2777 apud
2324 2713 2441 2762 Nos

1405 2812 1543 2856 trum
1566 2801 1657 2853 lib.
1699 2813 1749 2850 v.
1781 2811 1898 2862 cap.
1931 2799 2014 2845 65.
2051 2806 2154 2859 qua
2188 2789 2256 2839 de
2286 2803 2350 2838 re
2368 2800 2463 2838 nos

1406 2897 1498 2934 suo
1521 2882 1655 2930 ioco.

1468 2959 1495 2995 ¹¹
1530 2961 1661 3010 Nece
1677 2956 1756 3007 cai
1778 2949 2005 3014 Pam]
2040 2945 2146 2999 Sed
2167 2951 2349 3011 postea
2367 2946 2460 2995 Se-

1405 3036 1674 3090 natoribus
1698 3045 1901 3099 quoqne
1923 3035 1979 3079 et
1994 3023 2350 3078 consularibus
2368 3037 2460 3087 pa·

1405 3118 1509 3169 tnit
1533 3113 1824 3166 tribunatus
1846 3107 1911 3157 ab
1934 3118 2071 3155 anno
2092 3102 2159 3152 U.
2180 3101 2240 3153 C.
2264 3104 2378 3152 306.
2399 3104 2462 3150 ut

1404 3192 1691 3245 videbimus
1714 3188 1802 3238 iib.
1824 3198 1910 3235 m.
1933 3196 2052 3247 cap.
2070 3185 2152 3232 65.

1466 3271 1481 3305 ¹
1536 3266 1737 3319 Tribuni
1774 3263 1924 3329 plebei
1961 3259 2112 3310 creati
2152 3254 2267 3320 duo]
2315 3256 2458 3305 Duos

1400 3350 1550 3400 initio
1576 3345 1809 3396 tribunos
1832 3330 1999 3405 plebis
2022 3341 2225 3387 creatos
2256 3332 2459 3382 Toliins

1402 3437 1604 3492 quoque
1628 3427 1812 3471 auctor
1838 3421 1921 3465 eat
1953 3415 2005 3463 in
2040 3412 2190 3462 Orat.
2213 3424 2305 3473 pro
2330 3407 2456 3457 Cor-

1400 3504 1502 3553 nei.
1528 3499 1616 3550 ubi
1639 3497 1705 3547 de
1732 3490 1970 3546 Romanis
1991 3487 2189 3538 civibus
2207 3483 2364 3533 verba
2382 3481 2458 3530 fa-

1397 3581 1560 3638 ciens,
1594 3575 1611 3603 ‘
1633 3580 1779 3623 tanta
1801 3565 1993 3633 igitur,'
2028 3562 2217 3628 inquit,
2238 3558 2454 3609 ‘inillis

1399 3657 1564 3706 virtus
1588 3650 1710 3711 fuit,
1729 3655 1788 3698 ut
1809 3659 1941 3697 anno
1961 3646 2040 3692 16.
2064 3644 2183 3705 post
2199 3649 2349 3699 reges
2365 3649 2456 3685 ex·

1397 3739 1560 3789 actos,
1583 3733 1799 3793 propter
1822 3721 2027 3772 nimiam
2052 3713 2455 3768 dominationem

1395 3807 1706 3876 potentium,
1745 3804 1886 3866 leges
1928 3798 2170 3847 Sacrata·
2211 3791 2310 3854 ipsi
2352 3788 2456 3839 sibi

1394 3887 1808 3941 constituet-enm
1864 3876 1992 3925 duos
2036 3869 2271 3921 tribunos
2309 3879 2456 3916 crea·

1396 3972 1514 4016 rent
1532 3958 1552 4025 ς’
1582 3965 1808 4010 montem
1839 3954 1983 4003 iilum
2013 3954 2154 3998 trans
2180 3943 2452 4005 Anienem,

1396 4043 1482 4111 qui
1505 4041 1659 4093 hodie
1691 4050 1835 4088 mous
1868 4033 2028 4082 Sacer
2056 4022 2365 4085 nominatur,
2395 4019 2452 4069 in

1394 4135 1496 4188 quo
1521 4116 1706 4169 armati
1731 4109 2093 4164 consederant,
2110 4107 2321 4151 aterne
2343 4110 2452 4146 me·

1392 4198 1567 4248 moriae
1585 4206 1744 4245 causa
1763 4175 2160 4249 consecrarent.'
2214 4171 2453 4226 Eundem
2547 4229 2564 4255 ἱ

1391 4264 1935 4334 nnmerum'sequitnr
1970 4257 2200 4309 zonam
2237 4259 2362 4301 tom.
2386 4258 2454 4299 ιι.
