3034 4925
506 351 636 424 192

505 513 913 594 formamque
952 508 1076 589 viri
1100 505 1514 591 aliquantum
1544 506 1934 589 ampliorem
1963 507 2545 590 augustioremque
2574 505 2699 571 hu-'

508 633 707 690 mana
733 615 1016 690 intuenS,
1037 612 1313 693 rogitat,
1344 610 1600 694 qui·vir
1635 612 1861 674 esset?
1951 610 2088 675 Ubi
2130 629 2364 675 nomen
2402 616 2700 693 patrem-

512 734 647 800 que
677 732 787 796 ac
828 714 1112 796 patriam
1164 711 1467 792 accepit:
1530 714 1552 744 ‘
1581 710 1755 775 Jove
1796 718 1971 789 nate,
2019 710 2428 789 HerculeS,¹²
2458 711 2699 787 salve}

508 819 768 900 inquit:
811 821 919 881 ‘te
948 815 1110 880 mibi
1134 822 1366 891 mater,
1399 814 1695 879 veridica
1721 816 2038 899 interpres
2066 815 2314 891 Deum,
2343 821 2699 879 aucturum

513 919 894 983 coelestium
925 938 1263 983 numerum
1293 917 1579 999 cecinit;
1630 918 1889 1001 tibique
1913 938 2098 982 aram
2128 918 2237 981 hic
2267 917 2565 982 dicatum
2596 916 2703 994 iri,

516 1040 716 1108 quam
763 1022 1262 1105 opulentissima
1306 1020 1466 1085 olim
1515 1022 1583 1084 in
1629 1022 1816 1086 terris
1862 1040 2021 1102 gens
2060 1020 2435 1096 Maximam
2477 1026 2703 1094 vocet,

512 1129 763 1207 tuoque
815 1125 944 1189 ritu
988 1122 1211 1188 colat!
1299 1111 1563 1187 Dextra
1591 1121 1926 1187 Hercules
1965 1121 2174 1199 data,‘=
2220 1126 2242 1156 ‘
2274 1123 2584 1205 accipere
2625 1140 2703 1184 se

514 1245 709 1291 omen
748 1226 1309 1309 impleturumque
1350 1224 1510 1300 fata,
1553 1243 1668 1288 ara
1709 1224 1987 1289 condita
2018 1230 2225 1308 atque
2271 1222 2539 1300 dicata,’
2587 1223 2704 1288 ait.

487 1313 623 1392 'Ibi
683 1334 822 1392 tum
879 1328 1166 1412 primum
1222 1328 1395 1392 bove
1461 1327 1718 1391 eximia
1774 1332 1975 1410 capta
2035 1326 2120 1391 de
2177 1343 2366 1410 grege
2426 1344 2704 1398 sacrum

515 1429 824 1508 Herculi,
879 1429 1200 1494 adhibitis
1223 1436 1268 1475 ¹³
1329 1427 1412 1492 ad
1475 1428 1907 1493 ministerium
1961 1429 2339 1513 dapemque
2419 1426 2706 1493 Potitiis

513 1550 599 1596 ac
642 1527 988 1611 Pinariis,d
1033 1551 1183 1615 quae
1236 1538 1377 1597 tum
1423 1530 1695 1595 familiae
1738 1532 2033 1596 maxime
2091 1533 2368 1615 inclytae
2420 1551 2503 1597 ea
2554 1531 2710 1595 loca

515 1634 920 1712 incolebant,
964 1634 1243 1698 factum.
1335 1634 1540 1698 Forte
1575 1634 1672 1698 ita
1716 1634 1956 1711 evenit,
2002 1641 2079 1698 nt
2123 1633 2359 1699 Potitii
2405 1635 2492 1698 ad
2539 1642 2710 1699 tem-

516 1756 650 1819 pus
693 1742 951 1819 praesto
1007 1743 1248 1814 essent,
1297 1737 1519 1821 iisque
1577 1743 1744 1801 exta
1802 1735 2334 1819 apponerentur3
2356 1745 2393 1792 ⁸.
2425 1736 2727 1815 Pinarii„

518 1839 695 1902 extis
756 1837 1003 1917 adesiS,
1064 1839 1149 1904 ad
1210 1848 1500 1906 ceteram
1560 1841 1854 1904 venirent
1882 1893 1891 1897 -
1920 1840 2186 1923 dapem.
2296 1837 2466 1904 Inde
2517 1840 2711 1904 insti-

518 1946 731 2006 tutum
788 1944 1057 2020 mansit,
1116 1943 1338 2008 donec
1389 1927 1743 2022 Pinarium
1776 1963 1995 2025 genus
2038 1942 2187 2021 fuit,
2237 1961 2322 2006 ne
2371 1943 2553 2007 extis
2596 1962 2711 2007 so-

517 2045 814 2109 lennium
834 2052 887 2092 ¹4
918 2042 1379 2112 vescerentur!
1457 2046 1719 2125 Potitii,
1749 2046 1835 2110 ab
1880 2043 2188 2110 Evandro
2222 2044 2471 2120 edocti,
2499 2044 2710 2109 antis-

1437 360 1504 407 Τ.
1553 360 1743 410 mvn

1431 2211 1638 2233 OOO‘OOO
1642 2212 1792 2233 ‘0900

520 2325 696 2440 gagi.
744 2326 1097 2377 Hercula—13
1133 2327 1282 2393 Vulg.
1330 2291 1529 2379 sacrum·
1575 2329 1952 2380 adhibitis.—l4
2007 2329 2156 2379 vett.
2210 2327 2332 2379 edd.
2391 2327 2522 2377 extis
2561 2325 2714 2376 solen-

1513 2507 1729 2558 NOTAE

588 2627 610 2655 ⁰
644 2619 834 2671 Dextra
859 2621 1093 2673 Hercules
1112 2621 1250 2684 data]
1286 2623 1373 2673 Ita
1398 2624 1579 2674 melius

526 2711 697 2760 quam,
743 2704 799 2745 ut
850 2697 1109 2761 Sigonius,
1161 2701 1334 2749 dextra
1378 2700 1583 2750 Herculi

525 2773 655 2820 data.
723 2768 879 2822 Hunc
901 2774 1070 2823 locum
1089 2775 1313 2825 Turneb.
1333 2776 1406 2826 sic
1421 2777 1581 2827 inter·

529 2852 785 2908 pretatur,
796 2853 852 2894 nt
871 2847 1143 2911 Hercules,
1160 2859 1398 2913 porrecta
1414 2853 1583 2902 Evan-

531 2919 626 2967 dro
660 2934 834 2980 manu,
867 2922 1154 2973 divinitatis
1187 2939 1337 2974 omen
1368 2941 1588 2992 accepe-

531 2994 638 3055 rit3
675 3009 832 3059 seque
865 2995 992 3059 fata,
1012 3013 1128 3062 qnae
1154 2999 1432 3051 Carmenta
1452 3006 1606 3054 ceci--

531 3077 703 3128 nerat,
749 3072 1098 3138 impleturum,
1141 3090 1385 3142 aramque
1427 3080 1589 3130 maxi·

533 3162 669 3196 mam
692 3148 983 3199 dicaturum
999 3152 1302 3203 ostenderit.
1372 3156 1442 3205 Et
1464 3171 1589 3207 sane

535 3225 746 3283 dicavit.
786 3241 886 3276 non
923 3228 1039 3291 sibi,
1071 3229 1272 3294 opinor,
1302 3232 1463 3296 (quod
1498 3233 1589 3283 ab·

534 3302 756 3352 surdum>
788 3303 996 3366 Sigonio
1033 3305 1213 3363 visum,
1246 3309 1476 3371 quamvis
1512 3309 1592 3359 ita

535 3379 664 3429 velit
687 3394 805 3429 cum
830 3381 1019 3431 ovidio
1046 3382 1296 3448 Solinus,)
1338 3384 1431 3433 sed
1467 3385 1592 3436 Jovi

534 3456 818 3520 inventori,
842 3459 926 3507 cui
955 3458 1236 3522 juvencum
1259 3460 1326 3510 ob
1349 3469 1591 3525 receptas

534 3533 603 3582 de
628 3533 767 3583 Caco
788 3534 945 3583 boves
956 3536 1221 3586 mactavit.
1287 3535 1447 3586 Aram
1468 3552 1592 3588 vero

535 3609 676 3659 iilam
710 3611 983 3660 Maximam
1025 3620 1312 3662 vocarunt:
1350 3620 1423 3677 et,
1469 3628 1593 3679 qno-

536 3685 673 3733 niam
718 3686 768 3734 in
814 3702 878 3737 ea
915 3688 1173 3738 Hercules
1212 3688 1440 3739 decimas
1475 3691 1598 3741 Jovi

538 3760 817 3819 obtulerat,
868 3766 1083 3815 Romani
1129 3765 1360 3823 ‚Herculi
1414 3774 1600 3830 postea

537 3836 641 3899 ipsi
685 3836 992 3889 facultatum
1027 3856 1234 3891 suarum
1268 3842 1495 3893 decimas
1524 3843 1598 3892 ibi

544 3908 849 3963 offerebant.

610 3989 634 4023 d
667 3990 870 4040 Potitiis
889 4007 944 4040 ao
967 3994 1205 4059 Pinariis]
1237 3996 1493 4052 Hercules
1519 4012 1596 4046 sa-

546 4065 649 4114 cris
672 4066 775 4114 suis
809 4066 935 4116 duas
969 4070 1165 4120 nobiles
1198 4072 1417 4122 familias
1440 4074 1597 4123 ritum

547 4143 688 4205 prins
726 4142 942 4192 edoctas
980 4144 1249 4208 praefecit3
1290 4149 1601 4212 Potitiorum,

550 4234 764 4285 quorum
811 4219 981 4284 potior
1025 4234 1180 4272 cansa
1205 4222 1325 4288 fuit,
1362 4226 1497 4291 quod
1533 4227 1598 4277 ad

1662 2621 1971 2673 sacrificinm
1994 2622 2237 2673 condicta
2269 2621 2396 2671 hora
2417 2621 2683 2671 venissent
2700 2636 2716 2669 ε

1662 2709 1717 2750 et
1740 2701 2071 2763 Pinariorum,
2089 2701 2177 2764 qui
2200 2699 2270 2748 ob
2288 2697 2590 2747 tarditatem
2612 2697 2718 2746 col-

1658 2777 1792 2839 legis
1813 2776 2002 2825 cedere
2025 2776 2079 2824 in
2094 2775 2254 2826 sacris
2271 2775 2437 2838 epulis
2449 2774 2602 2838 jussi,
2621 2787 2717 2822 nec

1661 2852 1762 2902 nisi
1796 2852 2080 2902 consumtis
2115 2850 2442 2901 victimarum
2469 2850 2607 2899 extis
2631 2849 2719 2898 ad·

1661 2928 1825 2978 missi.
1888 2927 1994 2977 Sed
2033 2935 2219 2992 postea
2253 2927 2490 2976 extincta
2519 2925 2722 2974 Potitio-

1660 3010 1964 3067 rum-gente,
1988 3018 2135 3053 sacra
2157 3017 2314 3067 penes
2335 3001 2568 3053 Pinarius
2586 3014 2721 3051 rese-

1661 3081 1797 3129 disse
1819 3087 1970 3129 notat
1991 3080 2171 3129 Aurei.
2186 3079 2388 3129 Victor.
2434 3079 2556 3141 Qua
2577 3076 2644 3126 de
2668 3089 2747 3130 re.

1666 3156 1842 3205 Livius
1861 3157 1896 3205 l.
1918 3169 1998 3206 rx.
2019 3170 2066 3205 c.
2089 3159 2175 3206 29.
2639 3170 2643 3179 ·

1726 3239 1748 3264 e
1779 3231 1940 3294 lisque
1953 3236 2067 3280 exta
2080 3230 2446 3294 apponerentur]
2491 3230 2555 3281 P.
2583 3228 2723 3278 Nan·

1669 3310 1783 3359 nius
1808 3310 1894 3359 lib.
1927 3323 1980 3358 v.
2016 3298 2308 3358 Miscellan.
2339 3321 2405 3355 ex
2434 3303 2725 3355 Buslidiaui

1671 3390 1728 3436 et
1742 3385 2104 3436 Atrebatensis
2132 3386 2365 3436 codicum
2390 3385 2728 3444 auctoritate,

1671 3463 1946 3528 legendum
1970 3469 2138 3527 putat,
2151 3463 2280 3526 iique
2294 3467 2408 3511 exta
2421 3460 2724 3524 potirentur.-

1671 3542 1815 3606 quasi
1854 3540 1918 3589 ad
1953 3541 2176 3589 nominis
2210 3539 2460 3601 originem
2494 3537 2726 3586 alludere

1674 3615 1874 3665 Auctor
1913 3614 2134 3664 voluerit
2155 3629 2173 3675 ς
2227 3621 2283 3663 et
2325 3612 2556 3669 Potitios,
2610 3626 2725 3662 cum

1676 3690 1816 3755 prius
1845 3690 1943 3738 alio
1980 3688 2185 3759 nomine
2218 3695 2578 3749 censerentur,
2597 3704 2627 3736 a
2647 3703 2726 3751 po-

1676 3767 1834 3817 tiendo
1859 3767 2028 3816 dictos
2067 3766 2326 3815 indicare:
2371 3765 2615 3829 Pinarios,
2636 3764 2727 3813 ἀπὸ

1674 3845 1762 3894 τοῦ
1779 3844 1968 3908 πεινᾷν,
1991 3858 2022 3893 a
2035 3841 2340 3906 jejunando.
2420 3840 2527 3890 Alii
2553 3849 2726 3891 tamen

1679 3922 1891 3971 Potitios
1917 3935 1949 3969 a
1976 3921 2182 3983 potando
2205 3919 2460 3974 derivant,
2483 3918 2627 3983 quod
2651 3925 2728 3968 est

1677 3997 1867 4048 Graece
1894 3993 2116 4056 ποτίζειν.

1740 4071 1763 4103 f
1790 4073 1937 4121 Extis
1956 4071 2214 4122 solennium
2235 4069 2547 4134 [solennibus]
2577 4084 2727 4120 vesce-

1676 4151 1865 4214 rentur]
1898 4147 2093 4198 Scribit
2110 4147 2421 4209 Gronovius,
2433 4149 2563 4196 extis
2581 4150 2728 4198 solen—

1677 4226 1810 4277 nium
1844 4229 2167 4284 vescamur,-
2209 4223 2555 4289 intelligitqne
2588 4239 2727 4275 escas
