<?xml version="1.0" encoding="UTF-8"?>
<!DOCTYPE html PUBLIC "-//W3C//DTD XHTML 1.0 Transitional//EN"
    "http://www.w3.org/TR/xhtml1/DTD/xhtml1-transitional.dtd">
<html xmlns="http://www.w3.org/1999/xhtml" xml:lang="en" lang="en">
 <head>
  <title>
</title>
<meta http-equiv="Content-Type" content="text/html;charset=utf-8" />
  <meta name='ocr-system' content='tesseract 3.04.00' />
  <meta name='ocr-capabilities' content='ocr_page ocr_carea ocr_par ocr_line ocrx_word'/>
</head>
<body>
  <div class='ocr_page' id='page_1' title='image "./tliviipatavinih23unkngoog_0606.png"; bbox 0 0 3034 4925; ppageno 0'>
   <div class='ocr_carea' id='block_1_1' title="bbox 570 393 708 460">
    <p class='ocr_par' dir='ltr' id='par_1_1' title="bbox 570 393 708 460">
     <span class='ocr_line' id='line_1_1' title="bbox 570 393 708 460; baseline 0 -2"><span class='ocrx_word' id='word_1_1' title='bbox 570 393 708 460; x_wconf 68' lang='lat'><strong>498</strong></span> 
     </span>
    </p>
   </div>
   <div class='ocr_carea' id='block_1_2' title="bbox 571 551 2785 1973">
    <p class='ocr_par' dir='ltr' id='par_1_2' title="bbox 571 551 2785 1973">
     <span class='ocr_line' id='line_1_2' title="bbox 576 551 2775 635; baseline 0 -17"><span class='ocrx_word' id='word_1_2' title='bbox 576 553 946 628; x_wconf 75' lang='lat' dir='ltr'><strong>Romame,</strong></span> <span class='ocrx_word' id='word_1_3' title='bbox 967 556 1109 617; x_wconf 86' lang='lat' dir='ltr'><strong>toto</strong></span> <span class='ocrx_word' id='word_1_4' title='bbox 1136 552 1387 635; x_wconf 84' lang='lat' dir='ltr'><strong>impetu</strong></span> <span class='ocrx_word' id='word_1_5' title='bbox 1415 551 1706 617; x_wconf 86' lang='lat' dir='ltr'><strong>intentos</strong></span> <span class='ocrx_word' id='word_1_6' title='bbox 1736 554 1804 616; x_wconf 90' lang='lat' dir='ltr'><strong>in</strong></span> <span class='ocrx_word' id='word_1_7' title='bbox 1833 557 2079 632; x_wconf 84' lang='lat' dir='ltr'><strong>castra,</strong></span> <span class='ocrx_word' id='word_1_8' title='bbox 2103 553 2557 619; x_wconf 80' lang='lat' dir='ltr'><strong>adoriuntur.&#39;</strong></span> <span class='ocrx_word' id='word_1_9' title='bbox 2601 552 2775 621; x_wconf 68' lang='lat' dir='ltr'><strong>P’am</strong></span> 
     </span>
     <span class='ocr_line' id='line_1_3' title="bbox 571 655 2769 741; baseline 0 -21"><span class='ocrx_word' id='word_1_10' title='bbox 571 656 775 739; x_wconf 84' lang='lat' dir='ltr'><strong>lisper</strong></span> <span class='ocrx_word' id='word_1_11' title='bbox 802 656 1019 720; x_wconf 84' lang='lat' dir='ltr'><strong>aversi</strong></span> <span class='ocrx_word' id='word_1_12' title='bbox 1046 655 1428 739; x_wconf 80' lang='lat' dir='ltr'><strong>turbatique</strong></span> <span class='ocrx_word' id='word_1_13' title='bbox 1455 662 1659 721; x_wconf 72' lang='lat' dir='ltr'><strong>sunt.⁶</strong></span> <span class='ocrx_word' id='word_1_14' title='bbox 1749 656 2019 721; x_wconf 80' lang='lat' dir='ltr'><strong>Deinde</strong></span> <span class='ocrx_word' id='word_1_15' title='bbox 2049 662 2118 724; x_wconf 87' lang='lat' dir='ltr'><strong>et</strong></span> <span class='ocrx_word' id='word_1_16' title='bbox 2145 656 2284 740; x_wconf 81' lang='lat' dir='ltr'><strong>ipsi</strong></span> <span class='ocrx_word' id='word_1_17' title='bbox 2315 663 2609 741; x_wconf 90' lang='lat' dir='ltr'><strong>utroque</strong></span> <span class='ocrx_word' id='word_1_18' title='bbox 2645 676 2769 721; x_wconf 83' lang='lat' dir='ltr'><strong>ver-</strong></span> 
     </span>
     <span class='ocr_line' id='line_1_4' title="bbox 573 754 2774 843; baseline 0.001 -21"><span class='ocrx_word' id='word_1_19' title='bbox 573 759 670 822; x_wconf 89' lang='lat' dir='ltr'><strong>sis</strong></span> <span class='ocrx_word' id='word_1_20' title='bbox 712 754 963 842; x_wconf 74' lang='lat' dir='ltr'><strong>signis‘¹</strong></span> <span class='ocrx_word' id='word_1_21' title='bbox 998 758 1348 823; x_wconf 86' lang='lat' dir='ltr'><strong>resistunt:</strong></span> <span class='ocrx_word' id='word_1_22' title='bbox 1394 763 1459 825; x_wconf 88' lang='lat' dir='ltr'><strong>et</strong></span> <span class='ocrx_word' id='word_1_23' title='bbox 1487 778 1741 843; x_wconf 86' lang='lat' dir='ltr'><strong>-eques,</strong></span> <span class='ocrx_word' id='word_1_24' title='bbox 1773 760 1861 824; x_wconf 85' lang='lat' dir='ltr'><strong>ab</strong></span> <span class='ocrx_word' id='word_1_25' title='bbox 1892 760 2176 825; x_wconf 89' lang='lat' dir='ltr'><strong>consule</strong></span> <span class='ocrx_word' id='word_1_26' title='bbox 2206 761 2580 838; x_wconf 73' lang='lat' dir='ltr'><strong>immissuS,</strong></span> <span class='ocrx_word' id='word_1_27' title='bbox 2608 759 2774 825; x_wconf 86' lang='lat' dir='ltr'><strong>Tus-</strong></span> 
     </span>
     <span class='ocr_line' id='line_1_5' title="bbox 573 859 2773 946; baseline -0 -19"><span class='ocrx_word' id='word_1_28' title='bbox 573 879 695 927; x_wconf 76' lang='lat' dir='ltr'><strong>cos</strong></span> <span class='ocrx_word' id='word_1_29' title='bbox 732 859 957 925; x_wconf 84' lang='lat' dir='ltr'><strong>fundit</strong></span> <span class='ocrx_word' id='word_1_30' title='bbox 992 860 1336 945; x_wconf 83' lang='lat' dir='ltr'><strong>fugatque.</strong></span> <span class='ocrx_word' id='word_1_31' title='bbox 1425 861 1818 946; x_wconf 85' lang='lat' dir='ltr'><strong>Eademque</strong></span> <span class='ocrx_word' id='word_1_32' title='bbox 1863 861 2027 928; x_wconf 88' lang='lat' dir='ltr'><strong>hora</strong></span> <span class='ocrx_word' id='word_1_33' title='bbox 2067 863 2204 928; x_wconf 88' lang='lat' dir='ltr'><strong>duo</strong></span> <span class='ocrx_word' id='word_1_34' title='bbox 2232 863 2608 942; x_wconf 71' lang='lat' dir='ltr'><strong>exercitae,</strong></span> <span class='ocrx_word' id='word_1_35' title='bbox 2638 862 2773 926; x_wconf 84' lang='lat' dir='ltr'><strong>duae</strong></span> 
     </span>
     <span class='ocr_line' id='line_1_6' title="bbox 574 962 2779 1050; baseline 0.002 -23"><span class='ocrx_word' id='word_1_36' title='bbox 574 962 1052 1045; x_wconf 80' lang='lat' dir='ltr'><strong>potentissimae</strong></span> <span class='ocrx_word' id='word_1_37' title='bbox 1102 969 1172 1028; x_wconf 92' lang='lat' dir='ltr'><strong>et</strong></span> <span class='ocrx_word' id='word_1_38' title='bbox 1218 963 1537 1030; x_wconf 78' lang='lat' dir='ltr'><strong>maximae</strong></span> <span class='ocrx_word' id='word_1_39' title='bbox 1583 964 1880 1031; x_wconf 79' lang='lat' dir='ltr'><strong>finitimae</strong></span> <span class='ocrx_word' id='word_1_40' title='bbox 1932 972 2167 1048; x_wconf 77' lang='lat' dir='ltr'><strong>gentes</strong></span> <span class='ocrx_word' id='word_1_41' title='bbox 2219 971 2567 1050; x_wconf 80' lang='lat' dir='ltr'><strong>superatae</strong></span> <span class='ocrx_word' id='word_1_42' title='bbox 2619 969 2779 1031; x_wconf 75' lang='lat' dir='ltr'><strong>suut-</strong></span> 
     </span>
     <span class='ocr_line' id='line_1_7' title="bbox 576 1063 2776 1151; baseline 0.001 -23"><span class='ocrx_word' id='word_1_43' title='bbox 576 1063 760 1129; x_wconf 87' lang='lat' dir='ltr'><strong>Dum</strong></span> <span class='ocrx_word' id='word_1_44' title='bbox 804 1065 953 1130; x_wconf 85' lang='lat' dir='ltr'><strong>haec</strong></span> <span class='ocrx_word' id='word_1_45' title='bbox 995 1065 1082 1130; x_wconf 86' lang='lat' dir='ltr'><strong>ad</strong></span> <span class='ocrx_word' id='word_1_46' title='bbox 1129 1064 1340 1130; x_wconf 86' lang='lat' dir='ltr'><strong>Veios</strong></span> <span class='ocrx_word' id='word_1_47' title='bbox 1387 1072 1723 1149; x_wconf 86' lang='lat' dir='ltr'><strong>geruntur,</strong></span> <span class='ocrx_word' id='word_1_48' title='bbox 1755 1066 1993 1132; x_wconf 83' lang='lat' dir='ltr'><strong>Volsci</strong></span> <span class='ocrx_word' id='word_1_49' title='bbox 2036 1067 2384 1151; x_wconf 89' lang='lat' dir='ltr'><strong>AEquique</strong></span> <span class='ocrx_word' id='word_1_50' title='bbox 2422 1066 2501 1129; x_wconf 90' lang='lat' dir='ltr'><strong>in</strong></span> <span class='ocrx_word' id='word_1_51' title='bbox 2544 1066 2776 1130; x_wconf 86' lang='lat' dir='ltr'><strong>Latino</strong></span> 
     </span>
     <span class='ocr_line' id='line_1_8' title="bbox 572 1169 2776 1254; baseline 0 -22"><span class='ocrx_word' id='word_1_52' title='bbox 572 1187 730 1250; x_wconf 85' lang='lat' dir='ltr'><strong>agro</strong></span> <span class='ocrx_word' id='word_1_53' title='bbox 762 1173 1124 1252; x_wconf 84' lang='lat' dir='ltr'><strong>posuerant</strong></span> <span class='ocrx_word' id='word_1_54' title='bbox 1152 1175 1391 1247; x_wconf 84' lang='lat' dir='ltr'><strong>castra,</strong></span> <span class='ocrx_word' id='word_1_55' title='bbox 1421 1170 1863 1254; x_wconf 86' lang='lat' dir='ltr'><strong>populatique</strong></span> <span class='ocrx_word' id='word_1_56' title='bbox 1889 1169 2053 1234; x_wconf 91' lang='lat' dir='ltr'><strong>fines</strong></span> <span class='ocrx_word' id='word_1_57' title='bbox 2087 1176 2290 1234; x_wconf 86' lang='lat' dir='ltr'><strong>erant.</strong></span> <span class='ocrx_word' id='word_1_58' title='bbox 2381 1170 2532 1234; x_wconf 85' lang='lat' dir='ltr'><strong>Eos</strong></span> <span class='ocrx_word' id='word_1_59' title='bbox 2564 1189 2680 1252; x_wconf 89' lang='lat' dir='ltr'><strong>per</strong></span> <span class='ocrx_word' id='word_1_60' title='bbox 2712 1188 2776 1232; x_wconf 87' lang='lat' dir='ltr'><strong>se</strong></span> 
     </span>
     <span class='ocr_line' id='line_1_9' title="bbox 572 1264 2779 1354; baseline -0 -19"><span class='ocrx_word' id='word_1_61' title='bbox 572 1271 710 1354; x_wconf 88' lang='lat' dir='ltr'><strong>ipsi</strong></span> <span class='ocrx_word' id='word_1_62' title='bbox 758 1271 1005 1349; x_wconf 86' lang='lat' dir='ltr'><strong>Latini,</strong></span> <span class='ocrx_word' id='word_1_63' title='bbox 1034 1272 1353 1337; x_wconf 87' lang='lat' dir='ltr'><strong>assumtis</strong></span> <span class='ocrx_word' id='word_1_64' title='bbox 1392 1271 1743 1350; x_wconf 85' lang='lat' dir='ltr'><strong>Hernicis,</strong></span> <span class='ocrx_word' id='word_1_65' title='bbox 1773 1272 1919 1336; x_wconf 87' lang='lat' dir='ltr'><strong>sine</strong></span> <span class='ocrx_word' id='word_1_66' title='bbox 1968 1264 2278 1336; x_wconf 81' lang='lat' dir='ltr'><strong>Romano</strong></span> <span class='ocrx_word' id='word_1_67' title='bbox 2308 1278 2429 1337; x_wconf 86' lang='lat' dir='ltr'><strong>aut</strong></span> <span class='ocrx_word' id='word_1_68' title='bbox 2458 1271 2641 1337; x_wconf 88' lang='lat' dir='ltr'><strong>duce</strong></span> <span class='ocrx_word' id='word_1_69' title='bbox 2670 1279 2779 1335; x_wconf 86' lang='lat' dir='ltr'><strong>aut</strong></span> 
     </span>
     <span class='ocr_line' id='line_1_10' title="bbox 574 1374 2781 1459; baseline -0.002 -18"><span class='ocrx_word' id='word_1_70' title='bbox 574 1374 1122 1451; x_wconf 79' lang='lat' dir='ltr'><strong>anxilio,castris</strong></span> <span class='ocrx_word' id='word_1_71' title='bbox 1163 1383 1520 1442; x_wconf 83' lang='lat' dir='ltr'><strong>exueruut.</strong></span> <span class='ocrx_word' id='word_1_72' title='bbox 1606 1374 1866 1459; x_wconf 84' lang='lat' dir='ltr'><strong>Ingenti</strong></span> <span class='ocrx_word' id='word_1_73' title='bbox 1912 1374 2164 1459; x_wconf 79' lang='lat' dir='ltr'><strong>praeda,</strong></span> <span class='ocrx_word' id='word_1_74' title='bbox 2192 1381 2438 1458; x_wconf 74' lang='lat' dir='ltr'><strong>praeter</strong></span> <span class='ocrx_word' id='word_1_75' title='bbox 2484 1393 2656 1438; x_wconf 86' lang='lat' dir='ltr'><strong>suas</strong></span> <span class='ocrx_word' id='word_1_76' title='bbox 2691 1392 2781 1436; x_wconf 89' lang='lat' dir='ltr'><strong>re-</strong></span> 
     </span>
     <span class='ocr_line' id='line_1_11' title="bbox 575 1474 2782 1564; baseline -0.002 -20"><span class='ocrx_word' id='word_1_77' title='bbox 575 1484 935 1562; x_wconf 88' lang='lat' dir='ltr'><strong>cuperatas</strong></span> <span class='ocrx_word' id='word_1_78' title='bbox 963 1498 1095 1559; x_wconf 77' lang='lat' dir='ltr'><strong>ree,</strong></span> <span class='ocrx_word' id='word_1_79' title='bbox 1123 1480 1318 1564; x_wconf 87' lang='lat' dir='ltr'><strong>potiti</strong></span> <span class='ocrx_word' id='word_1_80' title='bbox 1350 1486 1532 1545; x_wconf 87' lang='lat' dir='ltr'><strong>sunt.</strong></span> <span class='ocrx_word' id='word_1_81' title='bbox 1623 1478 1886 1545; x_wconf 85' lang='lat' dir='ltr'><strong>Missus</strong></span> <span class='ocrx_word' id='word_1_82' title='bbox 1915 1484 2132 1544; x_wconf 87' lang='lat' dir='ltr'><strong>tamen</strong></span> <span class='ocrx_word' id='word_1_83' title='bbox 2167 1478 2254 1543; x_wconf 86' lang='lat' dir='ltr'><strong>ab</strong></span> <span class='ocrx_word' id='word_1_84' title='bbox 2292 1477 2525 1543; x_wconf 87' lang='lat' dir='ltr'><strong>Roma</strong></span> <span class='ocrx_word' id='word_1_85' title='bbox 2552 1474 2782 1540; x_wconf 86' lang='lat' dir='ltr'><strong>consul</strong></span> 
     </span>
     <span class='ocr_line' id='line_1_12' title="bbox 574 1581 2781 1666; baseline -0.001 -20"><span class='ocrx_word' id='word_1_86' title='bbox 574 1582 645 1646; x_wconf 89' lang='lat' dir='ltr'><strong>in</strong></span> <span class='ocrx_word' id='word_1_87' title='bbox 702 1582 992 1647; x_wconf 88' lang='lat' dir='ltr'><strong>Volscos</strong></span> <span class='ocrx_word' id='word_1_88' title='bbox 1032 1581 1114 1648; x_wconf 85' lang='lat' dir='ltr'><strong>C.</strong></span> <span class='ocrx_word' id='word_1_89' title='bbox 1145 1583 1492 1649; x_wconf 65' lang='lat' dir='ltr'><strong>Nautius.⁸</strong></span> <span class='ocrx_word' id='word_1_90' title='bbox 1582 1584 1769 1663; x_wconf 83' lang='lat' dir='ltr'><strong>Mos,</strong></span> <span class='ocrx_word' id='word_1_91' title='bbox 1812 1584 2039 1662; x_wconf 90' lang='lat' dir='ltr'><strong>credo,</strong></span> <span class='ocrx_word' id='word_1_92' title='bbox 2072 1602 2208 1647; x_wconf 91' lang='lat' dir='ltr'><strong>non</strong></span> <span class='ocrx_word' id='word_1_93' title='bbox 2251 1582 2604 1666; x_wconf 79' lang='lat' dir='ltr'><strong>placebat,</strong></span> <span class='ocrx_word' id='word_1_94' title='bbox 2648 1581 2781 1645; x_wconf 86' lang='lat' dir='ltr'><strong>sine</strong></span> 
     </span>
     <span class='ocr_line' id='line_1_13' title="bbox 578 1682 2784 1772; baseline -0.001 -24"><span class='ocrx_word' id='word_1_95' title='bbox 578 1684 891 1749; x_wconf 86' lang='lat' dir='ltr'><strong>Romano</strong></span> <span class='ocrx_word' id='word_1_96' title='bbox 937 1686 1111 1751; x_wconf 87' lang='lat' dir='ltr'><strong>duce</strong></span> <span class='ocrx_word' id='word_1_97' title='bbox 1156 1689 1597 1772; x_wconf 86' lang='lat' dir='ltr'><strong>exercituque</strong></span> <span class='ocrx_word' id='word_1_98' title='bbox 1638 1689 1868 1754; x_wconf 88' lang='lat' dir='ltr'><strong>socios</strong></span> <span class='ocrx_word' id='word_1_99' title='bbox 1913 1687 2210 1772; x_wconf 86' lang='lat' dir='ltr'><strong>propriis</strong></span> <span class='ocrx_word' id='word_1_100' title='bbox 2258 1684 2520 1750; x_wconf 87' lang='lat' dir='ltr'><strong>viribus</strong></span> <span class='ocrx_word' id='word_1_101' title='bbox 2570 1682 2784 1748; x_wconf 81' lang='lat' dir='ltr'><strong>consi-</strong></span> 
     </span>
     <span class='ocr_line' id='line_1_14' title="bbox 575 1786 2784 1874; baseline 0 -25"><span class='ocrx_word' id='word_1_102' title='bbox 575 1786 822 1870; x_wconf 89' lang='lat' dir='ltr'><strong>liisque</strong></span> <span class='ocrx_word' id='word_1_103' title='bbox 870 1787 1050 1852; x_wconf 89' lang='lat' dir='ltr'><strong>bella</strong></span> <span class='ocrx_word' id='word_1_104' title='bbox 1090 1806 1332 1872; x_wconf 87' lang='lat' dir='ltr'><strong>gerere.</strong></span> <span class='ocrx_word' id='word_1_105' title='bbox 1422 1790 1708 1856; x_wconf 87' lang='lat' dir='ltr'><strong>Nullum</strong></span> <span class='ocrx_word' id='word_1_106' title='bbox 1749 1809 1953 1874; x_wconf 85' lang='lat' dir='ltr'><strong>genus</strong></span> <span class='ocrx_word' id='word_1_107' title='bbox 1998 1787 2404 1855; x_wconf 79' lang='lat' dir='ltr'><strong>calamitatis</strong></span> <span class='ocrx_word' id='word_1_108' title='bbox 2442 1793 2784 1851; x_wconf 83' lang='lat' dir='ltr'><strong>contume-</strong></span> 
     </span>
     <span class='ocr_line' id='line_1_15' title="bbox 575 1887 2785 1973; baseline -0 -20"><span class='ocrx_word' id='word_1_109' title='bbox 575 1887 826 1972; x_wconf 84' lang='lat' dir='ltr'><strong>liaeque</strong></span> <span class='ocrx_word' id='word_1_110' title='bbox 871 1909 1005 1954; x_wconf 92' lang='lat' dir='ltr'><strong>non</strong></span> <span class='ocrx_word' id='word_1_111' title='bbox 1034 1890 1286 1957; x_wconf 90' lang='lat' dir='ltr'><strong>editum</strong></span> <span class='ocrx_word' id='word_1_112' title='bbox 1316 1893 1382 1958; x_wconf 93' lang='lat' dir='ltr'><strong>in</strong></span> <span class='ocrx_word' id='word_1_113' title='bbox 1413 1891 1713 1958; x_wconf 86' lang='lat' dir='ltr'><strong>Volscos</strong></span> <span class='ocrx_word' id='word_1_114' title='bbox 1741 1900 1881 1958; x_wconf 65' lang='lat' dir='ltr'><strong>est:</strong></span> <span class='ocrx_word' id='word_1_115' title='bbox 1935 1912 2065 1958; x_wconf 91' lang='lat' dir='ltr'><strong>nec</strong></span> <span class='ocrx_word' id='word_1_116' title='bbox 2098 1899 2320 1957; x_wconf 88' lang='lat' dir='ltr'><strong>tamen</strong></span> <span class='ocrx_word' id='word_1_117' title='bbox 2342 1888 2641 1973; x_wconf 84' lang='lat' dir='ltr'><strong>perpelli</strong></span> <span class='ocrx_word' id='word_1_118' title='bbox 2671 1906 2785 1971; x_wconf 87' lang='lat' dir='ltr'><strong>po-</strong></span> 
     </span>
    </p>
   </div>
   <div class='ocr_carea' id='block_1_3' title="bbox 1511 404 1819 458">
    <p class='ocr_par' dir='ltr' id='par_1_3' title="bbox 1511 404 1819 458">
     <span class='ocr_line' id='line_1_16' title="bbox 1511 404 1819 458; baseline 0.003 -4"><span class='ocrx_word' id='word_1_119' title='bbox 1511 404 1583 455; x_wconf 77' lang='lat' dir='ltr'><strong>T.</strong></span> <span class='ocrx_word' id='word_1_120' title='bbox 1626 407 1819 458; x_wconf 80' lang='lat' dir='ltr'><strong>lell</strong></span> 
     </span>
    </p>
   </div>
   <div class='ocr_carea' id='block_1_4' title="bbox 576 1987 1530 2069">
    <p class='ocr_par' dir='ltr' id='par_1_4' title="bbox 576 1987 1530 2069">
     <span class='ocr_line' id='line_1_17' title="bbox 576 1987 1530 2069; baseline 0.003 -14"><span class='ocrx_word' id='word_1_121' title='bbox 576 1996 785 2069; x_wconf 89' lang='lat' dir='ltr'><strong>tuere,</strong></span> <span class='ocrx_word' id='word_1_122' title='bbox 816 1987 925 2057; x_wconf 68' lang='lat' dir='ltr'><strong>utf</strong></span> <span class='ocrx_word' id='word_1_123' title='bbox 947 1992 1092 2057; x_wconf 88' lang='lat' dir='ltr'><strong>acie</strong></span> <span class='ocrx_word' id='word_1_124' title='bbox 1123 1994 1530 2059; x_wconf 86' lang='lat' dir='ltr'><strong>dimicarent.</strong></span> 
     </span>
    </p>
   </div>
   <div class='ocr_carea' id='block_1_5' title="bbox 662 2090 2784 2164">
    <p class='ocr_par' dir='ltr' id='par_1_5' title="bbox 662 2090 2784 2164">
     <span class='ocr_line' id='line_1_18' title="bbox 662 2090 2784 2164; baseline -0.002 -6"><span class='ocrx_word' id='word_1_125' title='bbox 662 2095 773 2160; x_wconf 83' lang='lat'><strong>54.</strong></span> <span class='ocrx_word' id='word_1_126' title='bbox 825 2094 902 2159; x_wconf 89' lang='lat' dir='ltr'><strong>L.</strong></span> <span class='ocrx_word' id='word_1_127' title='bbox 947 2095 1190 2162; x_wconf 89' lang='lat' dir='ltr'><strong>Furius</strong></span> <span class='ocrx_word' id='word_1_128' title='bbox 1233 2098 1390 2162; x_wconf 92' lang='lat' dir='ltr'><strong>inde</strong></span> <span class='ocrx_word' id='word_1_129' title='bbox 1429 2104 1500 2164; x_wconf 91' lang='lat' dir='ltr'><strong>et</strong></span> <span class='ocrx_word' id='word_1_130' title='bbox 1542 2097 1626 2164; x_wconf 86' lang='lat' dir='ltr'><strong>C.</strong></span> <span class='ocrx_word' id='word_1_131' title='bbox 1669 2098 2018 2163; x_wconf 65' lang='lat' dir='ltr'><strong>Manliusss</strong></span> <span class='ocrx_word' id='word_1_132' title='bbox 2059 2090 2428 2160; x_wconf 67' lang='lat' dir='ltr'><strong>consules.&#39;¹</strong></span> <span class='ocrx_word' id='word_1_133' title='bbox 2531 2091 2784 2158; x_wconf 85' lang='lat' dir='ltr'><strong>Manlio</strong></span> 
     </span>
    </p>
   </div>
   <div class='ocr_carea' id='block_1_6' title="bbox 1569 2275 1789 2329">
    <p class='ocr_par' dir='ltr' id='par_1_6' title="bbox 1569 2275 1789 2329">
     <span class='ocr_line' id='line_1_19' title="bbox 1569 2275 1789 2329; baseline 0.005 -1"><span class='ocrx_word' id='word_1_134' title='bbox 1569 2275 1789 2329; x_wconf 76' lang='lat' dir='ltr'>NOTAE</span> 
     </span>
    </p>
   </div>
   <div class='ocr_carea' id='block_1_7' title="bbox 582 2390 1645 2997">
    <p class='ocr_par' dir='ltr' id='par_1_7' title="bbox 583 2390 1645 2748">
     <span class='ocr_line' id='line_1_20' title="bbox 643 2390 1637 2458; baseline 0.009 -20"><span class='ocrx_word' id='word_1_135' title='bbox 643 2397 665 2423; x_wconf 74' lang='lat'><strong>⁰</strong></span> <span class='ocrx_word' id='word_1_136' title='bbox 699 2390 955 2455; x_wconf 79' lang='lat' dir='ltr'><strong>Paulisper</strong></span> <span class='ocrx_word' id='word_1_137' title='bbox 992 2393 1148 2443; x_wconf 77' lang='lat' dir='ltr'><strong>aversi</strong></span> <span class='ocrx_word' id='word_1_138' title='bbox 1187 2393 1458 2458; x_wconf 71' lang='lat' dir='ltr'><strong>turbatique</strong></span> <span class='ocrx_word' id='word_1_139' title='bbox 1500 2392 1637 2458; x_wconf 71' lang='lat' dir='ltr'><strong>sunt]</strong></span> 
     </span>
     <span class='ocr_line' id='line_1_21' title="bbox 583 2466 1639 2534; baseline 0.002 -17"><span class='ocrx_word' id='word_1_140' title='bbox 583 2466 666 2517; x_wconf 86' lang='lat' dir='ltr'><strong>Ab</strong></span> <span class='ocrx_word' id='word_1_141' title='bbox 691 2468 899 2532; x_wconf 87' lang='lat' dir='ltr'><strong>incepta</strong></span> <span class='ocrx_word' id='word_1_142' title='bbox 913 2478 1201 2521; x_wconf 80' lang='lat' dir='ltr'><strong>castrorum</strong></span> <span class='ocrx_word' id='word_1_143' title='bbox 1220 2471 1530 2521; x_wconf 83' lang='lat' dir='ltr'><strong>Sabinorum</strong></span> <span class='ocrx_word' id='word_1_144' title='bbox 1547 2484 1639 2534; x_wconf 87' lang='lat' dir='ltr'><strong>op-</strong></span> 
     </span>
     <span class='ocr_line' id='line_1_22' title="bbox 583 2546 1643 2613; baseline 0.002 -19"><span class='ocrx_word' id='word_1_145' title='bbox 583 2546 905 2609; x_wconf 80' lang='lat' dir='ltr'><strong>pugnatione</strong></span> <span class='ocrx_word' id='word_1_146' title='bbox 940 2548 1257 2613; x_wconf 81' lang='lat' dir='ltr'><strong>aliquantum</strong></span> <span class='ocrx_word' id='word_1_147' title='bbox 1284 2548 1492 2597; x_wconf 82' lang='lat' dir='ltr'><strong>avocati</strong></span> <span class='ocrx_word' id='word_1_148' title='bbox 1523 2552 1643 2597; x_wconf 78' lang='lat' dir='ltr'><strong>sunt</strong></span> 
     </span>
     <span class='ocr_line' id='line_1_23' title="bbox 585 2622 1645 2690; baseline 0.003 -19"><span class='ocrx_word' id='word_1_149' title='bbox 585 2622 826 2685; x_wconf 83' lang='lat' dir='ltr'><strong>Romani,</strong></span> <span class='ocrx_word' id='word_1_150' title='bbox 848 2623 1213 2688; x_wconf 83' lang='lat' dir='ltr'><strong>ingruentibus</strong></span> <span class='ocrx_word' id='word_1_151' title='bbox 1239 2639 1270 2674; x_wconf 88' lang='lat' dir='ltr'><strong>a</strong></span> <span class='ocrx_word' id='word_1_152' title='bbox 1287 2633 1435 2690; x_wconf 87' lang='lat' dir='ltr'><strong>tergo</strong></span> <span class='ocrx_word' id='word_1_153' title='bbox 1450 2625 1645 2674; x_wconf 87' lang='lat' dir='ltr'><strong>Veien-</strong></span> 
     </span>
     <span class='ocr_line' id='line_1_24' title="bbox 584 2699 738 2748; baseline -0.006 0"><span class='ocrx_word' id='word_1_154' title='bbox 584 2699 738 2748; x_wconf 82' lang='lat' dir='ltr'><strong>tibus.</strong></span> 
     </span>
    </p>

    <p class='ocr_par' dir='ltr' id='par_1_8' title="bbox 582 2775 1645 2997">
     <span class='ocr_line' id='line_1_25' title="bbox 645 2775 1645 2843; baseline 0 -17"><span class='ocrx_word' id='word_1_155' title='bbox 645 2775 670 2809; x_wconf 79' lang='lat'><strong>‘¹</strong></span> <span class='ocrx_word' id='word_1_156' title='bbox 710 2777 921 2842; x_wconf 75' lang='lat' dir='ltr'><strong>Utroque</strong></span> <span class='ocrx_word' id='word_1_157' title='bbox 938 2779 1090 2830; x_wconf 72' lang='lat' dir='ltr'><strong>versis</strong></span> <span class='ocrx_word' id='word_1_158' title='bbox 1109 2778 1293 2843; x_wconf 71' lang='lat' dir='ltr'><strong>signis]</strong></span> <span class='ocrx_word' id='word_1_159' title='bbox 1339 2777 1516 2829; x_wconf 84' lang='lat' dir='ltr'><strong>Armis</strong></span> <span class='ocrx_word' id='word_1_160' title='bbox 1542 2777 1645 2828; x_wconf 81' lang='lat' dir='ltr'><strong>sci·</strong></span> 
     </span>
     <span class='ocr_line' id='line_1_26' title="bbox 582 2852 1643 2921; baseline 0.001 -20"><span class='ocrx_word' id='word_1_161' title='bbox 582 2852 707 2902; x_wconf 87' lang='lat' dir='ltr'><strong>licet</strong></span> <span class='ocrx_word' id='word_1_162' title='bbox 724 2853 776 2903; x_wconf 89' lang='lat' dir='ltr'><strong>in</strong></span> <span class='ocrx_word' id='word_1_163' title='bbox 795 2863 1040 2921; x_wconf 84' lang='lat' dir='ltr'><strong>utrosque</strong></span> <span class='ocrx_word' id='word_1_164' title='bbox 1063 2854 1237 2906; x_wconf 79' lang='lat' dir='ltr'><strong>hostes</strong></span> <span class='ocrx_word' id='word_1_165' title='bbox 1262 2856 1432 2912; x_wconf 88' lang='lat' dir='ltr'><strong>simul,</strong></span> <span class='ocrx_word' id='word_1_166' title='bbox 1456 2854 1573 2904; x_wconf 87' lang='lat' dir='ltr'><strong>binc</strong></span> <span class='ocrx_word' id='word_1_167' title='bbox 1590 2853 1643 2902; x_wconf 90' lang='lat' dir='ltr'><strong>in</strong></span> 
     </span>
     <span class='ocr_line' id='line_1_27' title="bbox 582 2929 1644 2997; baseline 0.003 -20"><span class='ocrx_word' id='word_1_168' title='bbox 582 2929 799 2978; x_wconf 83' lang='lat' dir='ltr'><strong>Sabinos</strong></span> <span class='ocrx_word' id='word_1_169' title='bbox 841 2946 871 2981; x_wconf 89' lang='lat' dir='ltr'><strong>a</strong></span> <span class='ocrx_word' id='word_1_170' title='bbox 896 2929 1069 2983; x_wconf 85' lang='lat' dir='ltr'><strong>fronte</strong></span> <span class='ocrx_word' id='word_1_171' title='bbox 1113 2939 1486 2997; x_wconf 76' lang='lat' dir='ltr'><strong>repugnantes,</strong></span> <span class='ocrx_word' id='word_1_172' title='bbox 1521 2929 1644 2981; x_wconf 87' lang='lat' dir='ltr'><strong>inde</strong></span> 
     </span>
    </p>
   </div>
   <div class='ocr_carea' id='block_1_8' title="bbox 1716 2386 2787 2990">
    <p class='ocr_par' dir='ltr' id='par_1_9' title="bbox 1716 2386 2787 2990">
     <span class='ocr_line' id='line_1_28' title="bbox 1716 2386 2785 2457; baseline -0.011 -14"><span class='ocrx_word' id='word_1_173' title='bbox 1716 2393 1895 2457; x_wconf 71' lang='lat' dir='ltr'><strong>potius,</strong></span> <span class='ocrx_word' id='word_1_174' title='bbox 1916 2397 2006 2442; x_wconf 88' lang='lat' dir='ltr'><strong>aut</strong></span> <span class='ocrx_word' id='word_1_175' title='bbox 2028 2389 2169 2441; x_wconf 87' lang='lat' dir='ltr'><strong>aliud</strong></span> <span class='ocrx_word' id='word_1_176' title='bbox 2193 2386 2634 2455; x_wconf 80' lang='lat' dir='ltr'><strong>comparativum,</strong></span> <span class='ocrx_word' id='word_1_177' title='bbox 2651 2395 2785 2433; x_wconf 85' lang='lat' dir='ltr'><strong>more</strong></span> 
     </span>
     <span class='ocr_line' id='line_1_29' title="bbox 1721 2460 2786 2535; baseline -0.012 -15"><span class='ocrx_word' id='word_1_178' title='bbox 1721 2471 1942 2521; x_wconf 71' lang='lat' dir='ltr'><strong>Graecoz</strong></span> <span class='ocrx_word' id='word_1_179' title='bbox 1978 2468 2116 2535; x_wconf 88' lang='lat' dir='ltr'><strong>quod</strong></span> <span class='ocrx_word' id='word_1_180' title='bbox 2132 2467 2379 2519; x_wconf 80' lang='lat' dir='ltr'><strong>orationis</strong></span> <span class='ocrx_word' id='word_1_181' title='bbox 2404 2479 2573 2528; x_wconf 83' lang='lat' dir='ltr'><strong>genus</strong></span> <span class='ocrx_word' id='word_1_182' title='bbox 2596 2460 2786 2512; x_wconf 79' lang='lat' dir='ltr'><strong>Nostro</strong></span> 
     </span>
     <span class='ocr_line' id='line_1_30' title="bbox 1721 2536 2786 2611; baseline -0.009 -15"><span class='ocrx_word' id='word_1_183' title='bbox 1721 2559 1823 2596; x_wconf 89' lang='lat' dir='ltr'><strong>non</strong></span> <span class='ocrx_word' id='word_1_184' title='bbox 1865 2545 2033 2596; x_wconf 88' lang='lat' dir='ltr'><strong>miuus</strong></span> <span class='ocrx_word' id='word_1_185' title='bbox 2057 2558 2209 2611; x_wconf 78' lang='lat' dir='ltr'><strong>quarn</strong></span> <span class='ocrx_word' id='word_1_186' title='bbox 2246 2542 2502 2593; x_wconf 75' lang='lat' dir='ltr'><strong>Sallustio</strong></span> <span class='ocrx_word' id='word_1_187' title='bbox 2525 2554 2589 2589; x_wconf 80' lang='lat' dir='ltr'><strong>sc</strong></span> <span class='ocrx_word' id='word_1_188' title='bbox 2608 2536 2786 2588; x_wconf 78' lang='lat' dir='ltr'><strong>Tacito</strong></span> 
     </span>
     <span class='ocr_line' id='line_1_31' title="bbox 1716 2616 2785 2687; baseline -0.012 -14"><span class='ocrx_word' id='word_1_189' title='bbox 1716 2619 2004 2687; x_wconf 85' lang='lat' dir='ltr'><strong>cognitum.</strong></span> <span class='ocrx_word' id='word_1_190' title='bbox 2070 2622 2183 2685; x_wconf 83' lang='lat' dir='ltr'><strong>Ego</strong></span> <span class='ocrx_word' id='word_1_191' title='bbox 2206 2625 2403 2681; x_wconf 83' lang='lat' dir='ltr'><strong>tamen,</strong></span> <span class='ocrx_word' id='word_1_192' title='bbox 2421 2617 2515 2682; x_wconf 88' lang='lat' dir='ltr'><strong>qui</strong></span> <span class='ocrx_word' id='word_1_193' title='bbox 2540 2616 2591 2664; x_wconf 91' lang='lat' dir='ltr'><strong>in</strong></span> <span class='ocrx_word' id='word_1_194' title='bbox 2616 2626 2785 2662; x_wconf 74' lang='lat' dir='ltr'><strong>emen·</strong></span> 
     </span>
     <span class='ocr_line' id='line_1_32' title="bbox 1717 2692 2785 2750; baseline -0.009 -1"><span class='ocrx_word' id='word_1_195' title='bbox 1717 2699 2016 2750; x_wconf 76' lang='lat' dir='ltr'><strong>dationibus</strong></span> <span class='ocrx_word' id='word_1_196' title='bbox 2071 2695 2375 2748; x_wconf 84' lang='lat' dir='ltr'><strong>necessariis</strong></span> <span class='ocrx_word' id='word_1_197' title='bbox 2446 2692 2785 2743; x_wconf 73' lang='lat' dir='ltr'><strong>mutationem</strong></span> 
     </span>
     <span class='ocr_line' id='line_1_33' title="bbox 1717 2770 2786 2844; baseline -0.012 -17"><span class='ocrx_word' id='word_1_198' title='bbox 1717 2794 1870 2844; x_wconf 86' lang='lat' dir='ltr'><strong>quam</strong></span> <span class='ocrx_word' id='word_1_199' title='bbox 1915 2775 2177 2827; x_wconf 84' lang='lat' dir='ltr'><strong>minimam</strong></span> <span class='ocrx_word' id='word_1_200' title='bbox 2228 2772 2470 2837; x_wconf 80' lang='lat' dir='ltr'><strong>probem,</strong></span> <span class='ocrx_word' id='word_1_201' title='bbox 2529 2770 2786 2832; x_wconf 69' lang='lat' dir='ltr'><strong>vulgatu-</strong></span> 
     </span>
     <span class='ocr_line' id='line_1_34' title="bbox 1716 2842 2787 2917; baseline -0.013 -12"><span class='ocrx_word' id='word_1_202' title='bbox 1716 2855 2017 2912; x_wconf 86' lang='lat' dir='ltr'><strong>leetionem‚</strong></span> <span class='ocrx_word' id='word_1_203' title='bbox 2038 2865 2154 2917; x_wconf 76' lang='lat' dir='ltr'><strong>quae</strong></span> <span class='ocrx_word' id='word_1_204' title='bbox 2176 2850 2333 2915; x_wconf 85' lang='lat' dir='ltr'><strong>plana</strong></span> <span class='ocrx_word' id='word_1_205' title='bbox 2355 2854 2460 2912; x_wconf 88' lang='lat' dir='ltr'><strong>est,</strong></span> <span class='ocrx_word' id='word_1_206' title='bbox 2484 2860 2586 2895; x_wconf 85' lang='lat' dir='ltr'><strong>nec</strong></span> <span class='ocrx_word' id='word_1_207' title='bbox 2610 2844 2709 2893; x_wconf 74' lang='lat' dir='ltr'><strong>uisi</strong></span> <span class='ocrx_word' id='word_1_208' title='bbox 2730 2842 2787 2893; x_wconf 87' lang='lat' dir='ltr'><strong>li·</strong></span> 
     </span>
     <span class='ocr_line' id='line_1_35' title="bbox 1719 2923 2785 2990; baseline -0.012 -9"><span class='ocrx_word' id='word_1_209' title='bbox 1719 2939 1884 2981; x_wconf 83' lang='lat' dir='ltr'><strong>teram</strong></span> <span class='ocrx_word' id='word_1_210' title='bbox 1911 2943 2062 2978; x_wconf 83' lang='lat' dir='ltr'><strong>ttnatn</strong></span> <span class='ocrx_word' id='word_1_211' title='bbox 2086 2933 2108 2977; x_wconf 70' lang='lat' dir='ltr'><strong>t</strong></span> <span class='ocrx_word' id='word_1_212' title='bbox 2135 2932 2319 2990; x_wconf 80' lang='lat' dir='ltr'><strong>mutat,</strong></span> <span class='ocrx_word' id='word_1_213' title='bbox 2337 2923 2545 2989; x_wconf 78' lang='lat' dir='ltr'><strong>propelli</strong></span> <span class='ocrx_word' id='word_1_214' title='bbox 2565 2935 2663 2986; x_wconf 87' lang='lat' dir='ltr'><strong>pro</strong></span> <span class='ocrx_word' id='word_1_215' title='bbox 2684 2934 2785 2983; x_wconf 75' lang='lat' dir='ltr'><strong>per·</strong></span> 
     </span>
    </p>
   </div>
   <div class='ocr_carea' id='block_1_9' title="bbox 584 2998 2789 3073">
    <p class='ocr_par' dir='ltr' id='par_1_10' title="bbox 584 2998 2789 3073">
     <span class='ocr_line' id='line_1_36' title="bbox 584 2998 2789 3073; baseline -0.003 -21"><span class='ocrx_word' id='word_1_216' title='bbox 584 3018 735 3055; x_wconf 75' lang='lat' dir='ltr'><strong>versa</strong></span> <span class='ocrx_word' id='word_1_217' title='bbox 757 3005 888 3055; x_wconf 86' lang='lat' dir='ltr'><strong>facie</strong></span> <span class='ocrx_word' id='word_1_218' title='bbox 927 3006 977 3056; x_wconf 90' lang='lat' dir='ltr'><strong>iu</strong></span> <span class='ocrx_word' id='word_1_219' title='bbox 1020 3010 1273 3059; x_wconf 87' lang='lat' dir='ltr'><strong>Etruscos</strong></span> <span class='ocrx_word' id='word_1_220' title='bbox 1313 3024 1343 3058; x_wconf 83' lang='lat' dir='ltr'><strong>a</strong></span> <span class='ocrx_word' id='word_1_221' title='bbox 1381 3016 1528 3073; x_wconf 89' lang='lat' dir='ltr'><strong>tergo</strong></span> <span class='ocrx_word' id='word_1_222' title='bbox 1562 3022 1645 3057; x_wconf 90' lang='lat' dir='ltr'><strong>ur·</strong></span> <span class='ocrx_word' id='word_1_223' title='bbox 1712 3007 1835 3071; x_wconf 78' lang='lat' dir='ltr'><strong>peti,</strong></span> <span class='ocrx_word' id='word_1_224' title='bbox 1877 3005 2000 3055; x_wconf 84' lang='lat' dir='ltr'><strong>huic</strong></span> <span class='ocrx_word' id='word_1_225' title='bbox 2022 3018 2140 3069; x_wconf 76' lang='lat' dir='ltr'><strong>qnoe</strong></span> <span class='ocrx_word' id='word_1_226' title='bbox 2172 3016 2271 3052; x_wconf 88' lang='lat' dir='ltr'><strong>non</strong></span> <span class='ocrx_word' id='word_1_227' title='bbox 2293 3001 2449 3050; x_wconf 88' lang='lat' dir='ltr'><strong>modo</strong></span> <span class='ocrx_word' id='word_1_228' title='bbox 2476 3012 2661 3048; x_wconf 78' lang='lat' dir='ltr'><strong>vocem</strong></span> <span class='ocrx_word' id='word_1_229' title='bbox 2694 2998 2789 3046; x_wconf 69' lang='lat' dir='ltr'><strong>fiee</strong></span> 
     </span>
    </p>
   </div>
   <div class='ocr_carea' id='block_1_10' title="bbox 580 3083 1650 4365">
    <p class='ocr_par' dir='ltr' id='par_1_11' title="bbox 580 3083 985 3143">
     <span class='ocr_line' id='line_1_37' title="bbox 580 3083 985 3143; baseline 0.01 -15"><span class='ocrx_word' id='word_1_230' title='bbox 580 3087 780 3143; x_wconf 85' lang='lat' dir='ltr'><strong>gentes,</strong></span> <span class='ocrx_word' id='word_1_231' title='bbox 803 3083 985 3132; x_wconf 84' lang='lat' dir='ltr'><strong>illatis.</strong></span> 
     </span>
    </p>

    <p class='ocr_par' dir='ltr' id='par_1_12' title="bbox 582 3155 1649 3896">
     <span class='ocr_line' id='line_1_38' title="bbox 591 3155 1647 3225; baseline 0.007 -23"><span class='ocrx_word' id='word_1_232' title='bbox 591 3155 596 3162; x_wconf 83' lang='lat'><em>&#39;</em></span> <span class='ocrx_word' id='word_1_233' title='bbox 646 3163 670 3188; x_wconf 66' lang='grc' dir='ltr'>θ</span> <span class='ocrx_word' id='word_1_234' title='bbox 704 3156 764 3204; x_wconf 84' lang='lat' dir='ltr'><strong>In</strong></span> <span class='ocrx_word' id='word_1_235' title='bbox 812 3157 1002 3207; x_wconf 79' lang='lat' dir='ltr'><strong>Volscos</strong></span> <span class='ocrx_word' id='word_1_236' title='bbox 1049 3160 1107 3210; x_wconf 88' lang='lat' dir='ltr'><strong>C.</strong></span> <span class='ocrx_word' id='word_1_237' title='bbox 1151 3159 1391 3225; x_wconf 79' lang='lat' dir='ltr'><strong>Nautius]</strong></span> <span class='ocrx_word' id='word_1_238' title='bbox 1449 3159 1647 3210; x_wconf 85' lang='lat' dir='ltr'><strong>Consul</strong></span> 
     </span>
     <span class='ocr_line' id='line_1_39' title="bbox 585 3232 1647 3298; baseline 0.004 -17"><span class='ocrx_word' id='word_1_239' title='bbox 585 3232 829 3294; x_wconf 84' lang='lat' dir='ltr'><strong>Nautius,</strong></span> <span class='ocrx_word' id='word_1_240' title='bbox 850 3234 934 3298; x_wconf 90' lang='lat' dir='ltr'><strong>qui</strong></span> <span class='ocrx_word' id='word_1_241' title='bbox 963 3233 1342 3297; x_wconf 82' lang='lat' dir='ltr'><strong>profectionem</strong></span> <span class='ocrx_word' id='word_1_242' title='bbox 1368 3237 1418 3285; x_wconf 93' lang='lat' dir='ltr'><strong>in</strong></span> <span class='ocrx_word' id='word_1_243' title='bbox 1440 3235 1647 3298; x_wconf 85' lang='lat' dir='ltr'><strong>provin-</strong></span> 
     </span>
     <span class='ocr_line' id='line_1_40' title="bbox 584 3308 1648 3376; baseline 0.004 -19"><span class='ocrx_word' id='word_1_244' title='bbox 584 3308 718 3358; x_wconf 83' lang='lat' dir='ltr'><strong>ciam</strong></span> <span class='ocrx_word' id='word_1_245' title='bbox 742 3324 884 3358; x_wconf 86' lang='lat' dir='ltr'><strong>suam</strong></span> <span class='ocrx_word' id='word_1_246' title='bbox 908 3309 1204 3373; x_wconf 82' lang='lat' dir='ltr'><strong>distulerat,</strong></span> <span class='ocrx_word' id='word_1_247' title='bbox 1219 3318 1295 3368; x_wconf 89' lang='lat' dir='ltr'><strong>ut,</strong></span> <span class='ocrx_word' id='word_1_248' title='bbox 1321 3312 1364 3359; x_wconf 90' lang='lat' dir='ltr'><strong>si</strong></span> <span class='ocrx_word' id='word_1_249' title='bbox 1390 3312 1511 3376; x_wconf 88' lang='lat' dir='ltr'><strong>qnid</strong></span> <span class='ocrx_word' id='word_1_250' title='bbox 1539 3312 1648 3361; x_wconf 89' lang='lat' dir='ltr'><strong>col·</strong></span> 
     </span>
     <span class='ocr_line' id='line_1_41' title="bbox 582 3385 1647 3447; baseline 0.004 -14"><span class='ocrx_word' id='word_1_251' title='bbox 582 3385 718 3447; x_wconf 84' lang='lat' dir='ltr'><strong>legae</strong></span> <span class='ocrx_word' id='word_1_252' title='bbox 759 3385 1006 3435; x_wconf 78' lang='lat' dir='ltr'><strong>adversus</strong></span> <span class='ocrx_word' id='word_1_253' title='bbox 1031 3387 1281 3436; x_wconf 76' lang='lat' dir='ltr'><strong>Veientes</strong></span> <span class='ocrx_word' id='word_1_254' title='bbox 1318 3388 1537 3438; x_wconf 80' lang='lat' dir='ltr'><strong>bellanti</strong></span> <span class='ocrx_word' id='word_1_255' title='bbox 1562 3402 1647 3437; x_wconf 86' lang='lat' dir='ltr'><strong>ac·</strong></span> 
     </span>
     <span class='ocr_line' id='line_1_42' title="bbox 583 3458 1647 3528; baseline 0.005 -20"><span class='ocrx_word' id='word_1_256' title='bbox 583 3458 816 3524; x_wconf 83' lang='lat' dir='ltr'><strong>cidisset,</strong></span> <span class='ocrx_word' id='word_1_257' title='bbox 852 3471 1045 3525; x_wconf 84' lang='lat' dir='ltr'><strong>praesto</strong></span> <span class='ocrx_word' id='word_1_258' title='bbox 1089 3470 1229 3512; x_wconf 84' lang='lat' dir='ltr'><strong>esset</strong></span> <span class='ocrx_word' id='word_1_259' title='bbox 1264 3464 1380 3513; x_wconf 88' lang='lat' dir='ltr'><strong>urbi</strong></span> <span class='ocrx_word' id='word_1_260' title='bbox 1418 3477 1647 3528; x_wconf 79' lang='lat' dir='ltr'><strong>agroque</strong></span> 
     </span>
     <span class='ocr_line' id='line_1_43' title="bbox 584 3538 1648 3603; baseline 0.002 -15"><span class='ocrx_word' id='word_1_261' title='bbox 584 3538 818 3588; x_wconf 84' lang='lat' dir='ltr'><strong>Romano</strong></span> <span class='ocrx_word' id='word_1_262' title='bbox 861 3540 1183 3603; x_wconf 61' lang='lat' dir='ltr'><strong>praesidium,</strong></span> <span class='ocrx_word' id='word_1_263' title='bbox 1216 3541 1370 3591; x_wconf 85' lang='lat' dir='ltr'><strong>rebus</strong></span> <span class='ocrx_word' id='word_1_264' title='bbox 1401 3540 1453 3590; x_wconf 90' lang='lat' dir='ltr'><strong>iu</strong></span> <span class='ocrx_word' id='word_1_265' title='bbox 1489 3542 1648 3590; x_wconf 89' lang='lat' dir='ltr'><strong>Etru-</strong></span> 
     </span>
     <span class='ocr_line' id='line_1_44' title="bbox 582 3614 1646 3681; baseline 0.002 -17"><span class='ocrx_word' id='word_1_266' title='bbox 582 3614 661 3664; x_wconf 86' lang='lat' dir='ltr'><strong>ria</strong></span> <span class='ocrx_word' id='word_1_267' title='bbox 708 3630 955 3679; x_wconf 80' lang='lat' dir='ltr'><strong>prospere</strong></span> <span class='ocrx_word' id='word_1_268' title='bbox 990 3616 1405 3681; x_wconf 83' lang='lat' dir='ltr'><strong>succedentibus,</strong></span> <span class='ocrx_word' id='word_1_269' title='bbox 1445 3616 1646 3666; x_wconf 80' lang='lat' dir='ltr'><strong>exerci-</strong></span> 
     </span>
     <span class='ocr_line' id='line_1_45' title="bbox 585 3693 1649 3757; baseline -0.001 -15"><span class='ocrx_word' id='word_1_270' title='bbox 585 3702 692 3744; x_wconf 85' lang='lat' dir='ltr'><strong>tum</strong></span> <span class='ocrx_word' id='word_1_271' title='bbox 738 3693 789 3742; x_wconf 89' lang='lat' dir='ltr'><strong>in</strong></span> <span class='ocrx_word' id='word_1_272' title='bbox 815 3693 1030 3743; x_wconf 77' lang='lat' dir='ltr'><strong>Volscos</strong></span> <span class='ocrx_word' id='word_1_273' title='bbox 1049 3695 1159 3757; x_wconf 84' lang='lat' dir='ltr'><strong>jam</strong></span> <span class='ocrx_word' id='word_1_274' title='bbox 1198 3710 1227 3743; x_wconf 85' lang='lat' dir='ltr'><strong>a</strong></span> <span class='ocrx_word' id='word_1_275' title='bbox 1251 3694 1448 3744; x_wconf 84' lang='lat' dir='ltr'><strong>Latinis</strong></span> <span class='ocrx_word' id='word_1_276' title='bbox 1474 3694 1649 3757; x_wconf 87' lang='lat' dir='ltr'><strong>pulsos</strong></span> 
     </span>
     <span class='ocr_line' id='line_1_46' title="bbox 585 3769 1647 3835; baseline -0.002 -15"><span class='ocrx_word' id='word_1_277' title='bbox 585 3770 787 3820; x_wconf 84' lang='lat' dir='ltr'><strong>tardius</strong></span> <span class='ocrx_word' id='word_1_278' title='bbox 825 3769 1025 3833; x_wconf 82' lang='lat' dir='ltr'><strong>eduxit,</strong></span> <span class='ocrx_word' id='word_1_279' title='bbox 1076 3785 1142 3819; x_wconf 85' lang='lat' dir='ltr'><strong>ex</strong></span> <span class='ocrx_word' id='word_1_280' title='bbox 1186 3771 1367 3835; x_wconf 88' lang='lat' dir='ltr'><strong>quibus</strong></span> <span class='ocrx_word' id='word_1_281' title='bbox 1415 3769 1647 3833; x_wconf 81' lang='lat' dir='ltr'><strong>praedam</strong></span> 
     </span>
     <span class='ocr_line' id='line_1_47' title="bbox 586 3847 1140 3896; baseline 0.002 -1"><span class='ocrx_word' id='word_1_282' title='bbox 586 3847 914 3896; x_wconf 83' lang='lat' dir='ltr'><strong>incruentam</strong></span> <span class='ocrx_word' id='word_1_283' title='bbox 942 3848 1140 3896; x_wconf 85' lang='lat' dir='ltr'><strong>retulit.</strong></span> 
     </span>
    </p>

    <p class='ocr_par' dir='ltr' id='par_1_13' title="bbox 585 3920 1650 4365">
     <span class='ocr_line' id='line_1_48' title="bbox 652 3920 1649 3989; baseline 0.001 -19"><span class='ocrx_word' id='word_1_284' title='bbox 652 3920 670 3953; x_wconf 75' lang='lat' dir='ltr'>f</span> <span class='ocrx_word' id='word_1_285' title='bbox 702 3923 807 3972; x_wconf 85' lang='lat' dir='ltr'><strong>Nec</strong></span> <span class='ocrx_word' id='word_1_286' title='bbox 827 3928 982 3973; x_wconf 80' lang='lat' dir='ltr'><strong>tamen</strong></span> <span class='ocrx_word' id='word_1_287' title='bbox 1002 3924 1198 3988; x_wconf 78' lang='lat' dir='ltr'><strong>perpelli</strong></span> <span class='ocrx_word' id='word_1_288' title='bbox 1216 3924 1428 3989; x_wconf 68' lang='lat' dir='ltr'><strong>potuere,</strong></span> <span class='ocrx_word' id='word_1_289' title='bbox 1450 3921 1530 3985; x_wconf 79' lang='lat' dir='ltr'><strong>ut]</strong></span> <span class='ocrx_word' id='word_1_290' title='bbox 1550 3921 1649 3973; x_wconf 84' lang='lat' dir='ltr'><strong>Ar-</strong></span> 
     </span>
     <span class='ocr_line' id='line_1_49' title="bbox 588 3998 1649 4064; baseline 0.002 -18"><span class='ocrx_word' id='word_1_291' title='bbox 588 3998 850 4061; x_wconf 82' lang='lat' dir='ltr'><strong>chetypon</strong></span> <span class='ocrx_word' id='word_1_292' title='bbox 898 4000 1171 4064; x_wconf 86' lang='lat' dir='ltr'><strong>scriptum,</strong></span> <span class='ocrx_word' id='word_1_293' title='bbox 1219 4001 1294 4050; x_wconf 89' lang='lat' dir='ltr'><strong>uti</strong></span> <span class='ocrx_word' id='word_1_294' title='bbox 1340 4005 1573 4049; x_wconf 83' lang='lat' dir='ltr'><strong>notatum</strong></span> <span class='ocrx_word' id='word_1_295' title='bbox 1618 4013 1649 4048; x_wconf 85' lang='lat' dir='ltr'><strong>a</strong></span> 
     </span>
     <span class='ocr_line' id='line_1_50' title="bbox 589 4072 1647 4140; baseline 0.001 -19"><span class='ocrx_word' id='word_1_296' title='bbox 589 4072 858 4136; x_wconf 80' lang='lat' dir='ltr'><strong>Rhenano,</strong></span> <span class='ocrx_word' id='word_1_297' title='bbox 879 4074 1033 4125; x_wconf 84' lang='lat' dir='ltr'><strong>habet</strong></span> <span class='ocrx_word' id='word_1_298' title='bbox 1053 4092 1138 4125; x_wconf 78' lang='lat' dir='ltr'><strong>nec</strong></span> <span class='ocrx_word' id='word_1_299' title='bbox 1159 4081 1317 4126; x_wconf 76' lang='lat' dir='ltr'><strong>tamen</strong></span> <span class='ocrx_word' id='word_1_300' title='bbox 1348 4075 1538 4140; x_wconf 75' lang='lat' dir='ltr'><strong>perpeti</strong></span> <span class='ocrx_word' id='word_1_301' title='bbox 1561 4090 1647 4138; x_wconf 80' lang='lat' dir='ltr'><strong>po·</strong></span> 
     </span>
     <span class='ocr_line' id='line_1_51' title="bbox 585 4149 1647 4217; baseline 0.004 -21"><span class='ocrx_word' id='word_1_302' title='bbox 585 4152 737 4197; x_wconf 75' lang='lat' dir='ltr'><strong>tuere.</strong></span> <span class='ocrx_word' id='word_1_303' title='bbox 831 4149 981 4198; x_wconf 84' lang='lat' dir='ltr'><strong>Unde</strong></span> <span class='ocrx_word' id='word_1_304' title='bbox 1036 4152 1330 4217; x_wconf 80' lang='lat' dir='ltr'><strong>suspicatur</strong></span> <span class='ocrx_word' id='word_1_305' title='bbox 1377 4152 1647 4217; x_wconf 82' lang='lat' dir='ltr'><strong>scripsisse</strong></span> 
     </span>
     <span class='ocr_line' id='line_1_52' title="bbox 590 4224 1650 4294; baseline 0.005 -20"><span class='ocrx_word' id='word_1_306' title='bbox 590 4225 813 4284; x_wconf 81' lang='lat' dir='ltr'><strong>Livium,</strong></span> <span class='ocrx_word' id='word_1_307' title='bbox 856 4224 957 4273; x_wconf 73' lang='lat' dir='ltr'><strong>haec</strong></span> <span class='ocrx_word' id='word_1_308' title='bbox 995 4231 1152 4275; x_wconf 77' lang='lat' dir='ltr'><strong>tumen</strong></span> <span class='ocrx_word' id='word_1_309' title='bbox 1205 4228 1386 4291; x_wconf 78' lang='lat' dir='ltr'><strong>perpeti</strong></span> <span class='ocrx_word' id='word_1_310' title='bbox 1437 4233 1650 4294; x_wconf 71' lang='lat' dir='ltr'><strong>potuere,</strong></span> 
     </span>
     <span class='ocr_line' id='line_1_53' title="bbox 591 4301 1648 4365; baseline 0.007 -15"><span class='ocrx_word' id='word_1_311' title='bbox 591 4316 732 4365; x_wconf 75' lang='lat' dir='ltr'><strong>quum</strong></span> <span class='ocrx_word' id='word_1_312' title='bbox 767 4306 824 4350; x_wconf 81' lang='lat' dir='ltr'><strong>ut</strong></span> <span class='ocrx_word' id='word_1_313' title='bbox 844 4301 945 4351; x_wconf 78' lang='lat' dir='ltr'><strong>acie</strong></span> <span class='ocrx_word' id='word_1_314' title='bbox 976 4303 1295 4354; x_wconf 76' lang='lat' dir='ltr'><strong>dimicarent.-</strong></span> <span class='ocrx_word' id='word_1_315' title='bbox 1336 4304 1648 4356; x_wconf 81' lang='lat' dir='ltr'><strong>subanditur</strong></span> 
     </span>
    </p>
   </div>
   <div class='ocr_carea' id='block_1_11' title="bbox 1718 3073 2792 4358">
    <p class='ocr_par' dir='ltr' id='par_1_14' title="bbox 1718 3073 2786 3300">
     <span class='ocr_line' id='line_1_54' title="bbox 1718 3073 2786 3148; baseline -0.01 -16"><span class='ocrx_word' id='word_1_316' title='bbox 1718 3097 1817 3148; x_wconf 86' lang='lat' dir='ltr'><strong>pro</strong></span> <span class='ocrx_word' id='word_1_317' title='bbox 1844 3096 1932 3132; x_wconf 75' lang='lat' dir='ltr'><strong>nec</strong></span> <span class='ocrx_word' id='word_1_318' title='bbox 1966 3080 2256 3140; x_wconf 85' lang='lat' dir='ltr'><strong>substituit,</strong></span> <span class='ocrx_word' id='word_1_319' title='bbox 2288 3076 2380 3127; x_wconf 88' lang='lat' dir='ltr'><strong>sed</strong></span> <span class='ocrx_word' id='word_1_320' title='bbox 2404 3076 2568 3126; x_wconf 81' lang='lat' dir='ltr'><strong>etiam</strong></span> <span class='ocrx_word' id='word_1_321' title='bbox 2605 3073 2786 3123; x_wconf 85' lang='lat' dir='ltr'><strong>dictio·</strong></span> 
     </span>
     <span class='ocr_line' id='line_1_55' title="bbox 1719 3150 2786 3223; baseline -0.011 -13"><span class='ocrx_word' id='word_1_322' title='bbox 1719 3175 1836 3210; x_wconf 88' lang='lat' dir='ltr'><strong>nem</strong></span> <span class='ocrx_word' id='word_1_323' title='bbox 1871 3174 2012 3223; x_wconf 75' lang='lat' dir='ltr'><strong>quam</strong></span> <span class='ocrx_word' id='word_1_324' title='bbox 2045 3156 2332 3218; x_wconf 84' lang='lat' dir='ltr'><strong>interserit,</strong></span> <span class='ocrx_word' id='word_1_325' title='bbox 2368 3150 2786 3217; x_wconf 75' lang='lat' dir='ltr'><strong>anteponendam</strong></span> 
     </span>
     <span class='ocr_line' id='line_1_56' title="bbox 1721 3236 2046 3300; baseline -0.015 -12"><span class='ocrx_word' id='word_1_326' title='bbox 1721 3236 1877 3288; x_wconf 80' lang='lat' dir='ltr'><strong>facile</strong></span> <span class='ocrx_word' id='word_1_327' title='bbox 1899 3241 2046 3300; x_wconf 88' lang='lat' dir='ltr'><strong>puto.</strong></span> 
     </span>
    </p>

    <p class='ocr_par' dir='ltr' id='par_1_15' title="bbox 1721 3300 2792 4297">
     <span class='ocr_line' id='line_1_57' title="bbox 1787 3300 2792 3363; baseline -0.006 -6"><span class='ocrx_word' id='word_1_328' title='bbox 1787 3321 1813 3357; x_wconf 73' lang='grc' dir='ltr'>ι</span> <span class='ocrx_word' id='word_1_329' title='bbox 1871 3312 1935 3362; x_wconf 77' lang='lat' dir='ltr'><strong>L.</strong></span> <span class='ocrx_word' id='word_1_330' title='bbox 1978 3309 2160 3360; x_wconf 70' lang='lat' dir='ltr'><strong>Furius</strong></span> <span class='ocrx_word' id='word_1_331' title='bbox 2201 3309 2314 3358; x_wconf 74' lang='lat' dir='ltr'><strong>inde</strong></span> <span class='ocrx_word' id='word_1_332' title='bbox 2354 3312 2403 3357; x_wconf 75' lang='lat' dir='ltr'><strong>et</strong></span> <span class='ocrx_word' id='word_1_333' title='bbox 2446 3306 2510 3354; x_wconf 84' lang='lat' dir='ltr'><strong>G.</strong></span> <span class='ocrx_word' id='word_1_334' title='bbox 2547 3300 2792 3363; x_wconf 65' lang='lat' dir='ltr'><strong>Mau-⁸]</strong></span> 
     </span>
     <span class='ocr_line' id='line_1_58' title="bbox 1721 3381 2789 3442; baseline -0.012 -2"><span class='ocrx_word' id='word_1_335' title='bbox 1721 3390 1879 3442; x_wconf 82' lang='lat' dir='ltr'><strong>Hunc</strong></span> <span class='ocrx_word' id='word_1_336' title='bbox 1900 3388 2156 3437; x_wconf 81' lang='lat' dir='ltr'><strong>Manlium</strong></span> <span class='ocrx_word' id='word_1_337' title='bbox 2182 3383 2375 3435; x_wconf 83' lang='lat' dir='ltr'><strong>Aulum</strong></span> <span class='ocrx_word' id='word_1_338' title='bbox 2401 3388 2562 3432; x_wconf 84' lang='lat' dir='ltr'><strong>vocat</strong></span> <span class='ocrx_word' id='word_1_339' title='bbox 2592 3381 2789 3442; x_wconf 78' lang='lat' dir='ltr'><strong>Diony·</strong></span> 
     </span>
     <span class='ocr_line' id='line_1_59' title="bbox 1721 3455 2792 3528; baseline -0.012 -12"><span class='ocrx_word' id='word_1_340' title='bbox 1721 3466 1864 3527; x_wconf 74' lang='lat' dir='ltr'><strong>sius3</strong></span> <span class='ocrx_word' id='word_1_341' title='bbox 1918 3462 2054 3528; x_wconf 88' lang='lat' dir='ltr'><strong>qnod</strong></span> <span class='ocrx_word' id='word_1_342' title='bbox 2098 3460 2340 3525; x_wconf 82' lang='lat' dir='ltr'><strong>Sigonius</strong></span> <span class='ocrx_word' id='word_1_343' title='bbox 2392 3457 2609 3523; x_wconf 79' lang='lat' dir='ltr'><strong>probat.</strong></span> <span class='ocrx_word' id='word_1_344' title='bbox 2696 3455 2792 3504; x_wconf 73' lang='lat' dir='ltr'><strong>Est</strong></span> 
     </span>
     <span class='ocr_line' id='line_1_60' title="bbox 1721 3531 2789 3601; baseline -0.011 -9"><span class='ocrx_word' id='word_1_345' title='bbox 1721 3543 1857 3592; x_wconf 88' lang='lat' dir='ltr'><strong>enim</strong></span> <span class='ocrx_word' id='word_1_346' title='bbox 1890 3540 2027 3590; x_wconf 88' lang='lat' dir='ltr'><strong>idem</strong></span> <span class='ocrx_word' id='word_1_347' title='bbox 2051 3538 2278 3589; x_wconf 85' lang='lat' dir='ltr'><strong>Manlius</strong></span> <span class='ocrx_word' id='word_1_348' title='bbox 2299 3536 2389 3601; x_wconf 90' lang='lat' dir='ltr'><strong>qui</strong></span> <span class='ocrx_word' id='word_1_349' title='bbox 2414 3535 2577 3599; x_wconf 77' lang='lat' dir='ltr'><strong>paulo</strong></span> <span class='ocrx_word' id='word_1_350' title='bbox 2602 3539 2723 3596; x_wconf 83' lang='lat' dir='ltr'><strong>post</strong></span> <span class='ocrx_word' id='word_1_351' title='bbox 2740 3531 2789 3580; x_wconf 76' lang='lat' dir='ltr'><strong>in</strong></span> 
     </span>
     <span class='ocr_line' id='line_1_61' title="bbox 1722 3607 2786 3676; baseline -0.013 -7"><span class='ocrx_word' id='word_1_352' title='bbox 1722 3616 2078 3668; x_wconf 80' lang='lat' dir='ltr'><strong>decemviratu</strong></span> <span class='ocrx_word' id='word_1_353' title='bbox 2119 3625 2175 3663; x_wconf 86' lang='lat' dir='ltr'><strong>et</strong></span> <span class='ocrx_word' id='word_1_354' title='bbox 2199 3628 2230 3662; x_wconf 86' lang='lat' dir='ltr'><strong>a</strong></span> <span class='ocrx_word' id='word_1_355' title='bbox 2250 3611 2508 3676; x_wconf 81' lang='lat' dir='ltr'><strong>Dionysio</strong></span> <span class='ocrx_word' id='word_1_356' title='bbox 2532 3615 2590 3659; x_wconf 90' lang='lat' dir='ltr'><strong>et</strong></span> <span class='ocrx_word' id='word_1_357' title='bbox 2622 3608 2689 3658; x_wconf 83' lang='lat' dir='ltr'><strong>ab</strong></span> <span class='ocrx_word' id='word_1_358' title='bbox 2710 3607 2786 3670; x_wconf 81' lang='lat' dir='ltr'><strong>ip·</strong></span> 
     </span>
     <span class='ocr_line' id='line_1_62' title="bbox 1722 3687 2787 3755; baseline -0.013 -9"><span class='ocrx_word' id='word_1_359' title='bbox 1722 3695 1789 3747; x_wconf 79' lang='lat' dir='ltr'><strong>so&#39;</strong></span> <span class='ocrx_word' id='word_1_360' title='bbox 1805 3694 1953 3745; x_wconf 86' lang='lat' dir='ltr'><strong>Livio</strong></span> <span class='ocrx_word' id='word_1_361' title='bbox 1971 3693 2093 3743; x_wconf 89' lang='lat' dir='ltr'><strong>Auli</strong></span> <span class='ocrx_word' id='word_1_362' title='bbox 2114 3690 2431 3755; x_wconf 76' lang='lat' dir='ltr'><strong>proenomiue</strong></span> <span class='ocrx_word' id='word_1_363' title='bbox 2454 3687 2787 3746; x_wconf 79' lang='lat' dir='ltr'><strong>designatur:</strong></span> 
     </span>
     <span class='ocr_line' id='line_1_63' title="bbox 1721 3759 2789 3831; baseline -0.013 -10"><span class='ocrx_word' id='word_1_364' title='bbox 1721 3771 1811 3821; x_wconf 86' lang='lat' dir='ltr'><strong>sed</strong></span> <span class='ocrx_word' id='word_1_365' title='bbox 1838 3778 2030 3829; x_wconf 87' lang='lat' dir='ltr'><strong>tamen,</strong></span> <span class='ocrx_word' id='word_1_366' title='bbox 2052 3774 2250 3831; x_wconf 74' lang='lat' dir='ltr'><strong>praeter</strong></span> <span class='ocrx_word' id='word_1_367' title='bbox 2267 3759 2789 3824; x_wconf 73' lang='lat' dir='ltr'><strong>Livium,Cassiodo·</strong></span> 
     </span>
     <span class='ocr_line' id='line_1_64' title="bbox 1726 3836 2789 3900; baseline -0.012 -5"><span class='ocrx_word' id='word_1_368' title='bbox 1726 3861 1813 3894; x_wconf 81' lang='lat' dir='ltr'><strong>rus</strong></span> <span class='ocrx_word' id='word_1_369' title='bbox 1836 3861 1899 3895; x_wconf 83' lang='lat' dir='ltr'><strong>ac</strong></span> <span class='ocrx_word' id='word_1_370' title='bbox 1934 3845 2198 3894; x_wconf 85' lang='lat' dir='ltr'><strong>Diodorus</strong></span> <span class='ocrx_word' id='word_1_371' title='bbox 2232 3841 2309 3892; x_wconf 88' lang='lat' dir='ltr'><strong>M.</strong></span> <span class='ocrx_word' id='word_1_372' title='bbox 2329 3838 2585 3888; x_wconf 87' lang='lat' dir='ltr'><strong>Manlium</strong></span> <span class='ocrx_word' id='word_1_373' title='bbox 2612 3836 2789 3900; x_wconf 81' lang='lat' dir='ltr'><strong>appel·</strong></span> 
     </span>
     <span class='ocr_line' id='line_1_65' title="bbox 1721 3914 2786 3987; baseline -0.012 -15"><span class='ocrx_word' id='word_1_374' title='bbox 1721 3924 1856 3982; x_wconf 87' lang='lat' dir='ltr'><strong>lant,</strong></span> <span class='ocrx_word' id='word_1_375' title='bbox 1889 3929 2045 3987; x_wconf 83' lang='lat' dir='ltr'><strong>atque</strong></span> <span class='ocrx_word' id='word_1_376' title='bbox 2067 3917 2150 3969; x_wconf 85' lang='lat' dir='ltr'><strong>bic</strong></span> <span class='ocrx_word' id='word_1_377' title='bbox 2174 3917 2376 3967; x_wconf 79' lang='lat' dir='ltr'><strong>Manlio</strong></span> <span class='ocrx_word' id='word_1_378' title='bbox 2398 3916 2655 3971; x_wconf 80' lang='lat' dir='ltr'><strong>Volsonis,</strong></span> <span class='ocrx_word' id='word_1_379' title='bbox 2678 3914 2786 3961; x_wconf 78' lang='lat' dir='ltr'><strong>slve</strong></span> 
     </span>
     <span class='ocr_line' id='line_1_66' title="bbox 1722 3989 2784 4064; baseline -0.013 -15"><span class='ocrx_word' id='word_1_380' title='bbox 1722 3999 1809 4064; x_wconf 90' lang='lat' dir='ltr'><strong>(ut</strong></span> <span class='ocrx_word' id='word_1_381' title='bbox 1835 3999 2121 4048; x_wconf 82' lang='lat' dir='ltr'><strong>Marlianus</strong></span> <span class='ocrx_word' id='word_1_382' title='bbox 2157 3992 2384 4055; x_wconf 83' lang='lat' dir='ltr'><strong>mavult)</strong></span> <span class='ocrx_word' id='word_1_383' title='bbox 2403 3991 2668 4050; x_wconf 85' lang='lat' dir='ltr'><strong>Vulsonis,</strong></span> <span class='ocrx_word' id='word_1_384' title='bbox 2690 3989 2784 4037; x_wconf 73' lang='lat' dir='ltr'><strong>Fa·</strong></span> 
     </span>
     <span class='ocr_line' id='line_1_67' title="bbox 1724 4063 2785 4135; baseline -0.015 -8"><span class='ocrx_word' id='word_1_385' title='bbox 1724 4078 1802 4126; x_wconf 88' lang='lat' dir='ltr'><strong>rio</strong></span> <span class='ocrx_word' id='word_1_386' title='bbox 1822 4072 2102 4125; x_wconf 84' lang='lat' dir='ltr'><strong>Medullini</strong></span> <span class='ocrx_word' id='word_1_387' title='bbox 2117 4082 2403 4135; x_wconf 85' lang='lat' dir='ltr'><strong>cognomen</strong></span> <span class='ocrx_word' id='word_1_388' title='bbox 2427 4067 2665 4117; x_wconf 79' lang='lat' dir='ltr'><strong>ascribit.</strong></span> <span class='ocrx_word' id='word_1_389' title='bbox 2687 4063 2785 4113; x_wconf 74' lang='lat' dir='ltr'><strong>His</strong></span> 
     </span>
     <span class='ocr_line' id='line_1_68' title="bbox 1724 4153 2783 4205; baseline -0.016 0"><span class='ocrx_word' id='word_1_390' title='bbox 1724 4153 1983 4205; x_wconf 80' lang='lat' dir='ltr'><strong>consulib.</strong></span> <span class='ocrx_word' id='word_1_391' title='bbox 2006 4163 2190 4200; x_wconf 81' lang='lat' dir='ltr'><strong>census</strong></span> <span class='ocrx_word' id='word_1_392' title='bbox 2213 4155 2364 4198; x_wconf 73' lang='lat' dir='ltr'><strong>actus</strong></span> <span class='ocrx_word' id='word_1_393' title='bbox 2378 4153 2493 4195; x_wconf 83' lang='lat' dir='ltr'><strong>est:</strong></span> <span class='ocrx_word' id='word_1_394' title='bbox 2528 4157 2682 4193; x_wconf 76' lang='lat' dir='ltr'><strong>censa</strong></span> <span class='ocrx_word' id='word_1_395' title='bbox 2699 4155 2783 4189; x_wconf 77' lang='lat' dir='ltr'><strong>ca·</strong></span> 
     </span>
     <span class='ocr_line' id='line_1_69' title="bbox 1725 4225 2723 4297; baseline -0.014 -14"><span class='ocrx_word' id='word_1_396' title='bbox 1725 4232 1892 4297; x_wconf 79' lang='lat' dir='ltr'><strong>pitnrn</strong></span> <span class='ocrx_word' id='word_1_397' title='bbox 1917 4243 2090 4280; x_wconf 83' lang='lat' dir='ltr'><strong>cxxx.</strong></span> <span class='ocrx_word' id='word_1_398' title='bbox 2110 4241 2173 4278; x_wconf 76' lang='lat' dir='ltr'><strong>m.</strong></span> <span class='ocrx_word' id='word_1_399' title='bbox 2199 4234 2252 4276; x_wconf 92' lang='lat' dir='ltr'><strong>et</strong></span> <span class='ocrx_word' id='word_1_400' title='bbox 2273 4225 2474 4290; x_wconf 87' lang='lat' dir='ltr'><strong>aliquot</strong></span> <span class='ocrx_word' id='word_1_401' title='bbox 2498 4225 2723 4286; x_wconf 82' lang='lat' dir='ltr'><strong>insuper.</strong></span> 
     </span>
    </p>

    <p class='ocr_par' dir='ltr' id='par_1_16' title="bbox 1789 4306 2242 4358">
     <span class='ocr_line' id='line_1_70' title="bbox 1789 4306 2242 4358; baseline -0.02 2"><span class='ocrx_word' id='word_1_402' title='bbox 1789 4308 1820 4338; x_wconf 78' lang='lat'><strong>&#39;¹</strong></span> <span class='ocrx_word' id='word_1_403' title='bbox 1855 4307 1923 4358; x_wconf 81' lang='lat' dir='ltr'><strong>A.</strong></span> <span class='ocrx_word' id='word_1_404' title='bbox 1949 4306 2019 4357; x_wconf 86' lang='lat' dir='ltr'><strong>U.</strong></span> <span class='ocrx_word' id='word_1_405' title='bbox 2043 4306 2104 4355; x_wconf 88' lang='lat' dir='ltr'><strong>C.</strong></span> <span class='ocrx_word' id='word_1_406' title='bbox 2127 4307 2242 4353; x_wconf 74' lang='lat'><strong>279.</strong></span> 
     </span>
    </p>
   </div>
   <div class='ocr_carea' id='block_1_12' title="bbox 2940 1192 2948 2067">
    <p class='ocr_par' dir='ltr' id='par_1_17' title="bbox 2940 1192 2948 2067">
     <span class='ocr_line' id='line_1_71' title="bbox 2940 1192 2948 2067; baseline 0 0"><span class='ocrx_word' id='word_1_407' title='bbox 2940 1192 2948 2067; x_wconf 95' lang='lat' dir='ltr'><strong> </strong></span> 
     </span>
    </p>
   </div>
  </div>
 </body>
</html>
