3034 4925
602 383 734 458 508
813 450 820 461 .

606 552 926 617 cedentes
953 548 1222 615 viatori.
1287 547 1462 613 Tum
1489 566 1580 613 ex
1611 546 1718 613 his
1748 545 2065 632 prehendi
2104 546 2442 632 quosdam
2472 543 2794 623 Laetorius

595 656 813 740 jubet.
884 651 1137 719 Consul
1175 648 1450 735 Appius
1488 669 1755 734 negare,
1795 650 1913 735 jus
1962 670 2117 715 esse
2160 651 2433 716 tribuno
2481 651 2555 715 in
2600 670 2793 734 queu-

605 776 831 843 quam‚
882 754 1015 819 nisi
1061 755 1132 817 iu
1179 752 1567 838 plebeium-¹¹
1654 751 1816 818 Non
1859 753 2034 816 enim
2082 752 2347 836 populi,
2397 751 2521 816 sed
2563 752 2791 835 plebia,

604 878 760 924 eum
808 857 1265 939 magistratum
1299 875 1474 920 esse·
1546 855 1700 922 Nec
1735 855 1923 921 illum
1951 856 2174 940 ipsum
2215 873 2649 919 summovere
2676 873 2792 937 pro

601 961 928 1044 imperio¹
990 977 1196 1042 posse
1241 978 1422 1022 more
1474 957 1840 1041 maJornm3
1893 959 2055 1042 quia
2105 958 2206 1022 ita
2256 957 2625 1021 dicatur:5
2668 963 2686 991 ‘
2720 955 2792 1021 Si

603 1064 800 1152 vobis
843 1061 1125 1140 videtur,
1165 1059 1512 1140 discedite,
1565 1058 1916 1140 Quirites?
2003 1061 2236 1127 Facile
2280 1070 2352 1125 et
2409 1060 2794 1125 contemtim

601 1166 686 1230 de
701 1164 850 1249 jure
880 1163 1273 1229 disserendo
1304 1164 1698 1247 perturbare
1721 1163 2087 1228 Laetorium
2114 1161 2423 1246 poteram
2441 1168 2470 1196 ²
2544 1161 2795 1226 Ardens

599 1267 795 1350 igitur
837 1267 938 1332 ira
986 1268 1286 1333 tribunus
1330 1268 1659 1332 viatorem
1707 1267 1946 1331 mittit⁸
1993 1266 2083 1330 ad
2132 1265 2529 1330 consulem:
2578 1263 2795 1328 consul

1539 395 1608 451 T·
1656 397 1845 450 mvn

1512 1430 1603 1450 00&
1607 1429 1753 1453 ΝΜΟ
1757 1429 1876 1452 0000

599 1513 630 1547 a
666 1498 905 1563 Mogunt.
939 1497 1003 1547 ad
1043 1497 1294 1557 Drsk.-†
1330 1498 1344 1525 ‘
1364 1497 1532 1549 Facile
1564 1496 1776 1560 dejure,
1809 1502 1858 1547 et
1890 1495 2178 1558 contentam,
2212 1494 2494 1545 disserendo
2530 1495 2798 1559 pertin-bre

595 1564 855 1613 Laterium
890 1569 1095 1627 potmt.
1156 1563 1243 1613 Sic
1267 1564 1426 1612 verba
1451 1579 1553 1612 non
1577 1573 1679 1612 tam
1694 1561 1983 1626 jungenda,
2007 1576 2157 1626 quatu
2181 1562 2388 1610 omnino
2412 1561 2797 1627 transponenda

598 1628 905 1678 crediderim
944 1628 994 1677 li.
1031 1628 1066 1675 l.
1103 1627 1189 1675 ubi
1215 1628 1421 1692 quidam
1454 1627 1514 1676 τὸ
1549 1634 1598 1678 et
1630 1628 1925 1689 delendum,
1962 1628 2048 1676 alii
2086 1641 2179 1690 pro
2202 1640 2266 1674 eo
2287 1632 2406 1686 tum,
2432 1626 2523 1674 vel
2545 1631 2687 1688 parat
2710 1640 2795 1687 pro

593 1699 779 1755 poterat
800 1691 1233 1754 substituendum,
1256 1700 1312 1742 et
1334 1694 1420 1743 alii
1442 1694 1666 1760 denique
1683 1694 1837 1753 facile
1860 1701 1967 1743 turn
1992 1692 2057 1742 ad
2075 1696 2282 1759 potunt,
2302 1698 2412 1741 tum
2437 1690 2511 1743 ad
2535 1690 2796 1740 disserendo

1588 1800 1638 1853 N
1647 1801 1803 1853 01·AE

594 1895 673 1947 bit
694 1898 782 1950 lib.
808 1914 911 1953 vu.

658 1984 682 2010 ¹¹
716 1978 810 2027 Jus
829 1993 927 2028 esse
949 1976 1136 2029 tribuno
1167 1978 1219 2031 in
1256 1980 1532 2042 quenquam,
1553 1974 1652 2028 nisa·

589 2051 643 2100 its
661 2044 913 2118 plebeium]
960 2054 1271 2105 Tribunatus
1302 2070 1418 2104 cum
1445 2070 1476 2104 a
1498 2054 1651 2118 plebe

592 2130 905 2181 constitutus
942 2130 1030 2190 sit,
1070 2145 1173 2180 non
1221 2130 1428 2180 videtur
1468 2144 1652 2179 revera

593 2211 909 2267 potestatem
932 2206 1124 2257 babere
1149 2207 1389 2257 debuisse
1412 2207 1462 2255 in
1487 2208 1651 2270 patri·

591 2281 697 2330 cios
722 2286 776 2331 et
810 2282 1104 2334 Senatores.
1171 2284 1388 2334 Constat
1422 2285 1561 2333 enim
1597 2284 1649 2334 in

589 2357 824 2422 populari
848 2367 987 2411 statu
1010 2360 1073 2410 ab
1101 2361 1335 2411 omnibus
1361 2361 1652 2424 ordinibus,

587 2443 681 2488 aut
718 2449 749 2487 a
781 2436 962 2501 majori
987 2445 1134 2502 parte
1158 2453 1350 2495 eorum,
1386 2439 1653 2504 eligendos

589 2526 727 2575 esse,
748 2514 836 2578 qui
861 2515 1132 2578 imperium
1151 2518 1201 2565 in
1222 2530 1400 2566 omnes
1423 2516 1652 2567 habituri

586 2595 741 2638 sunt:
781 2591 1016 2654 quoniam
1040 2591 1094 2640 in
1127 2591 1294 2642 libera
1328 2608 1438 2657 rep.
1460 2591 1652 2657 privati

588 2678 689 2713 non
714 2664 811 2714 nisi
835 2665 1025 2715 civium
1062 2681 1311 2717 consensu
1336 2675 1651 2732 potestatem

588 2740 850 2803 publicam
874 2741 1091 2804 adipisci
1116 2752 1352 2807 possunt.
1406 2744 1538 2793 Ideo
1561 2759 1652 2808 pa·

588 2816 853 2866 tticiorum
893 2818 1039 2882 ordo,
1075 2833 1189 2868 cum
1223 2820 1275 2869 in
1300 2821 1537 2870 creandis
1562 2821 1651 2871 tri·

589 2890 739 2940 bunis
757 2907 857 2942 non
880 2904 1227 2951 concurreret,
1245 2896 1319 2945 eis
1338 2911 1395 2947 se
1411 2911 1512 2946 non
1529 2896 1649 2950 sub-

577 2966 840 3030 jiciebat:
877 2976 1035 3035 atque
1076 2971 1151 3021 ita
1185 2971 1314 3020 nibil
1327 2962 1465 3037 juris
1487 2973 1539 3021 in
1562 2986 1650 3022 eos

589 3040 797 3091 tribuno
830 3045 1183 3109 competebat,
1221 3062 1320 3097 nec
1350 3062 1439 3099 eos
1474 3047 1540 3101 ad
1565 3063 1650 3099 co·

587 3116 733 3164 mitia
767 3133 860 3167 sua
900 3122 1119 3171 vocandi
1150 3123 1379 3174 habebat
1421 3132 1649 3189 potesta·

589 3196 715 3239 tem.
748 3190 811 3239 In
834 3192 1065 3255 plebeios
1082 3196 1288 3261 quidem
1313 3198 1509 3249 tribuni
1535 3214 1650 3264 pre·

586 3265 885 3316 lien-sionem
908 3266 1204 3323 habebant:
1240 3287 1340 3323 non
1367 3282 1561 3338 tamen,
1585 3289 1650 3326 ne

587 3340 640 3389 in
657 3352 746 3390 eos
764 3342 1325 3407 quidem,vocationem
1350 3352 1494 3417 injus
1508 3368 1524 3401 ε
1549 3368 1651 3418 qua

589 3418 730 3492 deJe
765 3420 968 3471 Gellius
994 3436 1061 3472 ex
1084 3424 1263 3476 Atteio
1295 3427 1551 3493 Capitone
1563 3430 1650 3492 ju·

586 3497 892 3549 risconsulto
914 3501 1003 3551 lib.
1025 3514 1153 3553 xm.
1177 3519 1223 3554 c.
1244 3510 1322 3555 12.
1374 3508 1526 3557 Unde
1552 3522 1650 3558 nec

587 3573 799 3625 lictores
838 3577 982 3641 ipsis,
1025 3580 1119 3629 sed
1166 3581 1390 3633 viatores
1431 3598 1648 3648 appare·

533 3701 541 3707 ,
589 3649 734 3701 baut.
782 3653 979 3703 Verum
1004 3669 1359 3719 saepenumero
1383 3666 1647 3721 potestate

590 3739 681 3775 sua
704 3727 1070 3780 abutebantur.

649 3809 676 3835 ¹
708 3802 1007 3864 &ammovere
1017 3821 1103 3870 pro
1123 3807 1343 3873 imperio]
1367 3809 1648 3874 Imperium

589 3875 781 3927 tribuni
820 3880 1014 3930 nullum
1054 3883 1201 3933 initio
1233 3885 1515 3942 habebant,
1548 3902 1649 3936 non

590 3950 743 3998 modo
767 3966 960 4003 merum
991 3956 1127 4022 {ntra
1157 3958 1373 4021 Urbem,
1396 3962 1535 4026 quod
1564 3977 1653 4026 po·

589 4022 745 4072 situm
778 4029 935 4078 estin
963 4031 1081 4092 jure
1121 4034 1566 4087 animadvertendi
1601 4040 1653 4089 in

588 4095 903 4149 facinorosos
958 4106 1204 4170 honiines,
1241 4119 1351 4161 ’aut
1403 4114 1654 4175 militare,

589 4174 663 4223 illi
689 4172 859 4238 affine,
882 4192 981 4241 quo
1004 4184 1298 4234 continetur
1315 4185 1534 4239 facultas
1559 4192 1648 4241 mi·

567 4250 704 4324 ‘lites
730 4263 1051 4305 sacramento
1074 4259 1340 4323 adigendi,
1359 4265 1646 4315 exercitum

590 4326 832 4393 ducendi,
885 4331 1175 4398 bellumque
1234 4340 1464 4402 gerendi.
1544 4342 1650 4393 Sed

1733 1914 1831 1952 nec
1846 1902 2086 1966 mixtum,
2107 1900 2243 1966 qiiod
2261 1900 2627 1966 jurisdictioni
2644 1900 2795 1950 eobae·

1735 1986 1832 2036 ret,
1852 1986 1907 2029 et
1930 1979 1982 2028 in
1992 1978 2248 2040 jubendo,
2266 1977 2516 2039 vetando,
2538 1977 2695 2042 inque
2713 1990 2795 2025 ex·

1731 2056 1981 2121 equendis
2006 2056 2160 2105 rebus
2173 2055 2431 2119 judicatis
2455 2053 2715 2104 consistit.

1795 2140 1818 2181 1
1854 2131 1983 2188 Quia
2003 2132 2075 2181 ita
2095 2131 2304 2196 dicutur]
2334 2132 2548 2189 Viator,
2585 2131 2677 2196 qni
2714 2129 2795 2178 tri·

1733 2207 1923 2258 bunum
1943 2207 2107 2271 plebis
2131 2207 2468 2271 precedebat
2489 2207 2556 2256 ad
2583 2219 2797 2255 summo·

1733 2285 1949 2334 vendam
1973 2285 2380 2346 multitudinem,
2397 2285 2499 2334 hac
2524 2284 2795 2334 verborum

1731 2358 1955 2411 formula
1985 2360 2264 2422 utebatnr3
2298 2375 2415 2425 quae
2453 2375 2557 2410 non
2583 2361 2798 2423 impera·

1735 2436 1862 2500 tiva,
1885 2436 2112 2498 directa,
2136 2436 2370 2499 legitima
2396 2444 2532 2504 erat,
2554 2444 2794 2501 tanquan

1734 2512 1970 2562 absolute
2011 2513 2260 2579 jubentis,
2299 2511 2391 2562 sed
2435 2513 2711 2577 precativa
2747 2517 2797 2564 et

1733 2589 1875 2638 velut
1911 2590 2156 2651 rogantis,
2178 2590 2233 2639 Si
2268 2588 2411 2638 vobis
2447 2588 2677 2651 videtur,
2699 2591 2795 2638 &e-

1732 2664 1871 2730 quod
1893 2671 2251 2729 argumentum
2272 2672 2383 2715 crat
2398 2679 2500 2714 non
2517 2665 2692 2728 plenae
2711 2679 2795 2729 po·

1733 2739 1958 2804 testatis,
1975 2741 2067 2790 sed
2094 2755 2242 2805 paene
2266 2741 2543 2805 precariae.

1793 2826 1815 2851 ²
1848 2818 2139 2872 Perturbare
2171 2818 2431 2868 Loetorium
2461 2818 2682 2883 poterat]
2731 2817 2795 2869 11-

1731 2892 1821 2943 lud
1846 2900 2037 2959 poterat
2074 2895 2257 2944 merito
2295 2894 2626 2958 improbatur
2663 2895 2795 2946 Gro-

1730 2971 1901 3032 novio,
1923 2970 2150 3035 nt-cujus
2174 2971 2342 3019 nullus
2364 2971 2449 3019 bic
2478 2971 2550 3021 sit
2581 2970 2794 3021 idoneus

1729 3060 1928 3096 sensus.
1962 3046 2224 3110 Scriptum
2245 3054 2426 3097 censet
2448 3047 2516 3097 ab
2542 3046 2795 3108 Auctore,

1726 3121 2003 3186 perturbare
2020 3122 2282 3172 Laterium
2299 3129 2445 3186 purat
2458 3139 2476 3173 .·
2508 3138 2615 3188 quo
2635 3123 2793 3173 verbo

1728 3212 1871 3262 saepe
1905 3212 2024 3247 usus
2068 3197 2261 3248 Livius.
2325 3197 2408 3247 An
2435 3199 2616 3263 potius
2635 3215 2796 3265 prope·

1728 3282 1805 3326 rut
1821 3283 1841 3327 ?

1792 3360 1816 3387 ⁸
1850 3350 2081 3402 Tribunus
2115 3341 2345 3405 viatorem
2378 3353 2565 3418 mucis]
2620 3354 2794 3420 Appa-

1729 3428 1941 3478 ritorum
1987 3430 2227 3493 generale
2271 3444 2461 3480 nomen
2502 3431 2575 3480 ad
2619 3445 2793 3481 omues

1729 3506 2121 3569 magistratuum
2148 3507 2410 3557 ministros
2427 3507 2691 3571 pertinet,
2710 3510 2792 3574 qni

1730 3584 2121 3647 magistratibus
2142 3584 2495 3648 apparebant,
2509 3600 2793 3650 eorumque

1729 3658 1948 3721 imperio
1986 3666 2180 3722 praesto
2218 3665 2388 3716 erant,
2413 3666 2475 3709 ut
2508 3674 2693 3710 eorum
2725 3661 2794 3710 illi

1729 3734 2014 3785 ministerio
2048 3734 2103 3784 in
2144 3734 2466 3800 exequendis
2489 3736 2655 3799 jussis
2694 3737 2793 3786 suis

1729 3819 2028 3859 uterentur.-
2062 3824 2176 3875 quae
2213 3824 2425 3860 munera
2457 3811 2663 3862 libertis
2684 3811 2793 3863 fere

1729 3886 1834 3935 suis
1891 3887 2223 3949 magistratus
2282 3885 2404 3935 olim
2461 3889 2794 3938 mandabant·

1728 3961 1929 4011 Horum
1954 3962 2158 4025 species
2194 3961 2341 4012 fuere
2364 3964 2616 4027 viatores,
2638 3979 2709 4015 ex
2733 3979 2793 4015 eo

1730 4039 1875 4101 dicti,
1906 4044 2121 4087 auctore
2156 4040 2334 4100 Festo,
2369 4039 2507 4103 quod
2535 4055 2654 4089 etun
2696 4040 2795 4089 Ro·

1727 4129 1989 4164 manorum
2012 4115 2246 4179 plerique
2271 4116 2323 4164 in
2349 4117 2489 4178 agris
2516 4116 2648 4165 Urbi
2673 4118 2795 4167 vici·

1726 4190 1804 4239 nis
1825 4188 2029 4239 assidue
2052 4191 2454 4246 rusticareutun
2489 4191 2675 4240 horum
2702 4192 2791 4241 nsi·

1724 4265 2003 4315 nistrorum
2027 4257 2189 4330 ope'ra
2211 4264 2274 4314 ad
2312 4279 2405 4315 eos
2428 4267 2585 4328 jussu
2606 4268 2793 4331 magis·

1725 4348 1957 4395 tratuum
2009 4342 2299 4393 evocandos
2335 4342 2573 4393 crebrior
2613 4343 2669 4394 in
2712 4344 2792 4396 via
