3034 4925
1068 376 1213 425 ms.
1264 378 1315 427 1.
1363 378 1530 429 ese.
1578 361 1686 428 18.

2347 367 2480 433 223

284 526 350 586 et
378 517 712 598 Crotona,¹
745 520 1066 605 juvenum
1097 522 1559 588 aemulantium
1589 520 1863 589 studia*
1893 530 2119 590 coetus
2148 524 2474 591 habuisse

283 628 562 688 constat·
655 622 761 687 Ex
789 622 1040 711 quibus
1069 624 1269 703 locis,
1299 625 1431 691 etsi
1463 624 1773 709 ejusdem
1803 628 2022 693 aetatis
2051 629 2308 706 fuisset,
2341 648 2479 712 qua

280 725 453 789 fama
482 727 551 789 in
582 723 922 804 Sabinus,¹
954 733 1072 791 aut
1093 747 1229 811 quo
1260 728 1506 812 linguae
1529 733 1954 809 commercio,
1979 752 2359 816 quenquam
2387 730 2474 795 ad

282 829 726 911 cupiditatem
756 829 1058 895 discendi
1107 831 1521 896 excivisset?
1540 830 1612 881 ⁶³
1658 853 1877 916 quove
1930 835 2251 917 praesidio
2300 853 2475 898 unus

279 951 390 1014 per
432 936 533 997 tot
575 937 821 1016 genteS,
862 933 1238 999 dissonaem
1283 953 1592 1000 sermone
1636 938 2093 1022 moribusque,
2133 938 2478 1022 pervenis-

336 1106 361 1139 !
395 1098 501 1154 Qua
523 1100 729 1149 nominis
745 1102 819 1148 sui
829 1099 970 1160 sama
991 1115 1134 1165 usque
1154 1102 1218 1163 ad
1241 1101 1444 1151 Sabinos
1462 1104 1666 1165 perlata,
1689 1119 1836 1166 quoue
1861 1105 2088 1154 sermonis
2107 1120 2196 1154 usu
2214 1070 2375 1154 mutuo
2393 1117 2474 1167 po-

278 1164 437 1213 tuisset
456 1167 715 1229 quempiam
737 1168 800 1215 ad
819 1167 1084 1231 cupidinem
1105 1182 1137 1216 a
1155 1182 1207 1216 ss
1227 1167 1411 1231 aliquid
1431 1169 1709 1218 addiscendi
1730 1171 1972 1220 excitare?

1185 1312 1337 1331 ‘m‘
1341 1312 1553 1332 W‘O

333 1414 364 1458 6
397 1411 618 1461 ‘Rauen
643 1419 788 1462 recte
811 1420 986 1463 monet
1010 1429 1106 1463 uon
1139 1414 1204 1464 de
1230 1415 1418 1465 Numae
1460 1420 1548 1464 aut
1585 1413 1864 1479 cujuslibet
1901 1413 2082 1463 audire
2117 1412 2474 1476 Pythagoram

276 1476 543 1538 cupientis,
565 1479 657 1528 sed
682 1480 747 1526 de
769 1480 928 1542 ipsius
955 1480 1271 1544 Pythagorae
1298 1481 1430 1530 fama
1454 1481 1504 1529 h.
1531 1482 1567 1527 Ι.
1604 1494 1892 1530 sermonem
1928 1494 2063 1543 esse,
2100 1477 2332 1543 adeoque
2368 1490 2472 1526 non

276 1555 382 1589 cum
419 1543 653 1592 Gronov.
683 1543 879 1609 (Drak.
901 1545 1100 1596 Stroth.
1126 1552 1182 1595 et
1203 1546 1359 1608 Ern.)
1382 1562 1412 1596 e
1447 1548 1581 1596 Mss.
1619 1555 1673 1595 et
1707 1546 1828 1595 edd.
1865 1553 2000 1595 antt.
2036 1545 2329 1609 legendum,
2368 1556 2474 1606 qua

262 1605 391 1662 fama
426 1608 481 1669 3²⁸.
498 1608 700 1657 Sabinos
726 1609 996 1673 excivisset,
1025 1619 1295 1661 evocasset
1336 1613 1688 1675 Pythagoram
1710 1611 1773 1660 ud
1804 1611 2027 1661 Numam
2062 1607 2294 1658 discendi
2326 1606 2472 1670 cupi-

276 1669 420 1720 dum?
477 1674 579 1722 Sed
605 1672 740 1724 forte
762 1678 864 1737 leg.
887 1676 1127 1739 quusunm
1150 1677 1204 1725 in
1224 1676 1429 1727 Sabinos
1460 1678 1578 1734 latu,
1607 1693 1695 1740 quo
1718 1678 1899 1739 lingua
1934 1674 2228 1736 commercio,
2265 1674 2342 1722 vel
2380 1685 2475 1734 que

238 1735 391 1805 ,samu
410 1741 509 1788 tum
525 1738 746 1797 Sabinos,
768 1746 852 1789 aut
874 1757 979 1804 quo,
1001 1744 1084 1804 dfe.
1119 1740 1297 1792 forsan
1321 1750 1376 1792 et
1396 1743 1454 1792 ob
1473 1744 1783 1806 cupiditatem
1799 1741 2048 1792 discendi?
2071 1741 2295 1804 Rupert.
2358 1738 2469 1795 Qua

1274 1891 1488 1941 NOTAE

272 1981 446 2033 liorum
490 1999 626 2047 opus
683 1983 800 2035 fnit.
869 1985 946 2035 Eo
1002 1987 1329 2051 Pythagoras
1403 1989 1657 2054 quoesama
1676 1989 1730 2038 in
1752 1988 1972 2040 Sabinos.
2042 1986 2146 2037 Ubi
2168 1985 2325 2035 facile
2349 1999 2471 2046 sup·

273 2060 442 2131 relicta
475 2063 707 2112 Crotone
748 2062 972 2129 transiit,
1005 2064 1179 2129 ibique
1215 2063 1326 2115 fato

274 2141 542 2189 concessit.

327 2213 349 2247 ¹¹
382 2216 778 2284 Heracleamque]
836 2217 1104 2269 Heraclea
1140 2219 1253 2270 haec
1294 2235 1326 2269 a

271 2291 579 2354 Tarentinis,
624 2308 726 2343 uon
773 2296 951 2356 procul
984 2294 1113 2344 Siris
1160 2296 1324 2345 amuis

276 2360 416 2425 ostio,
451 2369 669 2419 condita
700 2368 800 2420 fuit
822 2371 871 2418 iu
906 2385 1095 2435 magna
1119 2386 1323 2436 quoque

271 2442 464 2496 Graecia
484 2458 682 2511 oreque
719 2447 979 2497 Lucauiae.
1041 2448 1172 2497 Siris
1199 2464 1322 2500 vero

271 2520 384 2570 urbs
424 2523 489 2571 sd
532 2521 683 2573 fluvii
737 2526 1058 2588 cognominis
1113 2526 1322 2584 ostium,

268 2597 601 2662 Trojauorum
638 2600 703 2649 ab
734 2600 879 2651 initio
903 2603 1123 2661 colonia,
1153 2611 1322 2653 traus-

270 2673 325 2723 iit
368 2676 416 2724 in
470 2677 907 2728 Heracleotarum
949 2680 1172 2729 navale:
1233 2680 1322 2744 bae

269 2763 473 2817 rumque
505 2754 710 2804 urbium
743 2758 948 2806 uomina
978 2756 1049 2806 ob
1082 2757 1321 2807 viciniam

268 2828 646 2881 confunduntur
675 2847 706 2881 a
734 2833 921 2884 Plinio.
988 2835 1113 2884 Fuit
1150 2834 1320 2885 Hera·

267 2907 374 2955 elea
393 2923 453 2959 ea
476 2907 596 2958 fere
630 2911 840 2973 regione
874 2910 965 2960 ubi
988 2925 1125 2961 nunc
1149 2912 1324 2963 Amen·

266 2983 433 3048 dolam,
469 2986 778 3037 milliaribus
817 2987 1031 3038 circiter
1068 2993 1151 3039 18.
1191 2988 1324 3041 infru

269 3060 555 3114 Basilicatae
580 3064 829 3130 oppidum
857 3065 1014 3117 Tur-si.

325 3138 340 3172 ί
368 3142 432 3189 Et
458 3141 696 3206 Crotona]
747 3142 870 3193 Fuit
907 3143 1087 3193 croton
1119 3158 1320 3208 magnae

268 3215 477 3269 Graeciae
503 3221 629 3269 urbs
653 3219 771 3270 olim
796 3221 1127 3273 celeberrime
1152 3225 1203 3274 in
1228 3240 1322 3275 ora

267 3292 574 3362 Brutiorum,
596 3312 752 3361 supra
781 3300 1049 3350 Lacinium
1085 3316 1320 3364 promon-

268 3372 461 3437 torium,
480 3375 546 3424 ad
568 3376 730 3425 AEsari
751 3379 917 3427 amnis
941 3377 1108 3439 ostia3
1135 3393 1318 3429 nomeu

247 3444 365 3498 ,fere
379 3460 553 3502 servat
572 3454 626 3501 in
644 3468 736 3504 ora
752 3454 1002 3504 Calabriae
1019 3456 1286 3507 ulterioris
1302 3476 1318 3518 ;

268 3524 553 3592 diciturque
602 3531 756 3595 vulgo
802 3533 1049 3585 Coti-one:
1118 3533 1319 3585 Latinis

272 3601 426 3668 Croto,
457 3607 540 3654 vel
568 3606 797 3656 Crotona.

323 3678 347 3713 Β
375 3682 615 3732 Juvenum
641 3686 965 3736 melantium
995 3687 1181 3752 studia]
1231 3690 1319 3738 AE-

266 3758 372 3806 mai
420 3767 475 3808 et
516 3762 791 3811 cumulantes
835 3777 928 3827 pro
970 3765 1317 3814 sectatoribus

269 3835 605 3898 accipiuntur,
652 3840 814 3889 veluti
866 3839 1006 3904 apud
1064 3841 1177 3890 Cic.
1222 3856 1318 3905 pro

267 3909 521 3962 Muraens:
558 3916 574 3942 ‘
596 3914 692 3964 Ille
718 3918 931 3967 aemulus
955 3925 1115 3982 utque
1147 3919 1318 3969 imita·

268 3993 343 4036 tor
381 3989 668 4040 studiorum
725 3994 993 4044 meorum!
1062 3996 1132 4044 Et
1177 3995 1315 4060 apud

268 4066 473 4115 eundem
492 4083 507 4115 τ
530 4070 546 4096 ‘
563 4068 785 4119 Zenonis
802 4072 1127 4122 inventorum
1144 4073 1315 4123 aemuli

267 4138 418 4189 Stoici
440 4145 804 4196 nominantur!

332 4216 345 4248 ¹
376 4220 623 4280 Quusama
645 4224 695 4272 in
709 4223 935 4289 Sabinos]
961 4226 1158 4278 Omnes
1184 4228 1313 4278 Mss.

270 4302 557 4346 constanter
588 4300 638 4349 in
654 4302 950 4353 nominandi
968 4319 1092 4354 casu
1109 4306 1319 4368 liabent,

1404 2067 1550 2131 pleas
1565 2068 1876 2132 pervenisset,
1894 2072 1982 2115 aut
1997 2078 2187 2114 manure
2205 2062 2464 2129 potuisset:

1402 2160 1502 2209 qua
1525 2145 1724 2195 ratione
1748 2146 1920 2195 omnia
1941 2144 2068 2193 satis
2091 2143 2244 2205 plana
2280 2145 2463 2198 erunt3

1404 2229 1462 2271 ut
1486 2237 1615 2286 opus
1640 2236 1739 2271 uon
1768 2223 1836 2271 sit
1861 2219 2224 2270 emendatione
2254 2214 2470 2279 Sigonii,

1407 2299 1494 2362 qui
1525 2299 1721 2349 mavult
1740 2314 1831 2362 qua
1846 2298 1988 2357 sumu
2011 2296 2061 2345 in
2085 2293 2357 2345 auferendi
2383 2307 2469 2341 ca·
2532 2330 2544 2341 .

1400 2390 1481 2425 sn.
1537 2376 1859 2438 Praesertim,
1880 2389 1995 2424 cum
2022 2374 2097 2423 sic
2120 2385 2323 2436 quoque
2347 2383 2468 2431 sup·

1403 2452 1646 2517 piendum
1682 2451 1880 2517 aliquid
1914 2449 2121 2500 veniat:
2158 2449 2290 2498 utin
2315 2459 2470 2510 supe·

1402 2529 1525 2579 riori
1571 2537 1749 2578 nostra
1803 2526 2237 2591 interpretatione
2291 2523 2468 2572 videre

1400 2615 1497 2656 est.
1564 2607 1681 2657 Nec
1722 2613 1897 2655 tamen
1932 2604 2044 2653 baec
2081 2603 2191 2652 sive
2236 2602 2468 2651 locorum

1401 2682 1666 2737 distantia,
1685 2682 1792 2731 sive
1807 2681 1998 2745 liuguae
2023 2679 2301 2729 diversitas
2322 2682 2469 2726 tanta

1398 2758 1536 2808 iuter
1559 2758 1915 2817 Crotoniatas,
1938 2763 2030 2805 urit
2053 2753 2469 2818 Metapontinos,

1399 2842 1456 2886 et
1504 2834 1725 2886 Sabinos
1769 2832 1889 2897 fuit,
1935 2841 1994 2883 ut
2036 2833 2174 2882 inter
2218 2840 2468 2895 utrosque

1397 2915 1596 2965 nullum
1640 2913 1872 2978 potuerit
1914 2925 2031 2961 esse
2076 2908 2464 2960 commercium.

1400 2992 1656 3042 Locorum
1688 2989 2019 3039 intervallum
2054 2987 2191 3036 iuter
2223 2986 2388 3035 Cures
2409 2990 2468 3033 et

1399 3068 1766 3132 Metapontum
1788 3065 1957 3115 miuus
1983 3072 2066 3114 est
2089 3067 2203 3113 220.
2226 3065 2468 3127 passuum

1398 3145 1648 3205 millibus,
1703 3144 1789 3192 vix
1847 3142 2027 3191 decem
2081 3139 2277 3188 dierum
2345 3138 2468 3187 iter.

1400 3220 1567 3284 Origo
1590 3219 1778 3269 deinde
1797 3218 2022 3279 Sabinis,
2045 3229 2288 3267 eorumve
2311 3212 2472 3278 perti,

1398 3298 1615 3362 perinde
1640 3312 1702 3348 ac
1725 3296 2061 3357 crotoniatis,
2083 3292 2343 3344 Laconica
2360 3290 2465 3355 (uti

1396 3375 1676 3440 Dionysius
1698 3381 1756 3424 et
1780 3375 1922 3424 Plut.
1945 3370 2250 3434 observant)
2274 3383 2467 3418 sermo·

1396 3455 1475 3503 nis
1511 3467 1818 3517 morumque
1852 3449 2179 3510 affinitatem,
2212 3454 2267 3495 et
2300 3444 2467 3494 mutui

1395 3530 1537 3580 inter
1567 3523 1658 3581 eos
1693 3528 1996 3580 commercii
2028 3540 2190 3581 nsum,
2215 3524 2465 3572 iuducere

1397 3615 1626 3672 poterat.
2040 3646 2058 3664 ,

1460 3691 1495 3717 ¹¹
1530 3684 1632 3733 Per
1653 3686 1723 3732 tot
1755 3685 1943 3743 gentes,
1979 3675 2218 3739 dissonas]
2256 3674 2340 3724 Ne
2380 3672 2462 3722 bic

1396 3760 1606 3826 quidem
1631 3758 1887 3820 intelligo,
1914 3769 2031 3821 quae
2057 3760 2206 3803 tauta
2230 3752 2369 3801 ultro
2391 3751 2463 3816 ci·

1393 3845 1580 3903 troque
1616 3830 1942 3886 commeandi
1975 3829 2135 3880 fuerit
2167 3825 2463 3891 difficultas,

1394 3915 1438 3966 si
1494 3923 1672 3966 cetera
1727 3914 2120 3962 concurrerent.
2195 3904 2464 3970 Siquidem

1393 3995 1701 4047 Sabinorum
1726 3991 1926 4040 soboles
1962 3985 2108 4036 fuere
2129 3985 2384 4036 Samnites
2408 3985 2462 4033 in

1395 4074 1547 4137 plura
1566 4069 1772 4120 nomina
1794 4078 2054 4131 genet-ave
2074 4063 2302 4113 distincti
2321 4078 2336 4123 3
2372 4076 2462 4111 ex-

1395 4163 1496 4214 que
1534 4143 1899 4207 bis'Campaui
1942 4156 2002 4192 sc
2046 4141 2262 4203 Lucani,
2293 4136 2460 4204 (apud

1396 4240 1525 4289 quos
1550 4218 1964 4287 Metapontum,)
2000 4234 2065 4268 ex
2100 4218 2318 4267 Lucanis
2356 4214 2464 4263 orti

1400 4302 1594 4368 Brutii,
1626 4301 1704 4366 (iu
1742 4311 1958 4365 quorum
1995 4295 2185 4347 finibus
2223 4290 2463 4357 Crot0u‚)
