3034 4925
2333 378 2470 446 619

269 547 401 613 que
445 527 871 612 magistratus
908 540 1115 610 esse,¹¹
1155 534 1275 617 qui
1330 540 1634 600 senatum
1678 533 2022 616 baberent,
2065 537 2467 622 judicabat:

266 651 443 714 quos
473 632 772 717 privatos
801 631 1056 699 fecerat
1103 643 1343 702 auctor
1389 637 1638 703 nullius
1674 646 1948 707 senatus
1977 642 2267 706 consulti
2298 641 2468 708 faci·-

264 734 452 799 endi.
540 733 650 830 Ita
688 735 951 801 labante
979 736 1123 822 jam
1166 758 1374 804 causa
1409 738 1957 820 decemvirorum,
2002 743 2082 807 L.
2118 742 2462 814 Cornelius

261 835 780 920 MaluginensiS‚
813 839 910 903 M.
942 838 1233 907 Cornelii
1265 842 1623 909 decemviri
1653 843 1878 922 frater,
1912 865 2063 911 cum
2102 865 2191 910 ex
2221 866 2469 912 consu·

258 938 519 1004 laribus
548 940 634 1005 ad
668 942 971 1007 ultimum
1014 943 1277 1009 dicendi
1321 945 1546 1010 locum
1578 947 1890 1012 consulto
1919 956 2225 1013 servatus
2254 955 2463 1029 esset,

257 1041 643 1107 simulando
675 1064 901 1109 curam
943 1047 1120 1128 belli,
1166 1047 1433 1113 fratrem
1476 1050 1911 1134 collegasque
1939 1050 2089 1136 ejus
2119 1054 2464 1119 tuebatur:

259 1139 284 1168 ‘
318 1164 608 1227 quonam
650 1146 796 1214 sato
827 1148 1225 1230 incidisset,⁸
1266 1152 1491 1217 mirari
1514 1151 1616 1217 se'
1658 1152 2007 1233 dictitans,
2054 1160 2075 1190 ‘
2104 1162 2177 1221 ut
2205 1155 2463 1222 decem-

259 1247 471 1324 viros,
505 1248 623 1331 qui
656 1249 1173 1316 decemviratum
1220 1255 1580 1337 petissent,
1623 1268 1747 1320 aut
1776 1256 1970 1336 socii,
2002 1264 2121 1321 aut
2146 1256 2214 1321 hi
2242 1260 2464 1323 maxi·

254 1368 373 1434 rue
395 1357 441 1396 ¹³
475 1359 972 1434 oppugnarent:
1003 1361 1123 1420 aut
1143 1357 1310 1442 quid
1338 1358 1456 1435 ita,
1486 1375 1640 1431 cum
1670 1378 1790 1444 per
1819 1365 1922 1425 tot
1949 1379 2214 1426 menses
2243 1379 2464 1428 vacua

256 1452 535 1524 civitate
561 1473 781 1532 nemo,
797 1455 1053 1538 justine
1080 1461 1513 1542 magistratus
1539 1480 1814 1528 summae
1837 1480 2052 1527 rerum
2074 1470 2462 1546 praeessent,

255 1558 786 1623 controversiam
816 1558 1088 1644 secerit5
1132 1581 1307 1626 nunc
1338 1561 1624 1642 demum,
1677 1584 1830 1629 cum
1860 1563 2099 1630 hostes
2128 1584 2341 1648 prope
2370 1565 2461 1632 ad

256 1663 495 1743 portas
521 1661 679 1739 sint,
712 1661 948 1729 civiles
980 1664 1352 1730 discordias
1395 1672 1651 1731 serant:
1698 1666 1831 1732 nisi
1861 1667 2047 1752 quod
2089 1668 2156 1736 in
2189 1667 2460 1733 turbido

995 387 1142 437 un.
1193 388 1314 438 ιιι.
1364 346 1529 438 cst».
1570 372 1681 442 40.

1173 1845 1547 1869 „ns-„000”

260 1958 592 2022 Revera—18
627 1960 765 2012 ‘Pro
799 1968 883 2012 aut
921 1962 973 2012 1ιί
1007 1937 1212 2016 mumius
1246 1965 1522 2029 legendum
1559 1965 1722 2017 videri
1758 1971 1804 2017 et
1830 1967 1911 2018 vel
1947 1973 2087 2032 utque
2122 1967 2194 2032 lii,
2217 1969 2297 2018 vel
2321 1974 2463 2032 atqua

1250 2113 1303 2163 N
1308 2111 1465 2163 0¹1*AE

256 2225 337 2280 to,
358 2234 458 2271 non
482 2228 694 2286 poterat
714 2224 812 2274 rite
834 2225 950 2275 fieri
973 2227 1314 2278 Senatuscon-
1398 2225 1640 2277 censendo
1663 2226 1789 2293 (hoc
1812 2234 1911 2289 est,
1934 2227 2224 2278 sententias
2240 2228 2290 2277 in
2310 2241 2460 2278 sena-

256 2298 471 2348 sultum.
1395 2311 1453 2353 tu
1477 2303 1722 2366 dicendo,
1745 2319 1860 2368 que
1885 2311 1968 2354 est
1988 2311 2114 2355 nota
2137 2304 2281 2355 verbi
2303 2305 2458 2367 signi-

318 2382 339 2408 ²
373 2377 612 2427 censendo
645 2378 788 2442 enim,
821 2394 1122 2448 quoscumque
1143 2380 1321 2441 magis·

256 2454 417 2500 tratas
435 2451 560 2515 esse]
615 2453 732 2503 Hoc
762 2453 892 2519 ipso,
914 2456 1051 2520 quod
1076 2454 1316 2505 secunda:

255 2524 405 2590 hujus
450 2531 724 2579 sententiae
756 2536 996 2581 auctores
1034 2532 1319 2582 censebant

256 2606 470 2672 aliquid,
508 2613 565 2657 et
599 2609 912 2660 seutentiam
938 2609 1203 2674 dicebant,
1229 2625 1318 2674 ag·

255 2697 474 2733 noscere
530 2684 840 2735 videbuntur
895 2685 1236 2744 decemviros,
1288 2701 1319 2734 a

256 2760 450 2824 quibus
472 2760 753 2811 baberetur
773 2763 1009 2825 Senatus,
1031 2777 1146 2813 esse
1169 2778 1317 2813 reve·

258 2851 318 2887 ra
349 2838 707 2901 magistratus,
746 2839 790 2887 si
823 2854 925 2889 non
963 2841 1239 2904 legitimos,
1275 2840 1320 2889 si

254 2926 359 2961 non
384 2914 699 2975 consulares,
721 2922 867 2964 certe
891 2916 1315 2983 qualescumque.

258 2988 470 3054 Alioqui
506 2990 617 3040 haec
658 2992 919 3041 sententia
962 2992 1142 3042 durior
1182 3000 1317 3054 erat,

253 3064 395 3130 quod
441 3065 601 3116 vellet
641 3066 955 3130 interregem
1000 3068 1134 3129 dici3
1175 3069 1315 3133 quod

253 3148 384 3192 tunc
426 3141 589 3192 fiebat
624 3156 742 3192 cum
786 3144 911 3193 nulli
948 3149 1098 3193 erant
1132 3144 1316 3197 summi

250 3219 618 3284 magistratus3
650 3220 786 3269 unde
808 3220 1122 3285 sequebatur
1137 3235 1312 3271 crean-

252 3295 348 3345 dos
371 3309 468 3361 per
489 3296 807 3360 interregem
828 3298 1102 3360 consules:
1130 3292 1313 3364 quibn‘s

250 3371 449 3422 creatis
468 3372 522 3421 in
544 3372 688 3421 nullo
720 3385 931 3423 numero
953 3369 1114 3423 futuri
1137 3381 1316 3425 essem

253 3448 308 3499 hi
363 3446 742 3498 decemviratus
788 3456 1147 3512 usurpatores.
1226 3451 1317 3501 Ita

254 3531 485 3575 mntem
503 3525 640 3575 Livii
661 3527 934 3589 perspicue
946 3526 1119 3589 aperit
1130 3525 1317 3576 Schot-

255 3607 341 3650 tns
362 3605 412 3651 8.
431 3599 692 3650 observat.
714 3613 833 3663 cap.
856 3604 938 3650 38.
1003 3599 1206 3650 Horum
1241 3605 1318 3649 ts-

254 3690 379 3729 men
419 3676 683 3726 sententia
738 3690 805 3726 ex
859 3674 1032 3726 verbis
1073 3674 1317 3725 Auctoris

257 3752 468 3803 videtur
488 3752 591 3803 alio
616 3753 751 3802 trabi
776 3753 1038 3816 potuisse:
1062 3751 1316 3814 siquidem

255 3829 346 3893 qni
379 3828 529 3892 hujus
562 3834 715 3879 eraut
735 3829 1026 3879 ,sententiae
1058 3827 1317 3892 jubebant

253 3907 507 3957 Senatum
544 3906 819 3968 interregis
866 3904 1122 3969 prodendi
1158 3919 1318 3956 causa

254 3983 430 4033 coire:
471 3989 628 4046 atque
661 3983 739 4032 ita
765 3982 1188 4031 convocationem
1223 3983 1316 4032 Se·

225 4098 232 4105 .
255 4067 413 4108 natus
438 4074 469 4106 a
504 4057 811 4107 decemviris
840 4058 1145 4121 imperatam
1169 4056 1317 4109 mini·

257 4149 343 4186 me
367 4135 588 4198 probare
611 4134 940 4185 videbantur.
989 4183 995 4189 ,
1243 4184 1248 4189 ,

327 4211 570 4258 Ceusendo
589 4209 732 4266 enim,
752 4209 858 4273 qa]
911 4208 1094 4258 Clarus
1116 4209 1216 4259 erit
1241 4210 1314 4260 lo·

258 4301 373 4351 cus,
410 4286 454 4336 si
485 4286 720 4336 ordinem
759 4285 871 4348 ejus
903 4286 977 4336 sic
1013 4287 1317 4336 constituas.

1390 2378 1855 2442 ficationudicaba:
1872 2395 2200 2448 quoscumque,
2212 2381 2296 2448 qui
2312 2381 2459 2436 Senn-

1393 2461 1495 2506 ium
1537 2456 1782 2521 haberent,
1825 2458 2139 2519 magistratus
2174 2474 2310 2516 esse:
2344 2474 2458 2525 quos

1389 2533 1823 2597 priuatosfecernt,
1837 2538 1918 2599 qe.
1950 2532 2002 2585 J.
2025 2533 2277 2584 Clericus.

1457 2618 1483 2645 ⁸
1516 2611 1853 2671 Quonamssto
1874 2610 2149 2675 incidisset]
2184 2610 2375 2679 Aiebat
2396 2611 2456 2661 L.

1394 2685 1670 2737 Cornelius
1726 2685 2122 2749 Maluginensis,
2175 2687 2349 2736 mirari
2402 2701 2457 2735 se
2495 2729 2499 2735 ,

1391 2776 1494 2826 qus
1534 2763 1735 2812 ratione
1775 2762 2040 2812 accideret
2074 2770 2131 2811 nt
2163 2762 2217 2824 ii,
2249 2762 2336 2826 qui
2365 2769 2458 2812 ant

1391 2837 1559 2901 primo
1581 2850 1717 2887 anno
1741 2837 1868 2887 socii
1898 2837 2308 2887 decemvirorum
2331 2836 2456 2887 fuis·
2518 2842 2523 2847 ’

1391 2921 1527 2975 sent,
1566 2914 1758 2978 quique
1812 2913 2041 2964 secundo
2090 2928 2226 2963 anno
2268 2924 2458 2976 magua

1391 2990 1734 3041 contentione
1797 2990 2074 3054 petiissent
2134 2989 2457 3041 decemviru-

1393 3072 1519 3127 tum,
1540 3065 1577 3121 ii
1596 3080 1756 3121 nune,
1775 3065 1857 3115 vel
1876 3065 1990 3122 soli,
2017 3067 2097 3115 vel
2112 3081 2225 3130 prae
2242 3067 2458 3129 ceteris,

1388 3147 1758 3205 oppugnarent
1772 3141 2094 3193 decemviros
2112 3157 2127 3192 :
2153 3142 2345 3193 deinde
2363 3144 2456 3193 mi·

1391 3219 1494 3269 rari
1513 3219 1679 3269 adhuc
1699 3234 1757 3269 se
1777 3233 1870 3268 cur
1893 3219 2070 3283 iidem,
2093 3231 2226 3270 nunc
2243 3219 2454 3270 tandem

1388 3294 1623 3346 hostibus
1647 3295 1711 3345 ad
1735 3305 1917 3359 portas
1940 3296 2355 3358 consistentibus,
2374 3309 2455 3344 se·

1390 3372 1533 3421 mina
1549 3371 1925 3421 discordiarum
1936 3371 2161 3423 civilium
2175 3377 2455 3433 spargant:

1392 3454 1665 3511 postquam
1684 3447 1900 3497 civitate
1923 3460 1955 3494 a
1985 3446 2124 3495 curis
2148 3444 2344 3494 bellicis
2368 3457 2456 3497 va·-

1390 3535 1488 3569 cua
1524 3530 1578 3569 et
1609 3520 1794 3581 libera,
1826 3533 1997 3583 neque
2020 3520 2113 3582 illi,
2136 3534 2302 3584 neque
2323 3519 2453 3569 alins

1389 3594 1683 3658 quisquam,
1703 3609 1799 3658 per
1821 3594 2018 3658 aliquot
2036 3608 2241 3647 menses
2258 3592 2452 3653 81),Ιῶ-

1391 3670 1491 3720 bus
1515 3672 1686 3733 Maiis,
1716 3672 1768 3723 in
1802 3672 2204 3721 controversiam
2236 3685 2453 3725 vocave-

1392 3756 1497 3810 rat,
1514 3763 1586 3805 an
1597 3748 1728 3812 justi
1746 3754 1925 3803 essent
1948 3762 2008 3797 ac
2031 3746 2248 3809 legitimi
2270 3746 2452 3810 magis-

1391 3830 1586 3887 tratus,
1619 3824 1707 3888 qui
1744 3837 1992 3874 summam
2015 3837 2183 3877 rerum
2208 3821 2454 3874 adminis-

1390 3901 1637 3957 trabant:
1671 3901 1766 3951 nisi
1787 3900 1920 3953 forte
1943 3901 2028 3964 qui
2046 3900 2156 3949 baec
2173 3899 2454 3951 moliuntur

1392 3984 1583 4040 putant
1605 3977 1760 4027 rebus
1794 3975 2018 4029 turbidis
2041 3975 2208 4025 minus
2227 3976 2452 4040 perspici

1392 4069 1548 4120 posse
1569 4054 1692 4119 quid
1717 4057 1895 4119 agant,
1919 4060 1975 4102 et
1998 4067 2101 4118 quo
2125 4053 2365 4115 tendant,
2380 4055 2451 4104 ad

1394 4147 1480 4182 res
1517 4133 1723 4182 scilicet
1754 4130 2036 4192 novandas,
2076 4129 2450 4195 imperiumque

1395 4208 1494 4259 sibi
1516 4210 1643 4273 ipsis
1665 4200 2021 4272 arrogandum.
