<?xml version="1.0" encoding="UTF-8"?>
<!DOCTYPE html PUBLIC "-//W3C//DTD XHTML 1.0 Transitional//EN"
    "http://www.w3.org/TR/xhtml1/DTD/xhtml1-transitional.dtd">
<html xmlns="http://www.w3.org/1999/xhtml" xml:lang="en" lang="en">
 <head>
  <title>
</title>
<meta http-equiv="Content-Type" content="text/html;charset=utf-8" />
  <meta name='ocr-system' content='tesseract 3.04.00' />
  <meta name='ocr-capabilities' content='ocr_page ocr_carea ocr_par ocr_line ocrx_word'/>
</head>
<body>
  <div class='ocr_page' id='page_1' title='image "./tliviipatavinih23unkngoog_0316.png"; bbox 0 0 3034 4925; ppageno 0'>
   <div class='ocr_carea' id='block_1_1' title="bbox 570 381 703 451">
    <p class='ocr_par' dir='ltr' id='par_1_1' title="bbox 570 381 703 451">
     <span class='ocr_line' id='line_1_1' title="bbox 570 381 703 451; baseline 0 0"><span class='ocrx_word' id='word_1_1' title='bbox 570 381 703 451; x_wconf 77' lang='lat'><strong>220</strong></span> 
     </span>
    </p>
   </div>
   <div class='ocr_carea' id='block_1_2' title="bbox 556 542 2774 1552">
    <p class='ocr_par' dir='ltr' id='par_1_2' title="bbox 556 542 2774 1552">
     <span class='ocr_line' id='line_1_2' title="bbox 572 542 2769 630; baseline -0 -19"><span class='ocrx_word' id='word_1_2' title='bbox 572 545 874 629; x_wconf 85' lang='lat' dir='ltr'>signibus</span> <span class='ocrx_word' id='word_1_3' title='bbox 904 544 1168 630; x_wconf 86' lang='lat' dir='ltr'><strong>imperii</strong></span> <span class='ocrx_word' id='word_1_4' title='bbox 1196 549 1264 609; x_wconf 89' lang='lat' dir='ltr'><strong>et</strong></span> <span class='ocrx_word' id='word_1_5' title='bbox 1294 542 1644 610; x_wconf 77' lang='lat' dir='ltr'><strong>lictoribus</strong></span> <span class='ocrx_word' id='word_1_6' title='bbox 1671 550 1838 612; x_wconf 87' lang='lat' dir='ltr'><strong>erat.</strong></span> <span class='ocrx_word' id='word_1_7' title='bbox 1908 543 2228 630; x_wconf 79' lang='lat' dir='ltr'><strong>Quinque</strong></span> <span class='ocrx_word' id='word_1_8' title='bbox 2257 544 2516 610; x_wconf 80' lang='lat' dir='ltr'><strong>dierum</strong></span> <span class='ocrx_word' id='word_1_9' title='bbox 2545 543 2769 628; x_wconf 85' lang='lat' dir='ltr'><strong>spatio</strong></span> 
     </span>
     <span class='ocr_line' id='line_1_3' title="bbox 570 647 2769 731; baseline -0 -19"><span class='ocrx_word' id='word_1_10' title='bbox 570 648 925 713; x_wconf 86' lang='lat' dir='ltr'><strong>finiebatur</strong></span> <span class='ocrx_word' id='word_1_11' title='bbox 953 647 1327 730; x_wconf 87' lang='lat' dir='ltr'><strong>imperium,</strong></span> <span class='ocrx_word' id='word_1_12' title='bbox 1369 667 1450 712; x_wconf 87' lang='lat' dir='ltr'><strong>ac</strong></span> <span class='ocrx_word' id='word_1_13' title='bbox 1481 668 1604 731; x_wconf 86' lang='lat' dir='ltr'><strong>per</strong></span> <span class='ocrx_word' id='word_1_14' title='bbox 1635 668 1867 713; x_wconf 89' lang='lat' dir='ltr'><strong>omnes</strong></span> <span class='ocrx_word' id='word_1_15' title='bbox 1906 648 1977 711; x_wconf 93' lang='lat' dir='ltr'><strong>in</strong></span> <span class='ocrx_word' id='word_1_16' title='bbox 2023 647 2246 712; x_wconf 88' lang='lat' dir='ltr'><strong>orbem</strong></span> <span class='ocrx_word' id='word_1_17' title='bbox 2290 648 2516 714; x_wconf 74' lang='lat' dir='ltr'><strong>ibat2¹</strong></span> <span class='ocrx_word' id='word_1_18' title='bbox 2559 667 2769 712; x_wconf 73' lang='lat' dir='ltr'><strong>annu-</strong></span> 
     </span>
     <span class='ocr_line' id='line_1_4' title="bbox 570 750 2772 836; baseline -0.001 -20"><span class='ocrx_word' id='word_1_19' title='bbox 570 770 819 836; x_wconf 89' lang='lat' dir='ltr'><strong>umque</strong></span> <span class='ocrx_word' id='word_1_20' title='bbox 846 750 1310 815; x_wconf 82' lang='lat' dir='ltr'><strong>intervallum⁸</strong></span> <span class='ocrx_word' id='word_1_21' title='bbox 1371 751 1555 834; x_wconf 85' lang='lat' dir='ltr'><strong>regni</strong></span> <span class='ocrx_word' id='word_1_22' title='bbox 1588 752 1737 816; x_wconf 80' lang='lat' dir='ltr'><strong>fuit.</strong></span> <span class='ocrx_word' id='word_1_23' title='bbox 1826 750 1909 815; x_wconf 91' lang='lat' dir='ltr'><strong>Id</strong></span> <span class='ocrx_word' id='word_1_24' title='bbox 1941 752 2027 815; x_wconf 92' lang='lat' dir='ltr'><strong>ab</strong></span> <span class='ocrx_word' id='word_1_25' title='bbox 2058 768 2150 829; x_wconf 88' lang='lat' dir='ltr'><strong>re,</strong></span> <span class='ocrx_word' id='word_1_26' title='bbox 2181 750 2365 834; x_wconf 89' lang='lat' dir='ltr'><strong>quod</strong></span> <span class='ocrx_word' id='word_1_27' title='bbox 2395 769 2573 815; x_wconf 91' lang='lat' dir='ltr'><strong>nunc</strong></span> <span class='ocrx_word' id='word_1_28' title='bbox 2604 769 2772 834; x_wconf 71' lang='lat' dir='ltr'><strong>quo·</strong></span> 
     </span>
     <span class='ocr_line' id='line_1_5' title="bbox 571 852 2770 939; baseline 0 -23"><span class='ocrx_word' id='word_1_29' title='bbox 571 873 701 938; x_wconf 86' lang='lat' dir='ltr'><strong>que</strong></span> <span class='ocrx_word' id='word_1_30' title='bbox 719 857 897 917; x_wconf 88' lang='lat' dir='ltr'><strong>tenet</strong></span> <span class='ocrx_word' id='word_1_31' title='bbox 920 872 1184 931; x_wconf 88' lang='lat' dir='ltr'><strong>nomen,</strong></span> <span class='ocrx_word' id='word_1_32' title='bbox 1206 852 1660 936; x_wconf 86' lang='lat' dir='ltr'><strong>Interregnum</strong></span> <span class='ocrx_word' id='word_1_33' title='bbox 1692 854 2127 939; x_wconf 87' lang='lat' dir='ltr'><strong>appellatum.</strong></span> <span class='ocrx_word' id='word_1_34' title='bbox 2197 854 2505 918; x_wconf 85' lang='lat' dir='ltr'><strong>Fremere</strong></span> <span class='ocrx_word' id='word_1_35' title='bbox 2525 853 2770 918; x_wconf 89' lang='lat' dir='ltr'><strong>deinde</strong></span> 
     </span>
     <span class='ocr_line' id='line_1_6' title="bbox 570 954 2772 1040; baseline 0 -22"><span class='ocrx_word' id='word_1_36' title='bbox 570 954 806 1038; x_wconf 84' lang='lat' dir='ltr'><strong>plebs3</strong></span> <span class='ocrx_word' id='word_1_37' title='bbox 850 956 1375 1040; x_wconf 66' lang='lat' dir='ltr'><strong>multiplicatam,</strong></span> <span class='ocrx_word' id='word_1_38' title='bbox 1403 959 1808 1035; x_wconf 84' lang='lat' dir='ltr'><strong>servitutem,</strong></span> <span class='ocrx_word' id='word_1_39' title='bbox 1838 962 2104 1022; x_wconf 88' lang='lat' dir='ltr'><strong>centum</strong></span> <span class='ocrx_word' id='word_1_40' title='bbox 2135 975 2258 1040; x_wconf 85' lang='lat' dir='ltr'><strong>pro</strong></span> <span class='ocrx_word' id='word_1_41' title='bbox 2289 975 2425 1021; x_wconf 92' lang='lat' dir='ltr'><strong>uno</strong></span> <span class='ocrx_word' id='word_1_42' title='bbox 2456 956 2772 1020; x_wconf 86' lang='lat' dir='ltr'><strong>dominos</strong></span> 
     </span>
     <span class='ocr_line' id='line_1_7' title="bbox 567 1056 2773 1142; baseline 0.001 -22"><span class='ocrx_word' id='word_1_43' title='bbox 567 1056 865 1122; x_wconf 78' lang='lat' dir='ltr'><strong>factos:t</strong></span> <span class='ocrx_word' id='word_1_44' title='bbox 906 1078 1030 1123; x_wconf 88' lang='lat' dir='ltr'><strong>nec</strong></span> <span class='ocrx_word' id='word_1_45' title='bbox 1078 1057 1257 1123; x_wconf 88' lang='lat' dir='ltr'><strong>ultra</strong></span> <span class='ocrx_word' id='word_1_46' title='bbox 1301 1060 1433 1124; x_wconf 89' lang='lat' dir='ltr'><strong>nisi</strong></span> <span class='ocrx_word' id='word_1_47' title='bbox 1480 1079 1726 1141; x_wconf 86' lang='lat' dir='ltr'><strong>regem,</strong></span> <span class='ocrx_word' id='word_1_48' title='bbox 1764 1064 1830 1123; x_wconf 88' lang='lat' dir='ltr'><strong>et</strong></span> <span class='ocrx_word' id='word_1_49' title='bbox 1876 1060 1964 1125; x_wconf 91' lang='lat' dir='ltr'><strong>ab</strong></span> <span class='ocrx_word' id='word_1_50' title='bbox 2009 1058 2185 1142; x_wconf 89' lang='lat' dir='ltr'><strong>ipsis</strong></span> <span class='ocrx_word' id='word_1_51' title='bbox 2228 1064 2556 1135; x_wconf 90' lang='lat' dir='ltr'><strong>creatum,</strong></span> <span class='ocrx_word' id='word_1_52' title='bbox 2588 1058 2773 1124; x_wconf 85' lang='lat' dir='ltr'><strong>vide-</strong></span> 
     </span>
     <span class='ocr_line' id='line_1_8' title="bbox 569 1158 2773 1244; baseline 0.001 -22"><span class='ocrx_word' id='word_1_53' title='bbox 569 1158 816 1225; x_wconf 84' lang='lat' dir='ltr'><strong>bantur</strong></span> <span class='ocrx_word' id='word_1_54' title='bbox 859 1162 1144 1244; x_wconf 88' lang='lat' dir='ltr'><strong>passuri.</strong></span> <span class='ocrx_word' id='word_1_55' title='bbox 1234 1159 1408 1227; x_wconf 87' lang='lat' dir='ltr'><strong>Cum</strong></span> <span class='ocrx_word' id='word_1_56' title='bbox 1448 1162 1813 1226; x_wconf 83' lang='lat' dir='ltr'><strong>sensissent</strong></span> <span class='ocrx_word' id='word_1_57' title='bbox 1841 1181 1923 1225; x_wconf 89' lang='lat' dir='ltr'><strong>ea</strong></span> <span class='ocrx_word' id='word_1_58' title='bbox 1953 1160 2250 1226; x_wconf 82' lang='lat' dir='ltr'><strong>moveri·‘</strong></span> <span class='ocrx_word' id='word_1_59' title='bbox 2291 1159 2564 1236; x_wconf 77' lang='lat' dir='ltr'><strong>Patres,</strong></span> <span class='ocrx_word' id='word_1_60' title='bbox 2612 1158 2773 1224; x_wconf 88' lang='lat' dir='ltr'><strong>offe·</strong></span> 
     </span>
     <span class='ocr_line' id='line_1_9' title="bbox 568 1261 2774 1347; baseline 0 -23"><span class='ocrx_word' id='word_1_61' title='bbox 568 1261 849 1326; x_wconf 87' lang='lat' dir='ltr'><strong>rendum</strong></span> <span class='ocrx_word' id='word_1_62' title='bbox 879 1263 1049 1328; x_wconf 86' lang='lat' dir='ltr'><strong>ultro</strong></span> <span class='ocrx_word' id='word_1_63' title='bbox 1080 1262 1232 1341; x_wconf 88' lang='lat' dir='ltr'><strong>rati,</strong></span> <span class='ocrx_word' id='word_1_64' title='bbox 1255 1262 1433 1347; x_wconf 89' lang='lat' dir='ltr'><strong>quod</strong></span> <span class='ocrx_word' id='word_1_65' title='bbox 1460 1262 1778 1328; x_wconf 86' lang='lat' dir='ltr'><strong>amissuri</strong></span> <span class='ocrx_word' id='word_1_66' title='bbox 1807 1272 2016 1342; x_wconf 88' lang='lat' dir='ltr'><strong>crant,</strong></span> <span class='ocrx_word' id='word_1_67' title='bbox 2044 1263 2143 1328; x_wconf 90' lang='lat' dir='ltr'><strong>ita</strong></span> <span class='ocrx_word' id='word_1_68' title='bbox 2171 1262 2453 1344; x_wconf 82' lang='lat' dir='ltr'><strong>gratiam</strong></span> <span class='ocrx_word' id='word_1_69' title='bbox 2485 1262 2774 1341; x_wconf 78' lang='lat' dir='ltr'><strong>ineunt‚=¹</strong></span> 
     </span>
     <span class='ocr_line' id='line_1_10' title="bbox 568 1363 2773 1449; baseline 0.001 -20"><span class='ocrx_word' id='word_1_70' title='bbox 568 1384 830 1430; x_wconf 86' lang='lat' dir='ltr'><strong>summa</strong></span> <span class='ocrx_word' id='word_1_71' title='bbox 878 1371 1208 1449; x_wconf 81' lang='lat' dir='ltr'><strong>potestate</strong></span> <span class='ocrx_word' id='word_1_72' title='bbox 1257 1365 1513 1449; x_wconf 87' lang='lat' dir='ltr'><strong>populo</strong></span> <span class='ocrx_word' id='word_1_73' title='bbox 1560 1367 1943 1449; x_wconf 84' lang='lat' dir='ltr'><strong>permissa,¹</strong></span> <span class='ocrx_word' id='word_1_74' title='bbox 2004 1371 2078 1430; x_wconf 87' lang='lat' dir='ltr'><strong>ut</strong></span> <span class='ocrx_word' id='word_1_75' title='bbox 2128 1383 2266 1428; x_wconf 92' lang='lat' dir='ltr'><strong>non</strong></span> <span class='ocrx_word' id='word_1_76' title='bbox 2323 1363 2478 1447; x_wconf 88' lang='lat' dir='ltr'><strong>plus</strong></span> <span class='ocrx_word' id='word_1_77' title='bbox 2541 1364 2773 1431; x_wconf 82' lang='lat' dir='ltr'><strong>darent</strong></span> 
     </span>
     <span class='ocr_line' id='line_1_11' title="bbox 556 1467 2771 1552; baseline -0 -20"><span class='ocrx_word' id='word_1_78' title='bbox 556 1467 752 1550; x_wconf 69' lang='lat' dir='ltr'><strong>jurist,</strong></span> <span class='ocrx_word' id='word_1_79' title='bbox 784 1487 986 1552; x_wconf 88' lang='lat' dir='ltr'><strong>quam</strong></span> <span class='ocrx_word' id='word_1_80' title='bbox 1015 1468 1422 1534; x_wconf 85' lang='lat' dir='ltr'><strong>detinerent.³</strong></span> <span class='ocrx_word' id='word_1_81' title='bbox 1514 1470 1976 1535; x_wconf 85' lang='lat' dir='ltr'><strong>Decreverunt</strong></span> <span class='ocrx_word' id='word_1_82' title='bbox 2010 1470 2209 1546; x_wconf 88' lang='lat' dir='ltr'><strong>enim,</strong></span> <span class='ocrx_word' id='word_1_83' title='bbox 2243 1472 2335 1546; x_wconf 88' lang='lat' dir='ltr'><strong>ut,</strong></span> <span class='ocrx_word' id='word_1_84' title='bbox 2366 1487 2520 1532; x_wconf 92' lang='lat' dir='ltr'><strong>cum</strong></span> <span class='ocrx_word' id='word_1_85' title='bbox 2555 1486 2771 1551; x_wconf 89' lang='lat' dir='ltr'><strong>popu·</strong></span> 
     </span>
    </p>
   </div>
   <div class='ocr_carea' id='block_1_3' title="bbox 1510 398 1815 453">
    <p class='ocr_par' dir='ltr' id='par_1_3' title="bbox 1510 398 1815 453">
     <span class='ocr_line' id='line_1_12' title="bbox 1510 398 1815 453; baseline -0.007 -3"><span class='ocrx_word' id='word_1_86' title='bbox 1510 403 1578 450; x_wconf 84' lang='lat' dir='ltr'><strong>T.</strong></span> <span class='ocrx_word' id='word_1_87' title='bbox 1629 398 1815 453; x_wconf 69' lang='lat' dir='ltr'><strong>mvn</strong></span> 
     </span>
    </p>
   </div>
   <div class='ocr_carea' id='block_1_4' title="bbox 631 1647 1037 1712">
    <p class='ocr_par' dir='ltr' id='par_1_4' title="bbox 631 1647 1037 1712">
     <span class='ocr_line' id='line_1_13' title="bbox 631 1647 1037 1712; baseline 0.012 -17"><span class='ocrx_word' id='word_1_88' title='bbox 631 1654 659 1678; x_wconf 76' lang='lat'>⁸</span> <span class='ocrx_word' id='word_1_89' title='bbox 693 1647 817 1698; x_wconf 86' lang='lat' dir='ltr'><strong>Hoec</strong></span> <span class='ocrx_word' id='word_1_90' title='bbox 836 1649 1037 1712; x_wconf 79' lang='lat' dir='ltr'><strong>agitari.</strong></span> 
     </span>
    </p>
   </div>
   <div class='ocr_carea' id='block_1_5' title="bbox 1477 1725 1848 1753">
    <p class='ocr_par' dir='ltr' id='par_1_5' title="bbox 1477 1725 1848 1753">
     <span class='ocr_line' id='line_1_14' title="bbox 1477 1725 1848 1753; baseline 0.003 -1"><span class='ocrx_word' id='word_1_91' title='bbox 1477 1725 1848 1753; x_wconf 65' lang='lat' dir='ltr'><strong>eo‘oeoeaeeeeee</strong></span> 
     </span>
    </p>
   </div>
   <div class='ocr_carea' id='block_1_6' title="bbox 564 1859 2776 1994">
    <p class='ocr_par' dir='ltr' id='par_1_6' title="bbox 564 1859 2776 1994">
     <span class='ocr_line' id='line_1_15' title="bbox 565 1859 2776 1932; baseline 0.003 -25"><span class='ocrx_word' id='word_1_92' title='bbox 565 1862 596 1907; x_wconf 74' lang='grc'><strong>8</strong></span> <span class='ocrx_word' id='word_1_93' title='bbox 630 1861 645 1889; x_wconf 88' lang='lat'>‘</span> <span class='ocrx_word' id='word_1_94' title='bbox 663 1859 913 1912; x_wconf 79' lang='lat' dir='ltr'><strong>Quaedam</strong></span> <span class='ocrx_word' id='word_1_95' title='bbox 937 1864 1059 1914; x_wconf 85' lang='lat' dir='ltr'><strong>edd.</strong></span> <span class='ocrx_word' id='word_1_96' title='bbox 1081 1866 1358 1924; x_wconf 76' lang='lat' dir='ltr'><strong>retinerent,</strong></span> <span class='ocrx_word' id='word_1_97' title='bbox 1376 1866 1513 1932; x_wconf 88' lang='lat' dir='ltr'><strong>quod</strong></span> <span class='ocrx_word' id='word_1_98' title='bbox 1541 1866 1746 1916; x_wconf 88' lang='lat' dir='ltr'><strong>omnino</strong></span> <span class='ocrx_word' id='word_1_99' title='bbox 1769 1866 1960 1916; x_wconf 80' lang='lat' dir='ltr'><strong>rectius</strong></span> <span class='ocrx_word' id='word_1_100' title='bbox 1984 1866 2207 1923; x_wconf 80' lang='lat' dir='ltr'><strong>videtur,</strong></span> <span class='ocrx_word' id='word_1_101' title='bbox 2221 1865 2403 1931; x_wconf 86' lang='lat' dir='ltr'><strong>judice</strong></span> <span class='ocrx_word' id='word_1_102' title='bbox 2425 1864 2580 1914; x_wconf 83' lang='lat' dir='ltr'><strong>etiam</strong></span> <span class='ocrx_word' id='word_1_103' title='bbox 2601 1864 2776 1913; x_wconf 82' lang='lat' dir='ltr'><strong>Bane-</strong></span> 
     </span>
     <span class='ocr_line' id='line_1_16' title="bbox 564 1924 2776 1994; baseline 0.001 -19"><span class='ocrx_word' id='word_1_104' title='bbox 564 1924 655 1976; x_wconf 84' lang='lat' dir='ltr'><strong>ro.&#39;</strong></span> <span class='ocrx_word' id='word_1_105' title='bbox 690 1926 897 1991; x_wconf 72' lang='lat' dir='ltr'><strong>Rupere.</strong></span> <span class='ocrx_word' id='word_1_106' title='bbox 963 1933 981 1960; x_wconf 90' lang='lat'>‘</span> <span class='ocrx_word' id='word_1_107' title='bbox 1007 1931 1341 1982; x_wconf 86' lang='lat' dir='ltr'><strong>Probabilior</strong></span> <span class='ocrx_word' id='word_1_108' title='bbox 1383 1947 1506 1982; x_wconf 77' lang='lat' dir='ltr'><strong>sane</strong></span> <span class='ocrx_word' id='word_1_109' title='bbox 1552 1931 1758 1988; x_wconf 83' lang='lat' dir='ltr'><strong>videtur</strong></span> <span class='ocrx_word' id='word_1_110' title='bbox 1799 1933 1956 1983; x_wconf 90' lang='lat' dir='ltr'><strong>lectio</strong></span> <span class='ocrx_word' id='word_1_111' title='bbox 2004 1931 2305 1982; x_wconf 79' lang='lat' dir='ltr'><strong>retinerent.&#39;·</strong></span> <span class='ocrx_word' id='word_1_112' title='bbox 2346 1932 2601 1994; x_wconf 83' lang='lat' dir='ltr'><strong>Doering.</strong></span> <span class='ocrx_word' id='word_1_113' title='bbox 2687 1929 2776 1978; x_wconf 72' lang='lat' dir='ltr'><strong>Ita</strong></span> 
     </span>
    </p>
   </div>
   <div class='ocr_carea' id='block_1_7' title="bbox 1559 2115 1771 2167">
    <p class='ocr_par' dir='ltr' id='par_1_7' title="bbox 1559 2115 1771 2167">
     <span class='ocr_line' id='line_1_17' title="bbox 1559 2115 1771 2167; baseline -0.014 0"><span class='ocrx_word' id='word_1_114' title='bbox 1559 2115 1771 2167; x_wconf 74' lang='lat' dir='ltr'>NOTAE</span> 
     </span>
    </p>
   </div>
   <div class='ocr_carea' id='block_1_8' title="bbox 550 2222 1631 4342">
    <p class='ocr_par' dir='ltr' id='par_1_8' title="bbox 550 2222 1631 4342">
     <span class='ocr_line' id='line_1_18' title="bbox 629 2222 1628 2294; baseline 0.006 -21"><span class='ocrx_word' id='word_1_115' title='bbox 629 2224 650 2255; x_wconf 50' lang='grc' dir='ltr'><strong><em>ἲ</em></strong></span> <span class='ocrx_word' id='word_1_116' title='bbox 679 2222 754 2274; x_wconf 79' lang='lat' dir='ltr'><strong>Ac</strong></span> <span class='ocrx_word' id='word_1_117' title='bbox 794 2236 879 2286; x_wconf 78' lang='lat' dir='ltr'><strong>per</strong></span> <span class='ocrx_word' id='word_1_118' title='bbox 912 2240 1070 2276; x_wconf 69' lang='lat' dir='ltr'><strong>omnen</strong></span> <span class='ocrx_word' id='word_1_119' title='bbox 1104 2229 1159 2277; x_wconf 76' lang='lat' dir='ltr'><strong>in</strong></span> <span class='ocrx_word' id='word_1_120' title='bbox 1189 2228 1347 2279; x_wconf 83' lang='lat' dir='ltr'><strong>orbem</strong></span> <span class='ocrx_word' id='word_1_121' title='bbox 1381 2230 1508 2294; x_wconf 77' lang='lat' dir='ltr'><strong>ibat]</strong></span> <span class='ocrx_word' id='word_1_122' title='bbox 1562 2227 1628 2279; x_wconf 86' lang='lat' dir='ltr'><strong>Id</strong></span> 
     </span>
     <span class='ocr_line' id='line_1_19' title="bbox 563 2298 1630 2367; baseline 0.007 -22"><span class='ocrx_word' id='word_1_123' title='bbox 563 2298 641 2346; x_wconf 81' lang='lat' dir='ltr'><strong>sic</strong></span> <span class='ocrx_word' id='word_1_124' title='bbox 673 2300 903 2363; x_wconf 85' lang='lat' dir='ltr'><strong>explicat</strong></span> <span class='ocrx_word' id='word_1_125' title='bbox 931 2301 1233 2367; x_wconf 83' lang='lat' dir='ltr'><strong>Dionysius,</strong></span> <span class='ocrx_word' id='word_1_126' title='bbox 1259 2312 1316 2353; x_wconf 87' lang='lat' dir='ltr'><strong>nt</strong></span> <span class='ocrx_word' id='word_1_127' title='bbox 1349 2306 1528 2355; x_wconf 84' lang='lat' dir='ltr'><strong>selecti</strong></span> <span class='ocrx_word' id='word_1_128' title='bbox 1557 2305 1630 2354; x_wconf 84' lang='lat' dir='ltr'><strong>illi</strong></span> 
     </span>
     <span class='ocr_line' id='line_1_20' title="bbox 563 2373 1630 2445; baseline 0.009 -24"><span class='ocrx_word' id='word_1_129' title='bbox 563 2373 841 2425; x_wconf 85' lang='lat' dir='ltr'><strong>Senatores</strong></span> <span class='ocrx_word' id='word_1_130' title='bbox 875 2391 976 2427; x_wconf 87' lang='lat' dir='ltr'><strong>non</strong></span> <span class='ocrx_word' id='word_1_131' title='bbox 1011 2380 1179 2441; x_wconf 74' lang='lat' dir='ltr'><strong>simul,</strong></span> <span class='ocrx_word' id='word_1_132' title='bbox 1216 2381 1306 2431; x_wconf 83' lang='lat' dir='ltr'><strong>sed</strong></span> <span class='ocrx_word' id='word_1_133' title='bbox 1345 2396 1471 2430; x_wconf 70' lang='lat' dir='ltr'><strong>unus</strong></span> <span class='ocrx_word' id='word_1_134' title='bbox 1510 2390 1630 2445; x_wconf 75' lang='lat' dir='ltr'><strong>post</strong></span> 
     </span>
     <span class='ocr_line' id='line_1_21' title="bbox 563 2451 1630 2521; baseline 0.01 -22"><span class='ocrx_word' id='word_1_135' title='bbox 563 2451 719 2502; x_wconf 85' lang='lat' dir='ltr'><strong>alium</strong></span> <span class='ocrx_word' id='word_1_136' title='bbox 738 2454 907 2518; x_wconf 84' lang='lat' dir='ltr'><strong>quinis</strong></span> <span class='ocrx_word' id='word_1_137' title='bbox 925 2455 1109 2507; x_wconf 83' lang='lat' dir='ltr'><strong>diebus</strong></span> <span class='ocrx_word' id='word_1_138' title='bbox 1128 2458 1342 2509; x_wconf 82' lang='lat' dir='ltr'><strong>lictores</strong></span> <span class='ocrx_word' id='word_1_139' title='bbox 1362 2459 1630 2521; x_wconf 78' lang='lat' dir='ltr'><strong>habereut,</strong></span> 
     </span>
     <span class='ocr_line' id='line_1_22' title="bbox 560 2532 1631 2601; baseline 0.01 -25"><span class='ocrx_word' id='word_1_140' title='bbox 560 2534 838 2596; x_wconf 84' lang='lat' dir='ltr'><strong>ceteraque</strong></span> <span class='ocrx_word' id='word_1_141' title='bbox 863 2532 1086 2596; x_wconf 77' lang='lat' dir='ltr'><strong>insignia</strong></span> <span class='ocrx_word' id='word_1_142' title='bbox 1112 2537 1257 2598; x_wconf 80' lang='lat' dir='ltr'><strong>regia</strong></span> <span class='ocrx_word' id='word_1_143' title='bbox 1282 2553 1298 2599; x_wconf 77' lang='lat'>3</span> <span class='ocrx_word' id='word_1_144' title='bbox 1344 2552 1462 2601; x_wconf 84' lang='lat' dir='ltr'><strong>quae</strong></span> <span class='ocrx_word' id='word_1_145' title='bbox 1488 2539 1631 2587; x_wconf 86' lang='lat' dir='ltr'><strong>velut</strong></span> 
     </span>
     <span class='ocr_line' id='line_1_23' title="bbox 563 2608 1627 2676; baseline 0.01 -25"><span class='ocrx_word' id='word_1_146' title='bbox 563 2614 661 2664; x_wconf 85' lang='lat' dir='ltr'><strong>per</strong></span> <span class='ocrx_word' id='word_1_147' title='bbox 683 2618 864 2656; x_wconf 71' lang='lat' dir='ltr'><strong>uranus</strong></span> <span class='ocrx_word' id='word_1_148' title='bbox 889 2608 1221 2661; x_wconf 79' lang='lat' dir='ltr'><strong>traderentur</strong></span> <span class='ocrx_word' id='word_1_149' title='bbox 1237 2627 1268 2661; x_wconf 87' lang='lat' dir='ltr'><strong>a</strong></span> <span class='ocrx_word' id='word_1_150' title='bbox 1291 2614 1459 2676; x_wconf 86' lang='lat' dir='ltr'><strong>primo</strong></span> <span class='ocrx_word' id='word_1_151' title='bbox 1483 2614 1627 2662; x_wconf 84' lang='lat' dir='ltr'><strong>dein·</strong></span> 
     </span>
     <span class='ocr_line' id='line_1_24' title="bbox 559 2685 1629 2748; baseline 0.01 -20"><span class='ocrx_word' id='word_1_152' title='bbox 559 2693 683 2744; x_wconf 79' lang='lat' dir='ltr'><strong>ceps</strong></span> <span class='ocrx_word' id='word_1_153' title='bbox 708 2696 872 2748; x_wconf 81' lang='lat' dir='ltr'><strong>usque</strong></span> <span class='ocrx_word' id='word_1_154' title='bbox 905 2685 970 2734; x_wconf 87' lang='lat' dir='ltr'><strong>ad</strong></span> <span class='ocrx_word' id='word_1_155' title='bbox 1012 2688 1278 2739; x_wconf 85' lang='lat' dir='ltr'><strong>ultimum:</strong></span> <span class='ocrx_word' id='word_1_156' title='bbox 1314 2690 1392 2740; x_wconf 88' lang='lat' dir='ltr'><strong>ita</strong></span> <span class='ocrx_word' id='word_1_157' title='bbox 1425 2690 1629 2740; x_wconf 83' lang='lat' dir='ltr'><strong>scilicet</strong></span> 
     </span>
     <span class='ocr_line' id='line_1_25' title="bbox 560 2760 1626 2830; baseline 0.008 -24"><span class='ocrx_word' id='word_1_158' title='bbox 560 2766 623 2807; x_wconf 87' lang='lat' dir='ltr'><strong>ut</strong></span> <span class='ocrx_word' id='word_1_159' title='bbox 678 2760 816 2823; x_wconf 86' lang='lat' dir='ltr'><strong>apud</strong></span> <span class='ocrx_word' id='word_1_160' title='bbox 889 2777 1299 2830; x_wconf 82' lang='lat' dir='ltr'><strong>unamquamque</strong></span> <span class='ocrx_word' id='word_1_161' title='bbox 1363 2766 1626 2817; x_wconf 82' lang='lat' dir='ltr'><strong>decuriam</strong></span> 
     </span>
     <span class='ocr_line' id='line_1_26' title="bbox 558 2834 1627 2908; baseline 0.011 -27"><span class='ocrx_word' id='word_1_162' title='bbox 558 2834 941 2901; x_wconf 81' lang='lat' dir='ltr'><strong>quinquaginta</strong></span> <span class='ocrx_word' id='word_1_163' title='bbox 971 2840 1084 2889; x_wconf 84' lang='lat' dir='ltr'><strong>dies</strong></span> <span class='ocrx_word' id='word_1_164' title='bbox 1117 2851 1349 2893; x_wconf 88' lang='lat' dir='ltr'><strong>maneret</strong></span> <span class='ocrx_word' id='word_1_165' title='bbox 1384 2843 1515 2908; x_wconf 85' lang='lat' dir='ltr'><strong>reip.</strong></span> <span class='ocrx_word' id='word_1_166' title='bbox 1536 2844 1627 2893; x_wconf 83' lang='lat' dir='ltr'><strong>ad·</strong></span> 
     </span>
     <span class='ocr_line' id='line_1_27' title="bbox 559 2910 1624 2969; baseline 0.013 -14"><span class='ocrx_word' id='word_1_167' title='bbox 559 2910 891 2962; x_wconf 77' lang='lat' dir='ltr'><strong>ministratio.</strong></span> <span class='ocrx_word' id='word_1_168' title='bbox 955 2914 1032 2965; x_wconf 84' lang='lat' dir='ltr'><strong>At</strong></span> <span class='ocrx_word' id='word_1_169' title='bbox 1072 2917 1387 2969; x_wconf 79' lang='lat' dir='ltr'><strong>Plutarchus</strong></span> <span class='ocrx_word' id='word_1_170' title='bbox 1421 2920 1495 2969; x_wconf 77' lang='lat' dir='ltr'><strong>sic</strong></span> <span class='ocrx_word' id='word_1_171' title='bbox 1541 2935 1624 2969; x_wconf 88' lang='lat' dir='ltr'><strong>ac·</strong></span> 
     </span>
     <span class='ocr_line' id='line_1_28' title="bbox 559 2984 1625 3059; baseline 0.012 -27"><span class='ocrx_word' id='word_1_172' title='bbox 559 2984 711 3048; x_wconf 80' lang='lat' dir='ltr'><strong>cipit,</strong></span> <span class='ocrx_word' id='word_1_173' title='bbox 735 2990 879 3051; x_wconf 74' lang='lat' dir='ltr'><strong>quasi</strong></span> <span class='ocrx_word' id='word_1_174' title='bbox 920 2991 1071 3041; x_wconf 88' lang='lat' dir='ltr'><strong>unius</strong></span> <span class='ocrx_word' id='word_1_175' title='bbox 1111 2993 1364 3059; x_wconf 73' lang='lat' dir='ltr'><strong>cujusque</strong></span> <span class='ocrx_word' id='word_1_176' title='bbox 1400 2995 1625 3046; x_wconf 60' lang='lat' dir='ltr'><strong>decuriae</strong></span> 
     </span>
     <span class='ocr_line' id='line_1_29' title="bbox 557 3060 1627 3134; baseline 0.013 -26"><span class='ocrx_word' id='word_1_177' title='bbox 557 3060 831 3124; x_wconf 82' lang='lat' dir='ltr'><strong>imperium</strong></span> <span class='ocrx_word' id='word_1_178' title='bbox 875 3066 1100 3132; x_wconf 84' lang='lat' dir='ltr'><strong>quinque</strong></span> <span class='ocrx_word' id='word_1_179' title='bbox 1141 3069 1325 3120; x_wconf 80' lang='lat' dir='ltr'><strong>diebus</strong></span> <span class='ocrx_word' id='word_1_180' title='bbox 1371 3070 1627 3134; x_wconf 86' lang='lat' dir='ltr'><strong>finiretur,</strong></span> 
     </span>
     <span class='ocr_line' id='line_1_30' title="bbox 557 3143 1625 3203; baseline 0.015 -21"><span class='ocrx_word' id='word_1_181' title='bbox 557 3143 1625 3203; x_wconf 81' lang='lat' dir='ltr'><strong>unoquoqueSenatorenonnisidirnidium</strong></span> 
     </span>
     <span class='ocr_line' id='line_1_31' title="bbox 557 3211 1625 3284; baseline 0.014 -25"><span class='ocrx_word' id='word_1_182' title='bbox 557 3211 693 3261; x_wconf 87' lang='lat' dir='ltr'><strong>diem</strong></span> <span class='ocrx_word' id='word_1_183' title='bbox 735 3215 960 3279; x_wconf 81' lang='lat' dir='ltr'><strong>insignia</strong></span> <span class='ocrx_word' id='word_1_184' title='bbox 1004 3222 1304 3284; x_wconf 80' lang='lat' dir='ltr'><strong>retinente3</strong></span> <span class='ocrx_word' id='word_1_185' title='bbox 1359 3239 1451 3273; x_wconf 79' lang='lat' dir='ltr'><strong>sex</strong></span> <span class='ocrx_word' id='word_1_186' title='bbox 1486 3224 1625 3275; x_wconf 77' lang='lat' dir='ltr'><strong>horis</strong></span> 
     </span>
     <span class='ocr_line' id='line_1_32' title="bbox 555 3287 1626 3359; baseline 0.013 -23"><span class='ocrx_word' id='word_1_187' title='bbox 555 3287 773 3354; x_wconf 74' lang='lat' dir='ltr'><strong>diurniS,</strong></span> <span class='ocrx_word' id='word_1_188' title='bbox 793 3293 1114 3359; x_wconf 86' lang='lat' dir='ltr'><strong>totidemque</strong></span> <span class='ocrx_word' id='word_1_189' title='bbox 1150 3301 1432 3348; x_wconf 73' lang='lat' dir='ltr'><strong>nocturnis.</strong></span> <span class='ocrx_word' id='word_1_190' title='bbox 1499 3301 1626 3350; x_wconf 87' lang='lat' dir='ltr'><strong>Dio-</strong></span> 
     </span>
     <span class='ocr_line' id='line_1_33' title="bbox 555 3365 1625 3439; baseline 0.013 -27"><span class='ocrx_word' id='word_1_191' title='bbox 555 3365 692 3429; x_wconf 78' lang='lat' dir='ltr'><strong>nysii</strong></span> <span class='ocrx_word' id='word_1_192' title='bbox 713 3370 991 3420; x_wconf 78' lang='lat' dir='ltr'><strong>sententiae</strong></span> <span class='ocrx_word' id='word_1_193' title='bbox 1016 3369 1157 3421; x_wconf 83' lang='lat' dir='ltr'><strong>favet</strong></span> <span class='ocrx_word' id='word_1_194' title='bbox 1177 3374 1316 3437; x_wconf 87' lang='lat' dir='ltr'><strong>quod</strong></span> <span class='ocrx_word' id='word_1_195' title='bbox 1340 3375 1625 3439; x_wconf 75' lang='lat' dir='ltr'><strong>Inter-regis</strong></span> 
     </span>
     <span class='ocr_line' id='line_1_34' title="bbox 555 3441 1624 3514; baseline 0.011 -24"><span class='ocrx_word' id='word_1_196' title='bbox 555 3441 810 3507; x_wconf 83' lang='lat' dir='ltr'><strong>cujusque</strong></span> <span class='ocrx_word' id='word_1_197' title='bbox 850 3446 1302 3510; x_wconf 84' lang='lat' dir='ltr'><strong>quinqueduanum</strong></span> <span class='ocrx_word' id='word_1_198' title='bbox 1345 3458 1527 3514; x_wconf 82' lang='lat' dir='ltr'><strong>postea</strong></span> <span class='ocrx_word' id='word_1_199' title='bbox 1570 3453 1624 3502; x_wconf 91' lang='lat' dir='ltr'><strong>in</strong></span> 
     </span>
     <span class='ocr_line' id='line_1_35' title="bbox 557 3518 1624 3585; baseline 0.011 -19"><span class='ocrx_word' id='word_1_200' title='bbox 557 3532 670 3581; x_wconf 87' lang='lat' dir='ltr'><strong>rep.</strong></span> <span class='ocrx_word' id='word_1_201' title='bbox 693 3518 796 3570; x_wconf 84' lang='lat' dir='ltr'><strong>fuit</strong></span> <span class='ocrx_word' id='word_1_202' title='bbox 820 3520 1112 3585; x_wconf 82' lang='lat' dir='ltr'><strong>imperium,</strong></span> <span class='ocrx_word' id='word_1_203' title='bbox 1135 3531 1195 3574; x_wconf 91' lang='lat' dir='ltr'><strong>ut</strong></span> <span class='ocrx_word' id='word_1_204' title='bbox 1229 3527 1311 3576; x_wconf 79' lang='lat' dir='ltr'><strong>vel</strong></span> <span class='ocrx_word' id='word_1_205' title='bbox 1345 3542 1412 3576; x_wconf 87' lang='lat' dir='ltr'><strong>ex</strong></span> <span class='ocrx_word' id='word_1_206' title='bbox 1437 3528 1624 3578; x_wconf 80' lang='lat' dir='ltr'><strong>Nostri</strong></span> 
     </span>
     <span class='ocr_line' id='line_1_36' title="bbox 553 3594 1623 3667; baseline 0.01 -23"><span class='ocrx_word' id='word_1_207' title='bbox 553 3594 646 3645; x_wconf 89' lang='lat' dir='ltr'><strong>lib.</strong></span> <span class='ocrx_word' id='word_1_208' title='bbox 671 3609 760 3646; x_wconf 83' lang='lat'>111.</span> <span class='ocrx_word' id='word_1_209' title='bbox 785 3611 904 3661; x_wconf 77' lang='lat' dir='ltr'><strong>cap.</strong></span> <span class='ocrx_word' id='word_1_210' title='bbox 927 3602 976 3647; x_wconf 81' lang='lat'><strong>7.</strong></span> <span class='ocrx_word' id='word_1_211' title='bbox 1010 3600 1256 3664; x_wconf 76' lang='lat' dir='ltr'><strong>colligas:</strong></span> <span class='ocrx_word' id='word_1_212' title='bbox 1292 3603 1380 3667; x_wconf 88' lang='lat' dir='ltr'><strong>qui</strong></span> <span class='ocrx_word' id='word_1_213' title='bbox 1409 3618 1534 3653; x_wconf 79' lang='lat' dir='ltr'><strong>usus</strong></span> <span class='ocrx_word' id='word_1_214' title='bbox 1555 3605 1623 3655; x_wconf 85' lang='lat' dir='ltr'><strong>ab</strong></span> 
     </span>
     <span class='ocr_line' id='line_1_37' title="bbox 552 3669 1507 3736; baseline 0.014 -19"><span class='ocrx_word' id='word_1_215' title='bbox 552 3669 651 3719; x_wconf 88' lang='lat' dir='ltr'><strong>boc</strong></span> <span class='ocrx_word' id='word_1_216' title='bbox 673 3673 916 3736; x_wconf 80' lang='lat' dir='ltr'><strong>exemplo</strong></span> <span class='ocrx_word' id='word_1_217' title='bbox 940 3675 1049 3723; x_wconf 76' lang='lat' dir='ltr'><strong>sine</strong></span> <span class='ocrx_word' id='word_1_218' title='bbox 1072 3677 1231 3728; x_wconf 86' lang='lat' dir='ltr'><strong>dubio</strong></span> <span class='ocrx_word' id='word_1_219' title='bbox 1256 3681 1507 3730; x_wconf 88' lang='lat' dir='ltr'><strong>manavit.</strong></span> 
     </span>
     <span class='ocr_line' id='line_1_38' title="bbox 550 3749 1623 3820; baseline 0.011 -26"><span class='ocrx_word' id='word_1_220' title='bbox 550 3761 568 3771; x_wconf 72' lang='lat'><em>⁶</em></span> <span class='ocrx_word' id='word_1_221' title='bbox 618 3754 637 3778; x_wconf 85' lang='lat'>⁸</span> <span class='ocrx_word' id='word_1_222' title='bbox 667 3749 981 3813; x_wconf 59' lang='lat' dir='ltr'><strong>danaumque</strong></span> <span class='ocrx_word' id='word_1_223' title='bbox 1001 3751 1333 3819; x_wconf 77' lang='lat' dir='ltr'><strong>intervallum]</strong></span> <span class='ocrx_word' id='word_1_224' title='bbox 1380 3755 1428 3804; x_wconf 90' lang='lat' dir='ltr'>N</span> <span class='ocrx_word' id='word_1_225' title='bbox 1435 3772 1502 3805; x_wconf 89' lang='lat' dir='ltr'><strong>on</strong></span> <span class='ocrx_word' id='word_1_226' title='bbox 1527 3757 1623 3820; x_wconf 81' lang='lat' dir='ltr'><strong>igi—</strong></span> 
     </span>
     <span class='ocr_line' id='line_1_39' title="bbox 553 3826 1626 3896; baseline 0.012 -28"><span class='ocrx_word' id='word_1_227' title='bbox 553 3826 641 3869; x_wconf 88' lang='lat' dir='ltr'><strong>tur</strong></span> <span class='ocrx_word' id='word_1_228' title='bbox 665 3835 760 3885; x_wconf 83' lang='lat' dir='ltr'><strong>per</strong></span> <span class='ocrx_word' id='word_1_229' title='bbox 781 3838 957 3876; x_wconf 79' lang='lat' dir='ltr'><strong>omnes</strong></span> <span class='ocrx_word' id='word_1_230' title='bbox 984 3827 1291 3893; x_wconf 83' lang='lat' dir='ltr'><strong>Senatores,</strong></span> <span class='ocrx_word' id='word_1_231' title='bbox 1329 3846 1391 3880; x_wconf 87' lang='lat' dir='ltr'><strong>ac</strong></span> <span class='ocrx_word' id='word_1_232' title='bbox 1425 3846 1490 3881; x_wconf 89' lang='lat' dir='ltr'><strong>ue</strong></span> <span class='ocrx_word' id='word_1_233' title='bbox 1529 3846 1626 3896; x_wconf 86' lang='lat' dir='ltr'><strong>per</strong></span> 
     </span>
     <span class='ocr_line' id='line_1_40' title="bbox 554 3901 1623 3964; baseline 0.01 -16"><span class='ocrx_word' id='word_1_234' title='bbox 554 3911 733 3948; x_wconf 76' lang='lat' dir='ltr'><strong>omnes</strong></span> <span class='ocrx_word' id='word_1_235' title='bbox 778 3901 982 3964; x_wconf 88' lang='lat' dir='ltr'><strong>quidem</strong></span> <span class='ocrx_word' id='word_1_236' title='bbox 1025 3904 1337 3956; x_wconf 79' lang='lat' dir='ltr'><strong>Senatorum</strong></span> <span class='ocrx_word' id='word_1_237' title='bbox 1384 3907 1623 3959; x_wconf 81' lang='lat' dir='ltr'><strong>decurias</strong></span> 
     </span>
     <span class='ocr_line' id='line_1_41' title="bbox 552 3971 1624 4050; baseline 0.015 -31"><span class='ocrx_word' id='word_1_238' title='bbox 552 3971 838 4025; x_wconf 80' lang='lat' dir='ltr'><strong>ambulavit</strong></span> <span class='ocrx_word' id='word_1_239' title='bbox 872 3978 982 4028; x_wconf 80' lang='lat' dir='ltr'><strong>baec</strong></span> <span class='ocrx_word' id='word_1_240' title='bbox 1018 3982 1246 4047; x_wconf 89' lang='lat' dir='ltr'><strong>quinque</strong></span> <span class='ocrx_word' id='word_1_241' title='bbox 1293 3982 1493 4033; x_wconf 86' lang='lat' dir='ltr'><strong>dierum</strong></span> <span class='ocrx_word' id='word_1_242' title='bbox 1532 4000 1624 4050; x_wconf 83' lang='lat' dir='ltr'><strong>po-</strong></span> 
     </span>
     <span class='ocr_line' id='line_1_42' title="bbox 555 4053 1626 4125; baseline 0.014 -29"><span class='ocrx_word' id='word_1_243' title='bbox 555 4053 738 4112; x_wconf 80' lang='lat' dir='ltr'><strong>testas,</strong></span> <span class='ocrx_word' id='word_1_244' title='bbox 769 4053 810 4100; x_wconf 82' lang='lat' dir='ltr'><strong>si</strong></span> <span class='ocrx_word' id='word_1_245' title='bbox 857 4054 1095 4119; x_wconf 74' lang='lat' dir='ltr'><strong>Dionysii</strong></span> <span class='ocrx_word' id='word_1_246' title='bbox 1153 4058 1401 4109; x_wconf 82' lang='lat' dir='ltr'><strong>rationem</strong></span> <span class='ocrx_word' id='word_1_247' title='bbox 1442 4075 1626 4125; x_wconf 74' lang='lat' dir='ltr'><strong>sequa-</strong></span> 
     </span>
     <span class='ocr_line' id='line_1_43' title="bbox 553 4126 1626 4200; baseline 0.014 -28"><span class='ocrx_word' id='word_1_248' title='bbox 553 4137 684 4172; x_wconf 80' lang='lat' dir='ltr'><strong>mur.</strong></span> <span class='ocrx_word' id='word_1_249' title='bbox 752 4126 967 4190; x_wconf 86' lang='lat' dir='ltr'><strong>Verum,</strong></span> <span class='ocrx_word' id='word_1_250' title='bbox 989 4133 1124 4194; x_wconf 87' lang='lat' dir='ltr'><strong>quod</strong></span> <span class='ocrx_word' id='word_1_251' title='bbox 1154 4134 1348 4185; x_wconf 76' lang='lat' dir='ltr'><strong>Noster</strong></span> <span class='ocrx_word' id='word_1_252' title='bbox 1369 4138 1465 4200; x_wconf 86' lang='lat' dir='ltr'><strong>ait,</strong></span> <span class='ocrx_word' id='word_1_253' title='bbox 1496 4140 1510 4165; x_wconf 82' lang='lat'>⁸</span> <span class='ocrx_word' id='word_1_254' title='bbox 1533 4136 1626 4185; x_wconf 85' lang='lat' dir='ltr'><strong>im·</strong></span> 
     </span>
     <span class='ocr_line' id='line_1_44' title="bbox 555 4201 1624 4269; baseline 0.017 -23"><span class='ocrx_word' id='word_1_255' title='bbox 555 4201 777 4261; x_wconf 83' lang='lat' dir='ltr'><strong>perium,</strong></span> <span class='ocrx_word' id='word_1_256' title='bbox 827 4207 929 4255; x_wconf 83' lang='lat' dir='ltr'><strong>&amp;c.</strong></span> <span class='ocrx_word' id='word_1_257' title='bbox 973 4222 1068 4269; x_wconf 85' lang='lat' dir='ltr'><strong>per</strong></span> <span class='ocrx_word' id='word_1_258' title='bbox 1111 4225 1289 4261; x_wconf 85' lang='lat' dir='ltr'><strong>omnes</strong></span> <span class='ocrx_word' id='word_1_259' title='bbox 1345 4214 1396 4262; x_wconf 90' lang='lat' dir='ltr'><strong>in</strong></span> <span class='ocrx_word' id='word_1_260' title='bbox 1444 4213 1624 4263; x_wconf 89' lang='lat' dir='ltr'><strong>orbem</strong></span> 
     </span>
     <span class='ocr_line' id='line_1_45' title="bbox 552 4274 1626 4342; baseline 0.018 -19"><span class='ocrx_word' id='word_1_261' title='bbox 552 4274 701 4340; x_wconf 81' lang='lat' dir='ltr'><strong>ibat,&#39;</strong></span> <span class='ocrx_word' id='word_1_262' title='bbox 733 4277 799 4329; x_wconf 84' lang='lat' dir='ltr'><strong>ad</strong></span> <span class='ocrx_word' id='word_1_263' title='bbox 834 4294 1062 4334; x_wconf 77' lang='lat' dir='ltr'><strong>mentem</strong></span> <span class='ocrx_word' id='word_1_264' title='bbox 1096 4286 1404 4339; x_wconf 81' lang='lat' dir='ltr'><strong>Senatorum</strong></span> <span class='ocrx_word' id='word_1_265' title='bbox 1439 4288 1626 4342; x_wconf 83' lang='lat' dir='ltr'><strong>referri</strong></span> 
     </span>
    </p>
   </div>
   <div class='ocr_carea' id='block_1_9' title="bbox 1700 2224 2781 4356">
    <p class='ocr_par' dir='ltr' id='par_1_9' title="bbox 1703 2224 2781 2967">
     <span class='ocr_line' id='line_1_46' title="bbox 1709 2224 2777 2292; baseline -0.006 -15"><span class='ocrx_word' id='word_1_266' title='bbox 1709 2235 1904 2290; x_wconf 79' lang='lat' dir='ltr'><strong>potest,</strong></span> <span class='ocrx_word' id='word_1_267' title='bbox 1946 2227 2035 2292; x_wconf 88' lang='lat' dir='ltr'><strong>qui</strong></span> <span class='ocrx_word' id='word_1_268' title='bbox 2096 2225 2246 2276; x_wconf 85' lang='lat' dir='ltr'><strong>initio</strong></span> <span class='ocrx_word' id='word_1_269' title='bbox 2289 2225 2366 2275; x_wconf 82' lang='lat' dir='ltr'><strong>ita</strong></span> <span class='ocrx_word' id='word_1_270' title='bbox 2408 2224 2777 2287; x_wconf 79' lang='lat' dir='ltr'><strong>decreverant,</strong></span> 
     </span>
     <span class='ocr_line' id='line_1_47' title="bbox 1708 2303 2776 2371; baseline -0.003 -19"><span class='ocrx_word' id='word_1_271' title='bbox 1708 2318 1810 2352; x_wconf 92' lang='lat' dir='ltr'><strong>non</strong></span> <span class='ocrx_word' id='word_1_272' title='bbox 1844 2303 1908 2352; x_wconf 89' lang='lat' dir='ltr'><strong>ad</strong></span> <span class='ocrx_word' id='word_1_273' title='bbox 1945 2304 1996 2353; x_wconf 81' lang='lat' dir='ltr'><strong>id</strong></span> <span class='ocrx_word' id='word_1_274' title='bbox 2033 2303 2170 2368; x_wconf 89' lang='lat' dir='ltr'><strong>quod</strong></span> <span class='ocrx_word' id='word_1_275' title='bbox 2210 2317 2394 2351; x_wconf 85' lang='lat' dir='ltr'><strong>revera</strong></span> <span class='ocrx_word' id='word_1_276' title='bbox 2418 2310 2624 2371; x_wconf 81' lang='lat' dir='ltr'><strong>gestum</strong></span> <span class='ocrx_word' id='word_1_277' title='bbox 2654 2308 2776 2352; x_wconf 74' lang='lat' dir='ltr'><strong>est:</strong></span> 
     </span>
     <span class='ocr_line' id='line_1_48' title="bbox 1707 2377 2779 2444; baseline -0.002 -16"><span class='ocrx_word' id='word_1_278' title='bbox 1707 2394 1824 2428; x_wconf 88' lang='lat' dir='ltr'><strong>cum</strong></span> <span class='ocrx_word' id='word_1_279' title='bbox 1864 2381 1931 2429; x_wconf 87' lang='lat' dir='ltr'><strong>ob</strong></span> <span class='ocrx_word' id='word_1_280' title='bbox 1969 2380 2134 2444; x_wconf 82' lang='lat' dir='ltr'><strong>plebis</strong></span> <span class='ocrx_word' id='word_1_281' title='bbox 2178 2393 2438 2429; x_wconf 88' lang='lat' dir='ltr'><strong>murmura</strong></span> <span class='ocrx_word' id='word_1_282' title='bbox 2483 2377 2547 2427; x_wconf 87' lang='lat' dir='ltr'><strong>ad</strong></span> <span class='ocrx_word' id='word_1_283' title='bbox 2593 2391 2779 2439; x_wconf 79' lang='lat' dir='ltr'><strong>regem</strong></span> 
     </span>
     <span class='ocr_line' id='line_1_49' title="bbox 1706 2453 2780 2522; baseline -0.004 -15"><span class='ocrx_word' id='word_1_284' title='bbox 1706 2457 2003 2522; x_wconf 83' lang='lat' dir='ltr'><strong>eligendum</strong></span> <span class='ocrx_word' id='word_1_285' title='bbox 2025 2456 2278 2521; x_wconf 76' lang='lat' dir='ltr'><strong>compulsi</strong></span> <span class='ocrx_word' id='word_1_286' title='bbox 2295 2456 2420 2519; x_wconf 80' lang='lat' dir='ltr'><strong>sint,</strong></span> <span class='ocrx_word' id='word_1_287' title='bbox 2442 2453 2671 2505; x_wconf 85' lang='lat' dir='ltr'><strong>nondum</strong></span> <span class='ocrx_word' id='word_1_288' title='bbox 2688 2468 2780 2504; x_wconf 83' lang='lat' dir='ltr'><strong>or·</strong></span> 
     </span>
     <span class='ocr_line' id='line_1_50' title="bbox 1705 2530 2779 2597; baseline -0.002 -14"><span class='ocrx_word' id='word_1_289' title='bbox 1705 2532 1773 2583; x_wconf 90' lang='lat' dir='ltr'><strong>be</strong></span> <span class='ocrx_word' id='word_1_290' title='bbox 1828 2541 2045 2597; x_wconf 83' lang='lat' dir='ltr'><strong>peracto</strong></span> <span class='ocrx_word' id='word_1_291' title='bbox 2096 2534 2382 2583; x_wconf 75' lang='lat' dir='ltr'><strong>secundum</strong></span> <span class='ocrx_word' id='word_1_292' title='bbox 2441 2530 2779 2594; x_wconf 78' lang='lat' dir='ltr'><strong>Dionysium.</strong></span> 
     </span>
     <span class='ocr_line' id='line_1_51' title="bbox 1707 2608 2779 2674; baseline -0.004 -14"><span class='ocrx_word' id='word_1_293' title='bbox 1707 2610 1865 2661; x_wconf 79' lang='lat' dir='ltr'><strong>Quod</strong></span> <span class='ocrx_word' id='word_1_294' title='bbox 1887 2611 1932 2658; x_wconf 83' lang='lat' dir='ltr'><strong>si</strong></span> <span class='ocrx_word' id='word_1_295' title='bbox 1962 2611 2226 2659; x_wconf 80' lang='lat' dir='ltr'><strong>Plutarchi</strong></span> <span class='ocrx_word' id='word_1_296' title='bbox 2252 2611 2386 2660; x_wconf 83' lang='lat' dir='ltr'><strong>ratio</strong></span> <span class='ocrx_word' id='word_1_297' title='bbox 2408 2610 2569 2674; x_wconf 81' lang='lat' dir='ltr'><strong>magis</strong></span> <span class='ocrx_word' id='word_1_298' title='bbox 2595 2608 2779 2671; x_wconf 63' lang='lat' dir='ltr'><strong>place-</strong></span> 
     </span>
     <span class='ocr_line' id='line_1_52' title="bbox 1706 2685 2781 2750; baseline 0 -16"><span class='ocrx_word' id='word_1_299' title='bbox 1706 2693 1807 2749; x_wconf 87' lang='lat' dir='ltr'><strong>ret,</strong></span> <span class='ocrx_word' id='word_1_300' title='bbox 1834 2696 1958 2735; x_wconf 86' lang='lat' dir='ltr'><strong>tunc</strong></span> <span class='ocrx_word' id='word_1_301' title='bbox 1982 2685 2268 2750; x_wconf 84' lang='lat' dir='ltr'><strong>interregni</strong></span> <span class='ocrx_word' id='word_1_302' title='bbox 2292 2688 2453 2736; x_wconf 82' lang='lat' dir='ltr'><strong>honor</strong></span> <span class='ocrx_word' id='word_1_303' title='bbox 2478 2699 2568 2749; x_wconf 86' lang='lat' dir='ltr'><strong>per</strong></span> <span class='ocrx_word' id='word_1_304' title='bbox 2592 2696 2781 2734; x_wconf 71' lang='lat' dir='ltr'><strong>omnes</strong></span> 
     </span>
     <span class='ocr_line' id='line_1_53' title="bbox 1706 2761 2781 2828; baseline 0 -18"><span class='ocrx_word' id='word_1_305' title='bbox 1706 2762 1944 2814; x_wconf 83' lang='lat' dir='ltr'><strong>decurias</strong></span> <span class='ocrx_word' id='word_1_306' title='bbox 1978 2777 2260 2828; x_wconf 87' lang='lat' dir='ltr'><strong>omnesque</strong></span> <span class='ocrx_word' id='word_1_307' title='bbox 2281 2763 2558 2812; x_wconf 80' lang='lat' dir='ltr'><strong>Senatores</strong></span> <span class='ocrx_word' id='word_1_308' title='bbox 2580 2761 2781 2823; x_wconf 72' lang='lat' dir='ltr'><strong>saepiuz</strong></span> 
     </span>
     <span class='ocr_line' id='line_1_54' title="bbox 1704 2838 2780 2903; baseline 0.001 -16"><span class='ocrx_word' id='word_1_309' title='bbox 1704 2839 2083 2900; x_wconf 80' lang='lat' dir='ltr'><strong>ambulaverit3</strong></span> <span class='ocrx_word' id='word_1_310' title='bbox 2115 2840 2275 2902; x_wconf 89' lang='lat' dir='ltr'><strong>idque</strong></span> <span class='ocrx_word' id='word_1_311' title='bbox 2314 2839 2454 2889; x_wconf 80' lang='lat' dir='ltr'><strong>varie</strong></span> <span class='ocrx_word' id='word_1_312' title='bbox 2488 2845 2651 2903; x_wconf 79' lang='lat' dir='ltr'><strong>prout</strong></span> <span class='ocrx_word' id='word_1_313' title='bbox 2686 2838 2780 2888; x_wconf 77' lang='lat' dir='ltr'><strong>ho·</strong></span> 
     </span>
     <span class='ocr_line' id='line_1_55' title="bbox 1703 2915 2219 2967; baseline 0.008 -4"><span class='ocrx_word' id='word_1_314' title='bbox 1703 2929 1816 2965; x_wconf 88' lang='lat' dir='ltr'><strong>rum</strong></span> <span class='ocrx_word' id='word_1_315' title='bbox 1842 2930 2079 2964; x_wconf 76' lang='lat' dir='ltr'><strong>numerus</strong></span> <span class='ocrx_word' id='word_1_316' title='bbox 2101 2915 2219 2967; x_wconf 83' lang='lat' dir='ltr'><strong>fuit.</strong></span> 
     </span>
    </p>

    <p class='ocr_par' dir='ltr' id='par_1_10' title="bbox 1701 2990 2780 3735">
     <span class='ocr_line' id='line_1_56' title="bbox 1764 2990 2779 3056; baseline 0.002 -17"><span class='ocrx_word' id='word_1_317' title='bbox 1764 2992 1782 3025; x_wconf 67' lang='lat' dir='ltr'>t</span> <span class='ocrx_word' id='word_1_318' title='bbox 1834 2992 2037 3042; x_wconf 76' lang='lat' dir='ltr'><strong>Centum</strong></span> <span class='ocrx_word' id='word_1_319' title='bbox 2074 3008 2164 3056; x_wconf 82' lang='lat' dir='ltr'><strong>pro</strong></span> <span class='ocrx_word' id='word_1_320' title='bbox 2206 3008 2299 3043; x_wconf 73' lang='lat' dir='ltr'><strong>uno</strong></span> <span class='ocrx_word' id='word_1_321' title='bbox 2339 2992 2548 3043; x_wconf 68' lang='lat' dir='ltr'><strong>aornim</strong></span> <span class='ocrx_word' id='word_1_322' title='bbox 2579 2990 2779 3056; x_wconf 67' lang='lat' dir='ltr'><strong>fuctus]</strong></span> 
     </span>
     <span class='ocr_line' id='line_1_57' title="bbox 1702 3068 2780 3138; baseline 0.001 -20"><span class='ocrx_word' id='word_1_323' title='bbox 1702 3068 1842 3118; x_wconf 87' lang='lat' dir='ltr'><strong>Nam</strong></span> <span class='ocrx_word' id='word_1_324' title='bbox 1871 3076 1925 3120; x_wconf 81' lang='lat' dir='ltr'><strong>et</strong></span> <span class='ocrx_word' id='word_1_325' title='bbox 1957 3070 2045 3134; x_wconf 88' lang='lat' dir='ltr'><strong>qui</strong></span> <span class='ocrx_word' id='word_1_326' title='bbox 2077 3085 2134 3120; x_wconf 81' lang='lat' dir='ltr'><strong>se</strong></span> <span class='ocrx_word' id='word_1_327' title='bbox 2162 3070 2314 3133; x_wconf 83' lang='lat' dir='ltr'><strong>paulo</strong></span> <span class='ocrx_word' id='word_1_328' title='bbox 2342 3077 2458 3133; x_wconf 74' lang='lat' dir='ltr'><strong>post</strong></span> <span class='ocrx_word' id='word_1_329' title='bbox 2481 3070 2780 3138; x_wconf 69' lang='lat' dir='ltr'><strong>imperatu·</strong></span> 
     </span>
     <span class='ocr_line' id='line_1_58' title="bbox 1704 3144 2779 3210; baseline 0.001 -17"><span class='ocrx_word' id='word_1_330' title='bbox 1704 3158 1788 3193; x_wconf 76' lang='lat' dir='ltr'><strong>ros</strong></span> <span class='ocrx_word' id='word_1_331' title='bbox 1811 3144 2166 3207; x_wconf 82' lang='lat' dir='ltr'><strong>confidebant,</strong></span> <span class='ocrx_word' id='word_1_332' title='bbox 2182 3146 2292 3210; x_wconf 85' lang='lat' dir='ltr'><strong>jam</strong></span> <span class='ocrx_word' id='word_1_333' title='bbox 2331 3153 2436 3195; x_wconf 88' lang='lat' dir='ltr'><strong>tum</strong></span> <span class='ocrx_word' id='word_1_334' title='bbox 2460 3145 2662 3193; x_wconf 67' lang='lat' dir='ltr'><strong>animos</strong></span> <span class='ocrx_word' id='word_1_335' title='bbox 2689 3145 2779 3194; x_wconf 85' lang='lat' dir='ltr'><strong>do·</strong></span> 
     </span>
     <span class='ocr_line' id='line_1_59' title="bbox 1704 3221 2778 3280; baseline 0.001 -12"><span class='ocrx_word' id='word_1_336' title='bbox 1704 3221 2007 3270; x_wconf 86' lang='lat' dir='ltr'><strong>minantium</strong></span> <span class='ocrx_word' id='word_1_337' title='bbox 2066 3222 2368 3280; x_wconf 84' lang='lat' dir='ltr'><strong>induebant,</strong></span> <span class='ocrx_word' id='word_1_338' title='bbox 2432 3236 2530 3270; x_wconf 91' lang='lat' dir='ltr'><strong>non</strong></span> <span class='ocrx_word' id='word_1_339' title='bbox 2603 3221 2778 3270; x_wconf 74' lang='lat' dir='ltr'><strong>minu·</strong></span> 
     </span>
     <span class='ocr_line' id='line_1_60' title="bbox 1703 3297 2777 3361; baseline 0.003 -18"><span class='ocrx_word' id='word_1_340' title='bbox 1703 3310 1858 3359; x_wconf 86' lang='lat' dir='ltr'><strong>quam</strong></span> <span class='ocrx_word' id='word_1_341' title='bbox 1893 3297 1931 3346; x_wconf 89' lang='lat' dir='ltr'><strong>ii</strong></span> <span class='ocrx_word' id='word_1_342' title='bbox 1969 3312 2130 3361; x_wconf 85' lang='lat' dir='ltr'><strong>penes</strong></span> <span class='ocrx_word' id='word_1_343' title='bbox 2163 3312 2289 3361; x_wconf 83' lang='lat' dir='ltr'><strong>quos</strong></span> <span class='ocrx_word' id='word_1_344' title='bbox 2322 3297 2601 3360; x_wconf 65' lang='lat' dir='ltr'><strong>,imperium</strong></span> <span class='ocrx_word' id='word_1_345' title='bbox 2638 3302 2777 3346; x_wconf 81' lang='lat' dir='ltr'><strong>erat.</strong></span> 
     </span>
     <span class='ocr_line' id='line_1_61' title="bbox 1704 3373 2779 3439; baseline 0 -17"><span class='ocrx_word' id='word_1_346' title='bbox 1704 3373 1950 3423; x_wconf 87' lang='lat' dir='ltr'><strong>Ceterum</strong></span> <span class='ocrx_word' id='word_1_347' title='bbox 1989 3377 2100 3424; x_wconf 85' lang='lat' dir='ltr'><strong>sive</strong></span> <span class='ocrx_word' id='word_1_348' title='bbox 2142 3374 2464 3439; x_wconf 77' lang='lat' dir='ltr'><strong>Dionysium,</strong></span> <span class='ocrx_word' id='word_1_349' title='bbox 2497 3373 2613 3422; x_wconf 69' lang='lat' dir='ltr'><strong>sive</strong></span> <span class='ocrx_word' id='word_1_350' title='bbox 2647 3374 2779 3423; x_wconf 81' lang='lat' dir='ltr'><strong>Plu·</strong></span> 
     </span>
     <span class='ocr_line' id='line_1_62' title="bbox 1703 3449 2776 3516; baseline 0.004 -19"><span class='ocrx_word' id='word_1_351' title='bbox 1703 3449 1941 3499; x_wconf 89' lang='lat' dir='ltr'><strong>tarchum</strong></span> <span class='ocrx_word' id='word_1_352' title='bbox 1977 3465 2275 3516; x_wconf 79' lang='lat' dir='ltr'><strong>sequamur,</strong></span> <span class='ocrx_word' id='word_1_353' title='bbox 2311 3466 2412 3500; x_wconf 90' lang='lat' dir='ltr'><strong>non</strong></span> <span class='ocrx_word' id='word_1_354' title='bbox 2447 3449 2606 3500; x_wconf 88' lang='lat' dir='ltr'><strong>modo</strong></span> <span class='ocrx_word' id='word_1_355' title='bbox 2650 3464 2776 3501; x_wconf 80' lang='lat' dir='ltr'><strong>cen·</strong></span> 
     </span>
     <span class='ocr_line' id='line_1_63' title="bbox 1703 3525 2777 3591; baseline 0.004 -18"><span class='ocrx_word' id='word_1_356' title='bbox 1703 3529 1832 3587; x_wconf 89' lang='lat' dir='ltr'><strong>tum,</strong></span> <span class='ocrx_word' id='word_1_357' title='bbox 1862 3525 1951 3575; x_wconf 82' lang='lat' dir='ltr'><strong>sed</strong></span> <span class='ocrx_word' id='word_1_358' title='bbox 1980 3527 2061 3576; x_wconf 87' lang='lat' dir='ltr'><strong>vel</strong></span> <span class='ocrx_word' id='word_1_359' title='bbox 2083 3527 2318 3591; x_wconf 86' lang='lat' dir='ltr'><strong>ducenti,</strong></span> <span class='ocrx_word' id='word_1_360' title='bbox 2339 3528 2418 3577; x_wconf 84' lang='lat' dir='ltr'><strong>vel</strong></span> <span class='ocrx_word' id='word_1_361' title='bbox 2440 3528 2628 3577; x_wconf 72' lang='lat' dir='ltr'><strong>saltem</strong></span> <span class='ocrx_word' id='word_1_362' title='bbox 2656 3543 2777 3582; x_wconf 80' lang='lat' dir='ltr'><strong>cen·</strong></span> 
     </span>
     <span class='ocr_line' id='line_1_64' title="bbox 1703 3604 2777 3671; baseline 0.005 -19"><span class='ocrx_word' id='word_1_363' title='bbox 1703 3611 1811 3652; x_wconf 89' lang='lat' dir='ltr'><strong>tum</strong></span> <span class='ocrx_word' id='word_1_364' title='bbox 1846 3604 2244 3671; x_wconf 78' lang='lat' dir='ltr'><strong>quinquaginta,</strong></span> <span class='ocrx_word' id='word_1_365' title='bbox 2266 3613 2325 3657; x_wconf 93' lang='lat' dir='ltr'><strong>ut</strong></span> <span class='ocrx_word' id='word_1_366' title='bbox 2358 3606 2670 3663; x_wconf 69' lang='lat' dir='ltr'><strong>Senatores,</strong></span> <span class='ocrx_word' id='word_1_367' title='bbox 2702 3606 2777 3657; x_wconf 73' lang='lat' dir='ltr'><strong>iu</strong></span> 
     </span>
     <span class='ocr_line' id='line_1_65' title="bbox 1701 3679 2094 3735; baseline 0.018 -7"><span class='ocrx_word' id='word_1_368' title='bbox 1701 3679 1897 3731; x_wconf 85' lang='lat' dir='ltr'><strong>domini</strong></span> <span class='ocrx_word' id='word_1_369' title='bbox 1914 3690 2094 3735; x_wconf 83' lang='lat' dir='ltr'><strong>erunt.</strong></span> 
     </span>
    </p>

    <p class='ocr_par' dir='ltr' id='par_1_11' title="bbox 1700 3756 2779 4047">
     <span class='ocr_line' id='line_1_66' title="bbox 1764 3756 2779 3824; baseline 0.006 -20"><span class='ocrx_word' id='word_1_370' title='bbox 1764 3763 1787 3788; x_wconf 85' lang='lat'><strong>¹¹</strong></span> <span class='ocrx_word' id='word_1_371' title='bbox 1832 3756 1915 3805; x_wconf 79' lang='lat' dir='ltr'><strong>Itu</strong></span> <span class='ocrx_word' id='word_1_372' title='bbox 1947 3758 2163 3817; x_wconf 74' lang='lat' dir='ltr'><strong>gratiam</strong></span> <span class='ocrx_word' id='word_1_373' title='bbox 2204 3758 2394 3824; x_wconf 74' lang='lat' dir='ltr'><strong>ineunt]</strong></span> <span class='ocrx_word' id='word_1_374' title='bbox 2445 3758 2705 3824; x_wconf 71' lang='lat' dir='ltr'><strong>Intellige</strong></span> <span class='ocrx_word' id='word_1_375' title='bbox 2742 3772 2779 3809; x_wconf 70' lang='lat' dir='ltr'><strong>a</strong></span> 
     </span>
     <span class='ocr_line' id='line_1_67' title="bbox 1700 3831 2776 3897; baseline 0.005 -16"><span class='ocrx_word' id='word_1_376' title='bbox 1700 3831 1891 3897; x_wconf 78' lang='lat' dir='ltr'><strong>plebe3</strong></span> <span class='ocrx_word' id='word_1_377' title='bbox 1923 3834 2072 3897; x_wconf 82' lang='lat' dir='ltr'><strong>cujus</strong></span> <span class='ocrx_word' id='word_1_378' title='bbox 2108 3835 2432 3885; x_wconf 83' lang='lat' dir='ltr'><strong>nihilominus</strong></span> <span class='ocrx_word' id='word_1_379' title='bbox 2467 3851 2664 3888; x_wconf 84' lang='lat' dir='ltr'><strong>nomen</strong></span> <span class='ocrx_word' id='word_1_380' title='bbox 2688 3852 2776 3887; x_wconf 82' lang='lat' dir='ltr'><strong>ex·</strong></span> 
     </span>
     <span class='ocr_line' id='line_1_68' title="bbox 1703 3907 2775 3977; baseline 0.007 -21"><span class='ocrx_word' id='word_1_381' title='bbox 1703 3907 2024 3970; x_wconf 81' lang='lat' dir='ltr'><strong>primendum</strong></span> <span class='ocrx_word' id='word_1_382' title='bbox 2051 3917 2235 3959; x_wconf 88' lang='lat' dir='ltr'><strong>auctor</strong></span> <span class='ocrx_word' id='word_1_383' title='bbox 2266 3924 2371 3960; x_wconf 85' lang='lat' dir='ltr'><strong>non</strong></span> <span class='ocrx_word' id='word_1_384' title='bbox 2404 3913 2637 3977; x_wconf 88' lang='lat' dir='ltr'><strong>censuit,</strong></span> <span class='ocrx_word' id='word_1_385' title='bbox 2671 3921 2775 3963; x_wconf 72' lang='lat' dir='ltr'><strong>sta·</strong></span> 
     </span>
     <span class='ocr_line' id='line_1_69' title="bbox 1702 3984 2621 4047; baseline 0.009 -15"><span class='ocrx_word' id='word_1_386' title='bbox 1702 3984 1794 4032; x_wconf 87' lang='lat' dir='ltr'><strong>tim</strong></span> <span class='ocrx_word' id='word_1_387' title='bbox 1819 3984 1999 4047; x_wconf 86' lang='lat' dir='ltr'><strong>populi</strong></span> <span class='ocrx_word' id='word_1_388' title='bbox 2023 3987 2337 4036; x_wconf 84' lang='lat' dir='ltr'><strong>mentionem</strong></span> <span class='ocrx_word' id='word_1_389' title='bbox 2360 3985 2621 4040; x_wconf 75' lang='lat' dir='ltr'><strong>facturus.</strong></span> 
     </span>
    </p>

    <p class='ocr_par' dir='ltr' id='par_1_12' title="bbox 1703 4058 2775 4356">
     <span class='ocr_line' id='line_1_70' title="bbox 1766 4058 2772 4128; baseline 0.011 -22"><span class='ocrx_word' id='word_1_390' title='bbox 1766 4064 1792 4090; x_wconf 76' lang='lat'>¹</span> <span class='ocrx_word' id='word_1_391' title='bbox 1826 4058 2023 4109; x_wconf 79' lang='lat' dir='ltr'><strong>Summa</strong></span> <span class='ocrx_word' id='word_1_392' title='bbox 2049 4065 2289 4122; x_wconf 69' lang='lat' dir='ltr'><strong>potestate</strong></span> <span class='ocrx_word' id='word_1_393' title='bbox 2313 4065 2478 4126; x_wconf 74' lang='lat' dir='ltr'><strong>populo</strong></span> <span class='ocrx_word' id='word_1_394' title='bbox 2511 4064 2772 4128; x_wconf 61' lang='lat' dir='ltr'><strong>pernam]</strong></span> 
     </span>
     <span class='ocr_line' id='line_1_71' title="bbox 1703 4133 2775 4204; baseline 0.008 -21"><span class='ocrx_word' id='word_1_395' title='bbox 1703 4133 2131 4184; x_wconf 77' lang='lat' dir='ltr'><strong>Halicarnasseus</strong></span> <span class='ocrx_word' id='word_1_396' title='bbox 2145 4137 2413 4187; x_wconf 87' lang='lat' dir='ltr'><strong>arbitrium</strong></span> <span class='ocrx_word' id='word_1_397' title='bbox 2432 4138 2672 4191; x_wconf 89' lang='lat' dir='ltr'><strong>delatum</strong></span> <span class='ocrx_word' id='word_1_398' title='bbox 2688 4154 2775 4204; x_wconf 83' lang='lat' dir='ltr'><strong>po·</strong></span> 
     </span>
     <span class='ocr_line' id='line_1_72' title="bbox 1703 4211 2768 4278; baseline 0.008 -21"><span class='ocrx_word' id='word_1_399' title='bbox 1703 4211 1825 4273; x_wconf 90' lang='lat' dir='ltr'><strong>pulo</strong></span> <span class='ocrx_word' id='word_1_400' title='bbox 1873 4226 1904 4259; x_wconf 87' lang='lat' dir='ltr'><strong>a</strong></span> <span class='ocrx_word' id='word_1_401' title='bbox 1942 4211 2134 4261; x_wconf 80' lang='lat' dir='ltr'><strong>Senatu</strong></span> <span class='ocrx_word' id='word_1_402' title='bbox 2176 4214 2250 4262; x_wconf 87' lang='lat' dir='ltr'><strong>ait</strong></span> <span class='ocrx_word' id='word_1_403' title='bbox 2292 4214 2596 4265; x_wconf 68' lang='lat' dir='ltr'><strong>ordinandae</strong></span> <span class='ocrx_word' id='word_1_404' title='bbox 2636 4217 2768 4278; x_wconf 78' lang='lat' dir='ltr'><strong>reip·</strong></span> 
     </span>
     <span class='ocr_line' id='line_1_73' title="bbox 1704 4291 2767 4356; baseline 0.006 -18"><span class='ocrx_word' id='word_1_405' title='bbox 1704 4291 1811 4339; x_wconf 87' lang='lat' dir='ltr'><strong>sive</strong></span> <span class='ocrx_word' id='word_1_406' title='bbox 1837 4304 1932 4354; x_wconf 83' lang='lat' dir='ltr'><strong>per</strong></span> <span class='ocrx_word' id='word_1_407' title='bbox 1955 4305 2144 4355; x_wconf 82' lang='lat' dir='ltr'><strong>regem,</strong></span> <span class='ocrx_word' id='word_1_408' title='bbox 2178 4294 2285 4341; x_wconf 79' lang='lat' dir='ltr'><strong>sive</strong></span> <span class='ocrx_word' id='word_1_409' title='bbox 2322 4307 2415 4356; x_wconf 86' lang='lat' dir='ltr'><strong>per</strong></span> <span class='ocrx_word' id='word_1_410' title='bbox 2438 4307 2639 4344; x_wconf 73' lang='lat' dir='ltr'><strong>annuos</strong></span> <span class='ocrx_word' id='word_1_411' title='bbox 2662 4307 2767 4350; x_wconf 79' lang='lat' dir='ltr'><strong>rna·</strong></span> 
     </span>
    </p>
   </div>
   <div class='ocr_carea' id='block_1_10' title="bbox 2947 2362 2962 3077">
    <p class='ocr_par' dir='ltr' id='par_1_13' title="bbox 2947 2362 2962 3077">
     <span class='ocr_line' id='line_1_74' title="bbox 2947 2362 2962 3077; baseline 0 0"><span class='ocrx_word' id='word_1_412' title='bbox 2947 2362 2962 3077; x_wconf 95' lang='lat' dir='ltr'><strong> </strong></span> 
     </span>
    </p>
   </div>
  </div>
 </body>
</html>
