3034 4925
1002 403 1143 451 Lm.
1190 400 1303 451 ιιι.
1352 400 1515 452 cst.
1557 387 1662 452 14.
2284 388 2439 457 ’561-

240 552 414 613 tem:
439 550 468 586 ”
505 547 592 612 ab
623 548 916 612 externis
953 550 1156 613 armis
1192 549 1407 615 otium
1442 549 1591 614 fuit.
1683 548 1875 627 Cum,
1907 546 2091 615 velut
2126 553 2431 631 victores,

234 650 507 727 tribuni,
552 649 878 733 perculsis
909 648 1220 715 Patribus
1253 650 1568 716 Kaesonis
1593 651 1825 729 exilio,
1857 672 2061 737 prope
2101 655 2428 737 perlatam

235 769 395 815 esse
424 751 771 817 crederent
798 752 1059 835 legem,¹’
1100 758 1187 831 et,
1235 754 1418 837 quod
1456 754 1543 818 ad
1594 755 1887 818 seniores
1920 754 2194 820 Patrum
2228 759 2435 840 perti-

233 860 379 931 net,
411 855 786 920 cessissent
807 857 1227 938 possessione
1256 859 1351 921 rei
1377 857 1668 941 publicae
1687 878 1707 939 3
1728 869 1749 895 ⁸
1781 858 2103 942 junioreS,
2127 860 2197 923 id
2216 861 2433 924 maxi-

234 975 350 1019 me
378 956 563 1038 quod
610 955 934 1022 Kaesonis
987 958 1319 1023 sodalium
1367 959 1538 1035 fuit}
1582 976 1829 1024 auxere
1865 961 2002 1026 iras
2040 962 2111 1025 in
2143 962 2430 1044 plebem,

235 1078 379 1122 non
406 1059 782 1125 minuerunt
811 1062 1092 1127 animos.
1179 1061 1315 1125 Sed
1345 1061 1440 1125 ibi
1473 1062 1834 1145 plurimum
1876 1064 2246 1148 profectum
2280 1072 2435 1142 est?

237 1159 424 1244 quod
450 1161 651 1225 modo
684 1163 975 1244 quodam
1004 1167 1456 1247 temperavere
1489 1166 1776 1250 impetus
1820 1186 2007 1232 suos.
2094 1165 2263 1232 Cum
2295 1168 2436 1249 pri-

147 1306 158 1315 ·
236 1281 359 1326 mo
407 1270 565 1347 post
617 1262 940 1329 Kaesonis
992 1267 1267 1331 exilium
1314 1267 1432 1331 lex
1484 1276 1711 1352 coepta
1756 1269 1913 1334 ferri
1956 1275 2081 1347 est,
2128 1270 2441 1335 instructi

239 1366 596 1449 paratique
629 1386 778 1431 cum
808 1368 1061 1449 ingenti
1105 1370 1448 1436 clientium
1487 1373 1783 1438 exercitu
1816 1373 1915 1438 sic
1963 1374 2286 1451 tribunos,
2316 1374 2436 1437 ubi

239 1469 532 1551 primum
552 1476 1044 1537 summoventes
1069 1474 1414 1556 praebuere
1440 1490 1743 1554 causam,
1775 1475 1992 1540 adorti
2024 1481 2200 1556 sunt,
2223 1479 2299 1539 ut
2320 1487 2437 1540 ne-·‘

240 1588 358 1634 mo
406 1588 572 1634 unus
628 1571 783 1637 inde
827 1576 1243 1659 praecipuum
1285 1578 1649 1662 quicquam
1694 1579 1921 1661 gloriae
1967 1577 2232 1642 domum
2266 1577 2435 1641 invi-

244 1672 462 1737 diaeve
519 1674 805 1756 ferret3‘
848 1677 1025 1742 mille
1070 1698 1191 1762 pro
1243 1696 1377 1746 uno
1429 1680 1770 1745 Kaesones
1821 1679 2150 1756 extitisse,
2198 1678 2436 1762 plebes

243 1782 648 1859 quereretur.
736 1776 984 1844 Mediis
1033 1779 1319 1861 diebus?
1362 1783 1615 1866 quibus
1673 1778 1925 1849 tribuni
1976 1780 2059 1845 de
2109 1781 2256 1863 lege
2302 1798 2438 1843 non

243 1886 535 1958 agerent,
563 1878 727 1943 nihil
757 1881 1008 1946 eisdem
1038 1883 1175 1948 illis
1214 1884 1555 1967 placidius
1587 1890 1704 1951 aut
1735 1882 2024 1968 quietius
2053 1889 2217 1947 erat.
2305 1883 2436 1946 Be-

242 1978 441 2063 nigne
500 1981 817 2060 salutare,
873 1984 1127 2068 alloqui
1175 1986 1399 2069 plebis
1448 1987 1772 2064 homineS‚
1811 1986 2084 2050 domum
2135 1985 2437 2061 invitare,

247 2078 487 2147 adesse
515 2085 588 2148 in
618 2083 816 2163 foro,¹’
861 2086 1159 2151 tribunos
1206 2089 1397 2173 ipsos
1445 2095 1667 2154 cetera
1694 2088 1838 2172 pati
1878 2089 2021 2152 sine
2057 2086 2439 2168 interpella-

247 2185 435 2250 tione
465 2187 752 2263 concilia
781 2187 1066 2255 habere:
1111 2209 1448 2275 nunquam
1470 2190 1615 2269 ulli,
1645 2208 1863 2274 neque
1897 2188 2191 2273 publice,
2219 2206 2439 2270 neque

245 2287 583 2368 privatim,
636 2295 855 2354 truces
900 2310 1071 2371 esse,
1115 2292 1244 2356 nisi
1287 2312 1437 2358 cnm
1483 2293 1738 2376 delego
1767 2291 1876 2375 agi
1907 2294 2202 2374 coeptum
2237 2296 2437 2353 esset.

247 2388 439 2453 Alibi
485 2391 833 2477 popularis
866 2392 1180 2478 juventus
1225 2399 1391 2459 erat.
1479 2384 1631 2458 Nec
1676 2402 1904 2458 cetera
1947 2390 2152 2455 modo
2193 2391 2439 2454 tribuni

246 2494 599 2577 tranquillo
619 2501 643 2543 ⁵
688 2514 1032 2579 peregere3
1057 2504 1084 2545 ‘¹
1129 2495 1251 2563 sed
1299 2495 1533 2563 refecti
1574 2507 1850 2581 'quoque
1879 2494 1947 2559 in
1979 2495 2439 2579 insequentem

312 2692 341 2719 ¹·
375 2686 513 2735 Cives
531 2692 774 2750 occupatos
794 2688 960 2738 imit.

311 2757 334 2783 ⁸
369 2751 489 2799 Cum
524 2752 724 2811 tribuni,
754 2756 977 2815 tunquam
1007 2752 1225 2814 victores,
1262 2754 1572 2805 Senator-ibas
1605 2754 1751 2804 exilio
1783 2753 2006 2803 Koesoat's
2036 2752 2243 2820 afflictis,
2288 2753 2441 2811 legem

244 2829 336 2875 pro
356 2814 462 2874 jum
480 2816 667 2864 omnino
686 2817 786 2867 latu
805 2816 1047 2878 haberent,
1068 2833 1259 2883 cumque
1278 2820 1483 2869 seniores
1515 2835 1579 2868 ex
1610 2819 1895 2869 Senatorum
1929 2833 2125 2868 numero
2155 2815 2443 2866 remisissent

232 2880 326 2939 jus
344 2880 731 2929 administranda
744 2886 864 2945 reip.
887 2898 976 2945 quo
996 2884 1219 2933 haeream
1233 2884 1378 2948 potiti
1384 2885 1604 2941 fuerant.

316 2944 335 2975 ⁸
371 2944 418 2992 Ii
437 2947 715 3007 prasertim,
735 2947 1307 3009 qnisomilioressueront
1329 2949 1574 2998 Koesont's.

314 3016 346 3041 ⁸
378 3008 439 3057 In
458 3023 511 3056 eo
532 3012 730 3059 maleum
749 3010 1045 3073 profecerunt
1053 3012 1270 3074 juniores
1287 3014 1362 3062 ini
1385 3014 1658 3064 Senatores.

316 3080 345 3104 ⁸
380 3074 502 3122 Cum
521 3074 722 3135 primum
745 3076 953 3139 (tribuni
972 3077 1164 3140 plebis),
1187 3077 1397 3139 jubendo
1435 3078 1606 3141 depelli
1642 3078 1887 3142 patricios,
1910 3078 2196 3128 occasionem
2216 3079 2443 3127 dederunt

247 3136 467 3197 rixandi,
499 3139 552 3186 hi
570 3140 730 3190 adorti
758 3146 868 3189 sunt
892 3141 1106 3191 tribunos
1118 3159 1138 3201 ,·
1171 3142 1244 3192 ita
1264 3148 1317 3192 itt
1338 3144 1461 3192 nihil
1478 3145 1741 3206 quisquam,
1764 3144 1862 3193 sive
1879 3145 2066 3206 glor-ite,
2084 3144 2187 3192 sive
2207 3144 2325 3206 odii,
2343 3149 2447 3206 pra!

247 3203 424 3252 ceteris
445 3205 631 3252 domum
650 3210 911 3267 reportaret
924 3223 945 3266 ‚·
977 3221 1110 3257 nemo
1131 3208 1293 3257 mitior
1312 3207 1476 3258 iisdem
1485 3209 1756 3271 junioribus
1773 3208 2097 3267 Senator-ibus,
2115 3211 2197 3272 ξε.
2434 3245 2439 3252 1

1244 3337 1458 3388 NOTAE

324 3439 347 3464 ¹¹
385 3431 622 3482 Pei-latum
659 3447 756 3483 esse
791 3434 1033 3485 crederent
1051 3436 1226 3500 legem]
1264 3433 1312 3484 A
1393 3442 1557 3498 retur,
1576 3442 1820 3498 essetque
1856 3433 2075 3484 facultas
2112 3431 2299 3494 cuique
2331 3445 2451 3480 eam

248 3507 538 3557 Terentilio
574 3521 762 3572 nempe
794 3517 947 3558 antea
978 3511 1316 3573 propositam,
1389 3513 1616 3575 legendi,
1649 3527 1711 3561 ac
1743 3511 1810 3559 de
1834 3511 2049 3572 singulm
2081 3508 2336 3572 capitibus
2360 3506 2447 3557 de-

252 3583 326 3631 de
360 3583 674 3664 modeiffndo
704 3586 921 3648 imperio
956 3585 1230 3647 consulari,
1245 3586 1313 3635 de
1392 3587 1667 3648 liberandi,
1699 3586 1780 3634 uti
1818 3599 1886 3634 ex
1923 3584 2143 3647 Dionys.
2182 3583 2267 3633 lib.
2291 3596 2346 3631 x.
2387 3583 2449 3631 li-

252 3675 362 3725 qna
384 3676 433 3711 c.
454 3666 506 3713 9.
529 3663 611 3712 cni
629 3664 732 3728 legi
755 3664 882 3713 nihii
902 3663 1213 3715 obstiturum
1240 3664 1312 3712 vi·
1390 3671 1536 3727 quet,
1555 3670 1607 3711 et
1632 3660 1863 3711 indicant
1883 3658 2161 3709 decemviri
2185 3671 2234 3707 c.
2253 3662 2336 3708 ³4.
2353 3657 2449 3707 hu-

251 3736 498 3788 debatur.
561 3738 686 3790 Jam
727 3739 935 3804 quidem
989 3741 1315 3804 promulgata
1384 3741 1476 3805 jus
1497 3741 1636 3792 libri.

249 3813 347 3874 lex
382 3812 591 3864 fuerat:
623 3814 717 3864 sed
757 3829 859 3865 non
895 3816 1007 3866 lata
1035 3823 1091 3866 et
1122 3816 1314 3880 populo
1459 3824 1487 3859 Ρ
1516 3819 1695 3868 Adesse
1714 3813 1915 3877 insero]
1939 3812 2296 3865 Defendendis
2310 3811 2449 3864 forte

252 3889 500 3952 Pf⁰b⁸tffi
1351 3919 1358 3928 ·
1396 3893 1720 3958 plebeiorum
1739 3891 1930 3939 causis·

322 3973 347 3999 ⁰
367 3965 549 4016 Mediis
564 3968 752 4032 diebus]
776 3968 909 4018 Post
924 3969 1192 4019 recitatam
1212 3969 1315 4034 pri·
1459 3977 1483 4011 ¹¹
1501 3971 1671 4018 Cetera
1683 3968 1815 4015 modo
1830 3964 2011 4014 tribuni
2023 3964 2274 4027 tranquillo
2290 3964 2450 4029 [tran-

252 4056 399 4093 mum
436 4042 625 4107 legem,
660 4045 947 4095 trinundini
985 4045 1208 4110 spatium
1239 4046 1317 4095 in·
1395 4043 1561 4109 quiue]
1579 4041 1823 4107 peregere]
1856 4038 2002 4089 Alias
2025 4040 2294 4103 tranquillo.
2352 4041 2448 4090 Di—

253 4117 646 4180 terjiciebatur‚
682 4118 734 4168 id
758 4126 859 4182 est,
892 4120 1004 4172 dies
1037 4129 1239 4186 septem
1262 4128 1318 4173 et
1398 4123 1535 4171 citur
1570 4128 1742 4169 autem
1778 4114 1972 4182 aliquid
2014 4118 2287 4183 tranquillo
2316 4116 2455 4182 fieri,

256 4193 467 4255 viginti,
500 4200 559 4242 ut
581 4195 741 4244 tribus
764 4196 1107 4248 nundinarum
1136 4198 1319 4247 diebus
1400 4213 1515 4247 cum
1540 4197 1723 4245 coelum
1743 4194 1952 4245 estsine
1973 4200 2301 4257 tempestate.
2368 4197 2459 4244 Li*

251 4269 515 4321 advocata
535 4272 782 4323 concione
814 4274 900 4323 lex
922 4273 1111 4325 iterum
1134 4271 1317 4326 recita·
1400 4273 1517 4324 vius
1535 4272 1714 4338 itaque
1749 4272 2016 4336 eleganter
2044 4271 2237 4335 posuit,
2268 4277 2324 4320 nt
2348 4269 2455 4333 sig*
