3034 4925
532 339 663 406 304
1465 350 1532 399 T.
1580 349 1773 399 mvn

537 518 769 565 omnes
814 498 996 564 cives
1040 495 1352 572 Romani,
1398 496 1666 581 equites
1710 492 2125 581 peditesque,
2159 494 2226 558 in
2265 489 2722 575 suis-quisque

539 601 874 678 centuriiS,
905 600 973 665 in
1021 619 1267 684 campo
1320 596 1573 665 Martio
1604 605 1691 636 ²¹¹²
1734 598 1950 683 prima
1995 598 2145 662 luce
2183 596 2531 661 adessent.
2618 591 2721 656 Ibi
2805 679 2816 686 μ

537 705 933 769 instructum
990 702 1357 767 exercitum
1411 721 1673 768 omnem
1719 700 2330 766 suovetaurilibus¹¹
2374 691 2734 788 lustravit!

542 801 762 891 quue
819 804 1156 871 conditum
1194 805 1526 870 lustrum⁰
1567 804 2008 889 appellatum,-
2048 803 2250 887 quia³
2293 801 2353 865 is
2400 795 2727 864 censendo

540 908 694 974 finis
714 918 740 959 Ρ
783 912 998 976 factus
1024 919 1152 976 est.
1243 908 1465 974 Millia
1493 908 1876 992 octogintaq
1919 926 2002 972 eo
2024 907 2236 971 lustro
2249 904 2502 970 civium
2529 919 2728 965 censa

598 1042 633 1086 s
658 1043 809 1095 Sacro
824 1043 1057 1109 piaculari
1074 1041 1317 1108 purgavit.

1454 1151 1823 1176 ‘OOOOOmOOO

544 1241 601 1291 τὸ
624 1242 824 1298 Martio,
847 1255 1014 1305 neque
1039 1241 1174 1291 euim
1198 1239 1366 1290 adhuc
1387 1254 1449 1290 ea
1475 1247 1788 1306 tempestate
1822 1237 1986 1290 Marti
2009 1242 2346 1288 consecratus
2371 1230 2583 1284 fuerat!
2620 1231 2736 1281 Ten.

547 1307 816 1357 Faba—3
851 1307 1073 1360 Quidam
1098 1307 1279 1372 legunt
1298 1308 1383 1371 qai
1407 1320 1497 1372 pro
1519 1307 1645 1372 quia·
1667 1307 1788 1357 Vid.
1813 1302 1907 1356 inf.
1931 1312 1987 1355 et
2012 1304 2142 1355 Not.
2167 1305 2393 1353 Van—4
2426 1299 2580 1380 vulg.
2612 1302 2736 1362 post·

1534 1454 1757 1507 NOTAE

552 1554 765 1619 exclusi,
784 1553 979 1619 quippe
1022 1569 1236 1607 numero
1275 1556 1467 1607 civium
1499 1569 1603 1605 non
1637 1569 1642 1572 ·
1683 1553 1816 1615 n'lia,
1838 1551 2009 1618 (quasi
2033 1565 2066 1602 a
2090 1549 2259 1601 solido
2278 1553 2429 1599 tanro
2448 1545 2739 1610 ceterisque

548 1632 734 1683 habiti.
801 1631 965 1682 Miror
980 1632 1180 1683 Livium
1202 1640 1356 1684 antea
1371 1648 1472 1684 non
1495 1632 1605 1683 dix·
1687 1626 2038 1693 animalibus,)
2072 1640 2175 1677 non
2207 1632 2412 1676 tantum
2444 1622 2741 1683 lustrandis,

550 1710 655 1759 isse
689 1723 922 1774 quaenam
947 1710 1030 1759 lex
1053 1709 1139 1760 illa
1163 1718 1337 1772 esset;
1368 1717 1448 1761 est
1470 1703 1628 1760 enim¹
1686 1709 1794 1759 sive
1818 1707 2087 1773 expiandis
2118 1706 2337 1769 civibus,
2357 1710 2413 1755 et
2436 1700 2740 1754 militaribus

556 1791 714 1836 rectia
749 1786 1056 1836 narrationis
1080 1787 1274 1852 regula,
1296 1786 1421 1836 nihil
1451 1788 1504 1836 in
1528 1801 1608 1836 se·
1689 1785 1874 1851 copiis,
1905 1785 1997 1834 sed
2022 1784 2159 1848 agris
2201 1795 2405 1848 qnoque
2445 1777 2742 1844 frugibasve

553 1861 830 1926 quentibus
854 1861 1027 1913 dicere
1044 1862 1182 1928 quod
1197 1878 1298 1914 nou
1321 1879 1385 1914 ex
1403 1871 1611 1914 antece·
1692 1860 1973 1927 purgandis
2006 1860 2407 1922 adhibebantur,
2437 1871 2556 1908 cum
2588 1855 2744 1906 Amb-

557 1940 803 1990 dentibns
840 1940 1066 2005 intelligi
1108 1948 1284 2006 queat,
1330 1949 1419 1993 aut
1461 1950 1610 1993 certe

557 2016 693 2082 quod
719 2031 820 2067 non
843 2023 1148 2082 exponatur,
1168 2019 1256 2069 ubi
1283 2019 1500 2083 primum
1524 2033 1611 2070 oc-

557 2095 696 2145 casio
719 2094 966 2158 postulat.
996 2095 1055 2145 J.
1091 2096 1321 2149 Clericus.

627 2170 642 2205 ¹
680 2170 985 2222 Vim-ntorum
1015 2171 1161 2223 asinis
1180 2173 1454 2239 mortisque]
1493 2174 1614 2224 Ρω-

564 2264 631 2299 na
654 2263 804 2313 quam
827 2250 912 2300 lex
937 2250 1102 2300 Servii
1136 2251 1294 2301 Tullii
1325 2252 1616 2303 minabatur

560 2326 806 2390 incensis,
825 2327 912 2393 qui
937 2327 1055 2378 dolo
1077 2328 1211 2379 malo
1226 2344 1281 2379 se
1297 2344 1481 2396 resque
1497 2345 1616 2381 suas

566 2417 688 2452 vera
711 2401 1059 2456 aestimatione
1081 2404 1282 2455 censeri
1306 2420 1409 2456 non
1444 2421 1618 2457 curas-

560 2490 694 2548 sent,
736 2482 962 2532 traditur
1026 2498 1058 2534 a
1113 2483 1366 2549 Dionysio
1405 2484 1620 2551 aliisque

563 2558 744 2622 fnisse,
763 2566 841 2616 ut,
864 2559 1141 2625 publicatis
1154 2560 1320 2623 bonis,
1336 2560 1621 2618 verberati,

569 2645 711 2686 trans
729 2636 956 2688 Tiberim
975 2637 1410 2689 venumdarentur
1431 2639 1483 2688 in
1507 2653 1624 2705 per·

571 2714 802 2777 egi-inam
849 2715 1175 2766 servitutem.
1239 2717 1432 2768 Mortis
1468 2715 1628 2780 igitur

568 2791 901 2842 comminatio
939 2806 1042 2843 non
1074 2792 1139 2845 ad
1175 2793 1427 2859 incensos,
1444 2794 1537 2844 sed
1559 2792 1628 2844 ad

569 2882 659 2918 eos
685 2868 917 2932 pertinet
953 2869 1041 2936 qui
1071 2870 1341 2922 lustrando
1375 2872 1630 2923 exercitui

567 2946 624 2995 in
645 2959 830 3009 campo
851 2960 952 2996 non
988 2947 1245 2999 adessent.

636 3029 673 3055 ¹¹¹
706 3022 767 3071 In
788 3036 948 3087 cumpo
987 3023 1197 3087 Martio]
1247 3024 1389 3090 Ager
1430 3027 1632 3078 scilicet

560 3099 710 3167 inter
751 3098 951 3149 Urbem
1000 3115 1061 3151 ac
1115 3101 1362 3166 Tiberim,
1393 3104 1482 3168 qni
1514 3111 1634 3169 post

575 3176 802 3226 Martius
824 3176 996 3228 dictus
1014 3184 1115 3239 est,
1135 3193 1201 3229 ex
1217 3193 1334 3244 quo,
1351 3180 1632 3243 publicatis

570 3252 965 3318 Tarquiniorum
1001 3252 1163 3320 bonis,
1186 3255 1359 3306 Marti
1395 3264 1480 3307 est
1511 3272 1632 3308 con-

574 3337 827 3395 secratus,
851 3329 984 3380 infra
1002 3330 1093 3382 lib.
1116 3345 1182 3382 11.
1206 3345 1322 3398 cap.
1341 3338 1391 3386 5.
1425 3335 1634 3385 Deinde

572 3406 677 3458 fuit
699 3408 750 3458 in
768 3408 979 3473 regione
997 3413 1047 3460 9.
1097 3408 1238 3462 Circi
1261 3412 1520 3476 Flaminii,
1544 3428 1633 3463 ex·

576 3493 661 3536 tra
683 3485 879 3537 Urbem
904 3494 1076 3537 tamen
1094 3487 1160 3537 ad
1181 3486 1450 3541 Aureliani
1470 3506 1633 3558 usqne

573 3564 914 3629 Imperatoris
957 3571 1211 3630 tempora.
1277 3567 1512 3620 Vocatur
1544 3570 1635 3621 lio-

577 3640 767 3708 dieque
793 3643 971 3708 Gampo
993 3643 1178 3695 Mam.

641 3726 666 3752 ¹¹
696 3720 1124 3789 Suovetaarilibas]
1158 3721 1291 3774 Haec
1334 3739 1483 3776 sacra
1522 3725 1633 3778 fue·

575 3804 716 3861 runt,
738 3799 926 3864 quibus
959 3800 1142 3851 bostiae
1167 3815 1272 3866 sus,
1291 3802 1420 3866 ovis,
1440 3809 1498 3854 et
1521 3810 1634 3854 tau·

578 3885 664 3922 rns
687 3872 850 3944 (unde
872 3875 989 3926 huic
1012 3875 1265 3928 sacrificio
1298 3878 1511 3946 nomen)
1535 3880 1636 3930 cir·

576 3963 641 3999 cs
660 3952 946 4003 exercitum
978 3959 1061 4004 ter
1079 3954 1462 4008 mactabantur.
1526 3959 1636 4009 Ha-

581 4026 921 4078 licarnasseus
945 4044 1039 4093 pro
1060 4045 1152 4082 sue
1173 4032 1373 4085 hircum
1392 4035 1638 4101 subjicit=

581 4119 773 4170 easque
797 4106 1031 4156 victimas
1050 4108 1212 4160 Marti
1225 4108 1381 4162 fnisse
1404 4112 1638 4163 immola·

581 4189 665 4232 tas
682 4180 865 4233 refert.
930 4184 1062 4235 Haec
1074 4192 1256 4238 antem
1270 4188 1638 4255 Sanetuurilia,

581 4261 709 4328 sive,
731 4270 790 4313 ut
814 4261 953 4328 apud
970 4263 1178 4316 Festum
1197 4268 1405 4331 legitur,
1425 4269 1636 4320 Solitas·
1665 4250 1674 4253 “

1692 1939 1886 1990 arralia
1899 1937 2112 1989 fiebant.

1756 2015 2185 2081 &omani-ilibus]
2213 2011 2465 2065 Mactatis
2493 2017 2661 2067 tauro,
2694 2024 2747 2060 a·

1694 2094 1844 2156 riete,
1864 2100 1921 2144 et
1956 2092 2120 2157 hirco,
2144 2099 2203 2142 ut
2234 2092 2393 2142 docet
2417 2089 2691 2154 Dionysias
2712 2088 2749 2137 l.

1693 2185 1769 2222 xv.
1792 2175 1940 2228 0.,22.
1972 2171 2081 2221 Pro
2114 2170 2276 2234 hirco,
2309 2167 2399 2218 alii
2438 2180 2638 2217 verrem
2671 2163 2748 2213 di·

1695 2256 1837 2306 cunt,
1859 2247 1993 2314 quod
2012 2247 2183 2297 verius
2201 2246 2426 2296 videtur.
2462 2244 2595 2295 Vide
2614 2242 2752 2296 Just.

1698 2327 1929 2390 Lipsium
1949 2326 2015 2376 ad
2030 2325 2289 2391 Tacitum,
2306 2324 2444 2375 Hist.
2457 2324 2494 2373 l.
2511 2336 2590 2373 xv.
2606 2336 2653 2374 c.
2667 2325 2749 2372 53.

1696 2405 1754 2455 J.
1778 2403 2009 2454 Clericus·

1765 2489 1790 2517 ⁰
1819 2480 2074 2547 Lustrum]
2109 2479 2157 2531 Α
2187 2479 2378 2537 luendo
2402 2478 2617 2539 dietum,
2638 2491 2750 2527 cum

1700 2559 1880 2624 quinto
1902 2573 2108 2624 quoque
2140 2571 2273 2608 anno
2297 2563 2489 2608 exacto
2519 2555 2635 2606 fieri
2668 2556 2753 2606 de·

1702 2636 1888 2688 berete
1925 2638 2121 2688 idcirco
2144 2637 2344 2687 lustr-m
2362 2648 2457 2701 pro
2470 2634 2753 2700 quinquen·

1702 2714 1788 2765 nio
1816 2714 2052 2765 sumitur.

1767 2801 1794 2837 Ρ
1828 2793 1955 2851 Quia
1976 2793 2020 2843 is
2036 2790 2419 2860 censendofinis]
2441 2788 2755 2841 Particulam

1703 2869 1823 2933 quia
1844 2871 2089 2935 Sigonius
2112 2877 2281 2921 mutat
2315 2870 2369 2920 in
2397 2868 2536 2934 quin,
2571 2866 2756 2918 Grute-

1705 2959 1790 2997 rus
1812 2947 1972 3011 delet,
2007 2948 2303 2999 Gronovius
2323 2947 2538 3001 retinet,
2567 2956 2761 2995 omnes·

1705 3038 1806 3089 que
1846 3023 2131 3088 praeferunt
2168 3024 2301 3075 libri.
2383 3021 2756 3084 Constabitqne

1706 3101 1965 3152 sententia
1997 3108 2053 3151 et
2091 3100 2223 3152 ratio
2262 3114 2357 3163 per
2394 3113 2509 3149 eam
2543 3096 2759 3162 partica·

1709 3178 1811 3228 lam
1834 3178 2132 3243 subjuncta,
2156 3179 2198 3227 si
2220 3176 2368 3228 lustri
2392 3176 2606 3226 nomine
2627 3180 2758 3225 totus

1708 3256 1960 3307 censionis
1983 3263 2037 3306 et
2059 3253 2381 3320 purgationis
2404 3260 2552 3302 actus
2574 3249 2758 3302 intelli-

1710 3341 1880 3402 gatur.
1948 3333 2033 3384 Sic
2054 3333 2191 3383 enim
2211 3337 2355 3382 recte
2391 3331 2623 3381 dicemus
2655 3328 2758 3393 pia·

1710 3414 1884 3464 colare
1934 3409 2363 3462 suovetaurilium
2436 3406 2756 3466 sacrificium,

1710 3506 1827 3558 quae
1860 3492 2193 3555 magistratus
2216 3502 2429 3545 censum
2455 3486 2658 3552 agentis
2689 3486 2757 3534 ul·

1713 3570 1838 3621 tima
1882 3567 2022 3619 actio
2061 3576 2192 3630 erat,
2225 3567 2485 3628 conditum,
2517 3566 2631 3614 sive
2652 3576 2758 3628 pes·

1710 3643 1907 3696 fectum
1940 3645 2159 3706 lustrum,
2196 3643 2392 3694 idcirco
2430 3641 2762 3707 appellatum,

1710 3723 1823 3787 qaia
1843 3722 1887 3772 is
1904 3724 2129 3774 censendo
2171 3721 2248 3786 (id
2285 3727 2384 3776 est,
2413 3720 2596 3771 censui
2649 3730 2759 3783 per·

1712 3798 1943 3867 agendo)
1960 3799 2262 3867 finissactas
2291 3803 2431 3850 erut.-
2485 3796 2624 3862 quod
2665 3809 2759 3845 non

1713 3892 1922 3944 semper
1945 3877 2302 3942 contingebat.
2364 3876 2423 3927 Si
2446 3875 2586 3925 enim
2608 3886 2760 3924 annas

1712 3955 1904 4021 insigni
1946 3955 2118 4020 aliqua
2172 3955 2475 4004 calamitate
2536 3948 2761 4001 funestas

1713 4040 1873 4091 esset,
1896 4040 2020 4085 tunc
2040 4046 2226 4083 census
2259 4030 2372 4082 sins
2405 4031 2576 4080 lustro
2593 4026 2760 4081 flebat·

1714 4119 1771 4163 ut
1794 4109 1933 4162 infra
1956 4112 1990 4161 l.
2012 4125 2073 4161 tt.
2095 4124 2143 4162 c.
2166 4113 2247 4161 12.

1776 4197 1803 4233 εΙ
1836 4189 2001 4240 Miltia
2035 4187 2273 4251 octoginta
2308 4183 2593 4251 [LXXX]
2641 4182 2756 4235 Dio·

1714 4268 1888 4335 nysius
1922 4281 1989 4319 ex
2028 4266 2218 4319 tabulis
2247 4264 2510 4325 censoriis
2532 4263 2760 4314 numerat
