3034 4925
1002 389 1146 439 ma.
1193 389 1275 438 ιι.
1322 388 1493 439 cm».-
1530 373 1639 440 34.
2282 375 2413 444 439

208 533 584 616 dignitates
625 532 883 600 diutius
925 535 1164 619 patiar,
1184 545 1189 552 '
1212 551 1407 619 quam
1455 553 1725 601 necesse
1766 537 1914 601 est‘l
1976 533 2412 620 Tarquinium

208 656 444 718 regem
489 638 605 722 qui
654 657 787 702 non
836 638 1143 710 tulerim,¹
1188 637 1510 703 Sicinium
1559 638 1819 703 feram?
1887 637 2172 704 Secedat
2214 656 2411 717 nunc,

208 747 469 807 avocet
486 741 749 827 plebem
769 763 788 823 3
833 747 1021 827 patet
1038 743 1150 811 via
1169 742 1238 808 in
1256 742 1531 808 Sacrum
1555 748 1843 808 montem
1859 742 2162 827 aliosque
2178 742 2410 808 colles.

210 840 524 927 Rapiant
571 842 892 911 frumenta
935 864 1047 911 ex·
1071 846 1245 930 agris
1278 846 1558 924 nostris,
1609 845 2166 930 quemadmodum
2214 843 2411 911 tertio

206 964 402 1011 anno
429 956 768 1032 rapuere-³y
812 946 1099 1016 Utantur
1126 954 1471 1026 annona,¹⁴
1493 968 1700 1033 quam
1742 947 1964 1015 furore
1996 967 2120 1014 suo
2154 946 2413 1014 fecere.⁸

1136 1130 1500 1154 ‘HOMO

208 1246 333 1297 Mas
386 1248 561 1303 Veith.
605 1263 900 1316 perperam·
922 1250 1114 1316 legitur
1150 1251 1315 1302 missos
1443 1283 1459 1303 .
1483 1249 1750 1303 radendos?
1788 1250 2112 1303 Stroth—14
2149 1250 2409 1316 Fruuntur,

1206 1414 1424 1488 nom:

208 1522 431 1575 nempe,
475 1526 534 1562 ac
574 1512 752 1564 eodem
799 1514 970 1579 pretio
1015 1529 1117 1584 quo
1157 1520 1277 1565 ante
1416 1521 1440 1557 5
1478 1513 1640 1564 Tertio
1658 1528 1780 1564 anno
1801 1512 2020 1578 rapuere]
2066 1512 2293 1563 Tertium
2319 1526 2406 1562 au·

207 1588 533 1658 seditionem
555 1588 745 1642 fuerat.
1353 1605 1475 1641 num
1495 1591 1649 1653 dicit,
1683 1598 1802 1639 anta
1824 1591 1921 1640 hoc
1959 1596 2177 1655 tempus,
2198 1603 2301 1655 qno
2334 1590 2407 1639 lo·

285 1667 433 1718 'Sub
451 1668 627 1733 jugum
655 1672 848 1737 suissuis]
881 1671 1279 1737 Metaphorice3
1354 1669 1629 1735 qnebatur.
1714 1669 1961 1732 Coeperat
2030 1667 2164 1718 enim
2203 1666 2408 1717 ’seditio

211 1747 371 1812 quasi
407 1748 568 1807 dicat,
605 1765 721 1808 cum
771 1752 982 1817 reliquis
1025 1750 1279 1815 patriciis,
1353 1745 1624 1795 desinente
1655 1744 1720 1796 A.
1744 1745 1968 1808 Virginii
2004 1751 2058 1794 et
2094 1745 2160 1796 T.
2201 1744 2409 1795 Vetusii

207 1825 364 1874 velut
401 1824 453 1875 in
491 1828 795 1877 servitutem
827 1829 1086 1878 redactus.
1149 1827 1279 1876 Erat

207 1902 357 1951 enim
388 1902 570 1967 jugum
611 1905 829 1968 patibuli
864 1904 1090 1971 species,
1113 1904 1276 1953 tribus

205 1979 381 2029 hastis
398 1982 619 2044 tignisve
638 1990 901 2045 constans,
922 1996 1133 2049 quarum
1152 1980 1277 2031 duo-

204 2053 313 2105 bus
349 2058 558 2119 erectis,
582 2065 739 2123 atque
773 2059 823 2107 iu
860 2066 1052 2109 terram
1074 2056 1277 2114 defixis,

207 2131 383 2182 tertia
405 2138 695 2184 transversa
720 2135 1100 2200 imponebatur.
1167 2132 1277 2184 Sub

207 2221 281 2257 eo
307 2208 431 2258 victi
463 2224 494 2258 a
512 2209 810 2260 Victoribus
832 2210 1072 2263 discincti
1100 2201 1277 2260 trada-

208 2283 491 2350 cebantur,
550 2293 607 2337 ut
658 2288 897 2339 subactos
951 2287 1276 2354 domitosque

208 2376 334 2412 esse
380 2361 778 2429 intelligeretur,
822 2367 898 2416 uti
964 2380 1030 2416 ex
1076 2365 1276 2416 Nostro

205 2440 307 2492 lib.
332 2453 421 2491 ιιι.
442 2455 489 2492 c.
511 2446 594 2494 28.
645 2443 758 2495 Cic.
784 2458 873 2497 ιιι.
906 2442 973 2495 da
1006 2441 1114 2495 Off.
1137 2442 1276 2495 aliis-

208 2532 317 2583 que
350 2518 594 2583 colligere
617 2528 737 2571 ests

279 2602 308 2628 ¹
347 2596 652 2661 Tarquinium
672 2614 833 2661 regem
853 2599 935 2663 qui
950 2613 1042 2648 uon
1061 2596 1279 2660 tulerim]

210 2671 390 2723 Notat
425 2674 507 2723 hic
543 2674 830 2741 Tanaquill.
854 2674 1028 2725 Faber
1064 2688 1095 2724 a
1129 2674 1279 2723 Livio

207 2750 267 2799 in
311 2756 543 2813 tempora
570 2752 795 2816 peccari,
819 2753 906 2817 qni
946 2746 1276 2801 Coriolanum

209 2827 378 2890 paulo
415 2834 536 2877 ante
576 2828 840 2893 (nimirum
880 2826 1057 2892 mss.)
1080 2826 1277 2877 adoles·

210 2912 425 2972 centem
446 2903 653 2967 fecerit,
673 2913 854 2969 postea
889 2903 1050 2955 faciat
1079 2918 1276 2954 sanem.

209 2979 288 3030 Et
310 2994 436 3030 sane
459 2981 500 3031 si
523 2988 647 3032 ante
670 2981 948 3032 triennium
966 2981 1278 3031 adolescens

211 3064 355 3118 erat,
390 3058 608 3109 necdum
650 3059 796 3108 annis
837 3059 1061 3125 quinque
1105 3064 1160 3109 et
1205 3057 1278 3107 'vi-

212 3135 352 3200 ginti
376 3136 556 3202 major,
590 3151 693 3202 qua
725 3137 925 3187 ratione
948 3135 1153 3201 jactare
1189 3148 1279 3199 po·

212 3212 319 3262 tuit
350 3218 409 3262 'se
440 3210 776 3278 Tarquinium
815 3227 917 3263 non
956 3213 1153 3275 tulisse,
1191 3212 1279 3277 qui

214 3297 341 3340 ante
379 3305 540 3342 annos
575 3292 864 3342 octodecim
890 3292 1066 3357 pulsus
1088 3287 1280 3354 fuerat,

213 3383 318 3433 quo
362 3366 603 3434 tempore
648 3369 950 3420 Coriolanus
993 3370 1081 3419 vix
1119 3382 1279 3419 annos

214 3446 488 3496 duodecim
511 3455 679 3508 uatus,
702 3447 767 3497 ad
791 3446 1157 3497 excutiendum
1177 3445 1273 3495 Su-

214 3522 364 3588 perbi
394 3523 535 3586 regis
556 3524 736 3589 jugum
772 3538 972 3588 parum,
1008 3530 1097 3572 aut
1133 3522 1276 3584 nibil,

214 3601 419 3663 opiner,
456 3599 696 3651 conferre
740 3607 1003 3665 potuerat.
1069 3598 1276 3664 Adjicit

215 3676 408 3738 Faber,
423 3678 672 3742 explicari
693 3679 866 3744 posse,
888 3692 986 3728 nec
1001 3684 1172 3726 tamen
1189 3690 1278 3725 ex·

212 3754 409 3817 plicat:
460 3754 552 3803 sed
588 3754 846 3818 nimirum,
876 3764 937 3806 ut
974 3769 1089 3806 cum
1126 3754 1282 3819 paulo

1350 1824 1627 1874 consulatu
1670 1836 1806 1873 anno
1853 1826 1968 1873 260.
2012 1836 2114 1887 quo
2174 1828 2408 1887 tempore

1351 1907 1690 1950 commeatum
1714 1900 1919 1965 aliaque
1945 1898 2067 1950 vitae
2089 1897 2319 1948 subsidia
2341 1898 2411 1948 vi·

1351 1978 1480 2027 ciuis
1517 1991 1583 2027 ex
1624 1978 1759 2039 agris
1785 1985 1963 2042 petere
1985 1982 2256 2038 caeperunt
2273 1976 2410 2025 sedi-

1352 2055 1488 2107 tiosi.
1541 2054 1954 2105 Intercesserant
1974 2054 2268 2106 consulatus
2287 2053 2410 2115 duo,

1351 2133 1486 2182 alter
1509 2131 1604 2195 Sp.
1623 2131 1791 2181 Cassii
1816 2138 1869 2180 et
1894 2129 2146 2180 Postumii
2167 2129 2434 2186 Cominii,·

1349 2210 1483 2260 alter
1498 2207 1564 2259 T.
1588 2207 1812 2272 Geganii
1834 2216 1889 2258 et
1912 2204 2234 2259 P.·Minucii.

1412 2294 1434 2321 ⁸
1469 2288 1691 2351 Annona,
1733 2301 1871 2350 quum
1889 2285 2061 2345 surore
2099 2300 2182 2335 suo
2220 2281 2408 2345 secere]
2513 2283 2520 2288 '

1350 2362 1763 2413 Rescribendum
1810 2377 1949 2427 quam
1980 2362 2120 2421 furto
2162 2376 2294 2411 suam
2324 2360 2408 2422 se·

1346 2455 1468 2503 cere,
1506 2447 1660 2506 putat
1682 2439 1761 2490 vir
1794 2440 1978 2490 doctus
2016 2438 2152 2504 apud
2178 2438 2409 2490 Gronov.

1350 2519 1437 2583 qui
1492 2512 1618 2568 nibil
1674 2517 1969 2567 mutandum
2031 2523 2224 2566 censet.
2290 2514 2409 2566 Nec

1351 2594 1485 2645 enim
1544 2594 1725 2658 fapiua
1768 2599 1823 2643 et
1872 2593 2098 2657 direptio
2137 2593 2188 2643 vi
2235 2591 2406 2657 palam

1351 2668 1492 2720 facta
1527 2668 1718 2720 furtum
1752 2669 1856 2720 dici
1907 2675 2100 2735 potest,
2143 2682 2207 2717 ex
2248 2667 2409 2732 juris·

1350 2748 1696 2798 consultorum
1734 2747 2010 2806 sententia,
2046 2758 2215 2809 neque
2245 2741 2412 2794 fames

1348 2832 1462 2875 orta
1485 2838 1553 2874 ex
1574 2838 1640 2874 eo
1663 2823 1797 2889 quod
1830 2822 2163 2887 patriciorum
2186 2834 2253 2869 ex
2272 2820 2410 2885 agris

1350 2901 1576 2952 triennio
1600 2908 1725 2950 ante
1758 2906 1911 2963 rapta
1932 2905 2108 2948 essent
2130 2895 2410 2961 frumenta,

1348 2981 1442 3030 sed
1457 2979 1593 3045 quod
1615 2978 1799 3029 inculti
1820 2976 2026 3026 omnine
2047 2974 2212 3025 relicti
2233 2979 2412 3023 essent

1351 3057 1480 3118 agri.
1547 3057 1739 3105 Sensus
1762 3060 1845 3104 est
1867 3053 2062 3118 itaque,
2085 3057 2296 3101 utantur
2317 3063 2408 3099 an·

1351 3148 1487 3183 nona
1507 3142 1658 3183 arcta
1686 3147 1747 3182 ac
1784 3131 1932 3194 dura,
1950 3129 2151 3196 qualem
2174 3142 2267 3177 sna
2289 3140 2409 3191 per·

1352 3210 1548 3260 niciosa
1570 3215 1626 3259 et
1651 3210 1716 3258 ad
1738 3207 1967 3259 furorem
1992 3220 2154 3272 nsque
2187 3218 2411 3256 accensa

1350 3288 1606 3338 seditione
1631 3287 1730 3351 ipsi
1753 3285 1854 3336 sibi
1887 3284 2147 3346 feceruut,
2170 3295 2414 3346 agrorum

1351 3364 1610 3414 culturam
1635 3363 1965 3426 negligendo,
1995 3368 2083 3410 ant
2106 3361 2265 3410 etiam
2290 3372 2409 3422 pro·

1350 3440 1595 3501 bibendo.
1660 3441 1824 3491 Paulo
1856 3439 2176 3504 prolixiorem
2214 3437 2310 3485 bac
2342 3433 2410 3484 de

1352 3532 1428 3575 re,
1466 3531 1567 3567 nec
1607 3516 1771 3565 minus
1807 3517 2114 3566 luculentam
2146 3509 2410 3562 Coriolani

1349 3593 1636 3644 orationem
1691 3590 1854 3641 refert
1907 3589 2259 3639 Halicarnass.
2319 3584 2409 3634 lib.

1350 3683 1453 3720 vn.

1424 3750 1638 3799 Utuntur
1681 3761 1885 3811 annom,
1928 3759 2066 3809 quam
2105 3743 2280 3803 surore
2326 3754 2414 3788 m

211 3838 339 3881 aute
375 3831 685 3883 Coriolanus
719 3835 815 3884 sub
839 3835 1030 3899 jugum
1061 3848 1118 3884 se
1158 3834 1281 3883 mis·
1333 3826 1523 3891 secere]
1556 3825 1743 3877 Delevi
1763 3825 2019 3885 fruantur,
2054 3832 2168 3869 cum
2205 3818 2272 3867 ab
2304 3830 2412 3866 om·

210 3922 325 3958 sum
351 3923 384 3958 a
407 3906 627 3959 tribunis
648 3912 1002 3977 conqueritur,
1033 3916 1278 3960 non-tam

213 3999 285 4036 ex
324 3999 547 4051 persona
583 4001 695 4051 sua,
718 4004 868 4054 quam
891 3989 1199 4052 generatim,
1223 3995 1283 4038 ut

212 4064 486 4129 patricius,
527 4063 780 4130 loquitur,
806 4066 881 4117 ita
915 4067 1011 4116 boc
1048 4067 1168 4116 loco
1209 4064 1275 4115 ab

213 4138 398 4189 eodem
421 4139 605 4190 ordine
633 4141 988 4205 patriciorum,
1006 4155 1036 4190 e
1059 4155 1274 4207 quorum

214 4215 331 4279 ipse
376 4229 590 4266 numero
626 4217 713 4280 sit,
748 4216 1015 4268 redactum
1050 4218 1105 4267 iu
1136 4216 1275 4267 ordi·

212 4306 337 4343 nem
360 4291 705 4359 Tarquinium
726 4293 912 4345 innuit.

1351 3904 1502 3954 nibus
1540 3903 1669 3953 Mss.
1706 3907 1763 3951 et
1800 3895 2175 3963 antiquioribus
2209 3892 2410 3943 Rhena-

1352 3995 1452 4031 nea
1474 3978 1789 4030 editionibus
1824 3975 2050 4029 abesset,
2090 3981 2147 4020 ut
2187 3976 2411 4020 testatur

1356 4058 1666 4108 Gronovius.
1734 4059 1748 4084 ⁸
1769 4055 1967 4104 Facere
2006 4062 2256 4100 annonam
2278 4047 2292 4070 '
2330 4056 2413 4099 est

1354 4136 1440 4186 hic
1463 4132 1563 4185 sibi
1586 4147 1838 4185 annonam
1861 4140 2184 4193 comparare,
2205 4132 2265 4176 nt
2297 4126 2313 4155 ⁸
2331 4123 2411 4173 fa·

1355 4227 1473 4264 cera
1515 4209 1736 4275 corpus’
1783 4215 1867 4262 est
1919 4207 2240 4273 pinguiorem
2284 4202 2415 4252 fieri.

1356 4291 1413 4341 J.
1441 4288 1672 4340 cariem·
