3034 4925
556 370 685 439 580
1493 384 1563 432 ι’.
1598 381 1800 431 {nvn

561 531 712 597 bem
767 511 1060 595 tribuni-³
1147 525 1410 592 Bellum
1454 527 1688 609 ingens
1729 545 1773 590 a
1799 524 2077 591 Volscis
2114 534 2192 591 'et
2236 526 2493 610 AEquis
2538 526 2764 592 latini

559 641 759 717 atque
789 630 1070 697 Hernici
1112 628 1522 717 nuntiabant.
1607 627 1653 693 J
1659 646 1767 692 am
1806 625 1994 693 Antii
2024 627 2757 711 Volscorum'legiones

557 753 744 798 esse:
789 741 859 798 et
903 733 1123 815 ipsam
1160 731 1493 796 coloniam
1511 737 1537 765 ⁸
1577 729 1808 812 ingens
1847 740 2066 794 metus
2116 738 2259 796 erat
2312 731 2755 796 defecturam.

559 837 899 918 AEgreque
928 836 1352 916 impetratum
1385 852 1427 897 a
1456 832 1790 908 tribunis,⁸
1820 839 1898 896 ut
1925 832 2175 898 bellum
2215 853 2365 916 ιιι-ω
2375 834 2555 898 verti
2585 835 2756 899 sine-

555 942 720 1004 rent.
811 936 1132 1002 Consules
1160 935 1315 1001 inde
1355 934 1580 1018 partiti
1623 934 2049 1018 provincius.¹¹
2134 934 2382 1012 Fabio,
2415 941 2494 1000 ut
2519 943 2580 972 ²⁰
2619 936 2758 1002 An·

555 1040 717 1104 tium
743 1038 1042 1122 legiones
1069 1037 1366 1115 duceret,
1397 1035 1667 1102 datum:
1713 1034 2054 1115 Cornelio,
2081 1042 2158 1102 ut
2188 1036 2440 1102 Romae
2466 1045 2491 1075 ¹
2526 1040 2759 1122 praesi-

555 1140 673 1221 dio
712 1151 930 1206 esset:
974 1161 1055 1204 ne
1104 1160 1237 1224 qua
1279 1159 1437 1223 pars
1477 1139 1800 1217 hostium,
1836 1140 1953 1223 qui
1983 1140 2228 1224 AEquis
2272 1159 2430 1205 mos
2460 1147 2641 1218 erat,
2672 1141 2754 1205 ad

553 1244 1006 1328 populandum
1038 1243 1310 1308 veniret.
1397 1240 1799 1307 Hernici’et
1839 1240 2066 1306 Latini
2101 1242 2279 1327 jussi
2307 1243 2569 1307 milites
2600 1242 2756 1307 dare

553 1364 640 1409 ex
690 1344 988 1411 foedere:
1034 1345 1321 1429 duaeque
1360 1352 1590 1427 partes
1639 1343 1973 1409 sociorum
1993 1341 2019 1380 b
2059 1343 2128 1408 in
2177 1346 2520 1422 exercitu,
2565 1345 2755 1411 tertia

554 1446 802 1513 civium
848 1446 993 1512 suit.
1081 1445 1456 1529 Postquam
1489 1444 1578 1509 ad
1609 1444 1784 1511 diem
1814 1445 2262 1528 praestitutum
2287 1454 2623 1514 venerunt
2649 1468 2751 1513 so-

551 1549 661 1626 cii,
714 1549 946 1614 consul
999 1556 1189 1613 extra
1233 1555 1495 1632 portam
1547 1545 1890 1631 Capenam
1916 1555 1940 1584 ⁶
1981 1553 2202 1613 castra
2247 1547 2460 1613 locat.
2561 1549 2750 1629 Inde,

550 1649 829 1715 lustrato
874 1651 1195 1727 exercitu,
1237 1648 1524 1715 Antium
1564 1650 1935 1732 profectus,
1973 1649 2153 1714 haud
2198 1650 2443 1733 procul
2485 1652 2747 1737 oppido

548 1750 948 1835 stativisque
977 1750 1269 1815 hostium
1300 1750 1626 1816 consedit.
1681 1765 1689 1772 ·
1715 1750 1856 1817 Ubi
1898 1770 2050 1816 cum
2081 1751 2345 1829 Volsci,
2378 1752 2561 1837 quia
2586 1774 2749 1820 non-

548 1848 706 1915 dum
777 1854 864 1917 ab
911 1853 1155 1937 AEquis
1208 1853 1506 1919 venisset
1566 1854 1925 1933 exercitus,
2003 1854 2322 1919 dimicare
2384 1874 2532 1918 non
2581 1857 2746 1935 ausi,

546 1953 1099 2036 quemadmodum
1145 1956 1357 2040 quieti
1389 1957 1566 2023 vallo
1596 1975 1670 2022 se
1709 1960 2102 2035 tutarentur,
2131 1963 2446 2040 pararent
2473 1975 2494 2037 ς
2518 1968 2563 2025 ·,
2593 1977 2745 2041 pos-

606 2121 632 2151 2
662 2116 850 2168 Munus
869 2119 998 2169 inter
1016 2135 1068 2170 se
1087 2120 1272 2170 divisis.

605 2188 633 2213 ⁸
666 2185 901 2234 Curarem
923 2199 1014 2247 qua
1035 2185 1236 2249 ratione,
1255 2185 1358 2236 sine
1372 2186 1561 2250 praetio,
1581 2199 1682 2237 sese
1701 2186 1825 2237 vallo
1843 2191 2102 2238 tuerentur.

1458 2315 1817 2337 OOWNOM

606 2411 669 2458 19
703 2405 855 2476 Vulg.
892 2410 954 2469 Q.
978 2410 1128 2462 Fabio
1149 2417 1198 2465 st
1217 2413 1281 2466 1..
1306 2415 1525 2467 Cornelio
1559 2421 1810 2471 cesse-20
1845 2417 1995 2482 Couj.
2018 2415 2073 2470 J,
2097 2416 2156 2467 F.
2178 2414 2415 2469 Gronov’.
2451 2415 2740 2466 Consulibus

1523 2545 1739 2599 NOTAE

537 2634 632 2685 bus
671 2636 960 2699 sextilibus,
994 2653 1087 2689 seu
1109 2640 1229 2692 anni
1251 2641 1448 2694 Juliani
1471 2657 1590 2708 pro-

535 2711 713 2779 leptici
731 2713 1052 2778 Septembris
1074 2720 1123 2766 2.
1188 2717 1320 2767 Vide
1345 2718 1590 2770 Dodwel·

535 2788 662 2837 lum.
699 2790 854 2841 Idem.

563 2895 567 2900 -
600 2862 625 2888 ⁶
662 2864 725 2914 A.
748 2867 814 2916 U.
840 2867 900 2917 C·
920 2871 1038 2919 894.

593 2949 616 2973 ⁸
648 2942 810 3004 ἱρειιιοι
849 2942 1098 3006 colom]
1132 2943 1200 2994 Id
1242 2952 1342 3010 est,
1376 2945 1589 2996 Antium

532 3014 732 3078 ipsumz
767 3031 935 3080 neque
974 3020 1109 3069 enim
1143 3020 1244 3069 alia
1277 3031 1401 3072 tunc
1422 3022 1500 3072 his
1538 3022 1592 3073 iri

528 3090 657 3139 locis
700 3091 902 3143 colonia
942 3093 1007 3144 ab
1047 3108 1107 3143 ea
1140 3110 1294 3160 quam
1341 3098 1589 3150 Quintius

530 3165 853 3229 Capitolinus
908 3169 1200 3222 deduxerat
1249 3180 1375 3225 ante
1428 3189 1591 3228 annos

529 3249 670 3304 octo,
691 3242 828 3307 quod
852 3243 1126 3295 didicimus
1147 3262 1213 3298 ex
1230 3264 1348 3314 cap.
1370 3255 1413 3302 1.
1434 3253 1585 3316 hujus

525 3317 662 3370 libri.
731 3321 866 3373 Quid
905 3323 949 3373 si
978 3338 1079 3375 nou
1108 3332 1212 3378 tam
1247 3330 1583 3383 metuendum

525 3394 847 3456 defecturam
889 3401 1162 3465 coloniam,
1197 3419 1350 3470 quam
1380 3415 1582 3459 certum

523 3481 640 3524 erst
662 3474 779 3538 jam
828 3477 1114 3530 defecisse?
1166 3484 1580 3551 quandoquidem

514 3550 628 3614 Jsm
650 3551 796 3602 Antii
821 3554 1129 3607 Volscorum
1163 3558 1386 3610 bostium
1416 3562 1579 3626 legio·

519 3638 612 3673 nes
642 3633 807 3677 erant.
874 3629 980 3680 Sed
1019 3631 1163 3683 Antii
1199 3633 1359 3686 fuisse
1396 3636 1470 3687 its
1501 3637 1579 3686 in-

521 3701 718 3766 tellige,
761 3711 818 3753 ut
854 3704 907 3753 in
942 3720 1068 3769 agro
1103 3709 1307 3771 quidem
1343 3711 1580 3771 Antium,

515 3789 619 3826 non
644 3784 814 3834 tamen
833 3780 968 3831 iutra
991 3782 1187 3834 Urbem
1200 3792 1376 3837 essent
1399 3800 1578 3849 recep·

520 3857 606 3907 te,
651 3863 709 3904 ut
750 3856 896 3906 Antia·
942 3858 1078 3908 idern
1123 3860 1193 3910 sit
1236 3863 1391 3927 quod,
1434 3864 1572 3927 apud

1670 2649 1730 2695 ut
1751 2644 1926 2695 videre
1948 2651 2030 2694 est
2052 2641 2149 2693 sub
2169 2639 2323 2693 finem
2345 2656 2466 2705 cap.
2499 2645 2587 2692 ²8.

1734 2727 1759 2754 ⁸
1801 2722 2044 2783 AEgrequ
2084 2720 2389 2781 impetratum
2429 2733 2460 2765 ιι
2503 2715 2742 2783 tribuis]

1668 2794 1769 2844 Vel
1790 2802 2049 2845 extortum
2073 2794 2266 2857 potius,
2286 2800 2508 2842 auctore
2537 2792 2742 2856 Diony·

1669 2872 1783 2923 sior
1816 2869 1978 2922 refert
2010 2872 2165 2927 enim,
2186 2878 2304 2933 post
2339 2870 2583 2920 nuntium
2605 2871 2740 2920 Tus·

1671 2950 1778 3007 culi
1796 2949 1865 2998 ab
1885 2948 2061 3015 AEquis
2091 2949 2254 3013 capti,
2277 2956 2334 2999 et
2368 2948 2521 2998 simul
2557 2946 2741 2998 defee-

1672 3026 1827 3077 tionis
1855 3026 2173 3080 Volscorum,
2197 3038 2314 3073 cum
2338 3023 2537 3074 tribuni
2561 3023 2740 3074 delec-
2756 3047 2769 3062 ·

1672 3110 1754 3153 tus
1819 3102 2147 3167 impedirent,
2207 3101 2737 3151 Senatusconsnltn·

1666 3177 1880 3241 factum,
1897 3191 2002 3241 quo
2039 3190 2136 3241 pro
2164 3177 2315 3227 hoste
2346 3176 2669 3239 habebatur,
2688 3176 2737 3226 si

1665 3254 1780 3318 quis
1825 3254 1952 3303 civis
2005 3253 2238 3303 sociusve
2280 3264 2468 3301 nomen
2516 3250 2574 3300 in
2613 3261 2737 3301 en-

1664 3330 1898 3381 militiam
1936 3329 2064 3379 dare
2106 3329 2465 3378 detrectaret:
2503 3327 2585 3378 ita
2620 3340 2737 3378 ces·

1662 3407 1787 3458 sisse
1814 3406 2065 3456 tribunos.

1725 3481 1749 3517 ὓ
1780 3483 2172 3545 Βησιιιιεραῆει
2188 3478 2442 3542 morum]
2463 3479 2544 3528 Ut
2564 3479 2733 3542 pluri·

1658 3571 1796 3607 mum
1822 3563 1995 3607 tsmen
2015 3569 2256 3606 numerus
2279 3554 2560 3618 sociorum,
2583 3554 2734 3619 quod

1658 3633 1724 3682 ad
1749 3631 1953 3696 pedites
1985 3632 2191 3687 attinet,
2221 3644 2319 3693 par
2349 3636 2462 3679 erat
2502 3630 2732 3693 legioni·

1657 3709 1752 3760 bus
1778 3708 2040 3770 Romanis,
2059 3707 2290 3772 equitum
2314 3711 2517 3756 tentum
2542 3719 2729 3755 nune·

1658 3799 1717 3835 ro
1761 3785 1888 3834 socii
1945 3781 2280 3847 superabant,
2322 3791 2381 3831 ut
2421 3780 2582 3830 docet
2630 3795 2728 3832 nos

1657 3854 1925 3923 Polybius·
1988 3859 2078 3909 Sic
2126 3857 2266 3921 apud
2323 3856 2597 3908 Nostrum
2633 3857 2728 3908 lib.

518 3925 751 3979 Antium.
782 3931 869 3981 Sic
892 3935 993 3983 et‘
1016 3935 1212 3999 aliquot
1229 3951 1428 3987 menses
1443 3938 1572 3987 Tus·
1651 3952 1797 3989 xxn.
1829 3937 1991 3987 ‘socii
2024 3935 2278 4000 duplicem
2315 3947 2588 3984 numerum
2629 3935 2724 3985 ds-

516 4003 634 4050 culi
653 4004 934 4070 bellatum?
969 4008 1020 4058 id
1044 4019 1145 4070 est,
1181 4012 1245 4062 ad
1277 4014 1571 4070 Tusculum,
1651 4022 1787 4072 rent,
1813 4014 2015 4078 pedites
2039 4008 2342 4077 aequarentss

517 4078 658 4127 circa
679 4079 972 4132 Tusculum.
1036 4087 1204 4139 Fuere
1246 4097 1416 4139 tamen
1453 4104 1571 4140 auc·
1660 4123 1667 4128 -

1714 4092 1971 4141 e-‘Eaeera
1983 4094 2174 4154 poam
2229 4085 2495 4152 Cupencus]
2553 4087 2723 4139 Porta

516 4161 674 4215 tores,
694 4156 785 4219 qui
808 4157 1045 4211 Antiates
1070 4163 1180 4226 jsm
1216 4172 1323 4215 tum
1353 4165 1572 4216 defecis·
1652 4169 1767 4219 haec
1784 4167 1966 4219 Sancti
1985 4163 2278 4217 Sebastiam
2299 4163 2511 4214 dicitur.

515 4244 593 4289 se,
634 4230 949 4300 Antiumque
986 4229 1197 4302 captum
1235 4243 1572 4308 scripserunt,
