3034 4925
567 367 697 436 370
1502 388 1570 435 τ.
1618 387 1805 438 mvn

666 532 733 599 8.
779 532 968 600 Latae
1027 532 1269 600 deinde
1317 516 1571 617 leges&
1610 553 1743 599 non
1796 532 2012 597 solum
2076 552 2229 616 quae
2300 532 2489 614 regni
2554 532 2768 617 suspi-

574 637 763 702 cione
790 637 1132 702 consulem
1165 636 1604 716 absolverent,
1657 637 1773 701 sed
1829 656 1983 720 quae.
2034 635 2202 702 adeo
2246 637 2318 700 in
2357 636 2765 701 contrarium

573 745 913 818 verterent,
963 745 1039 805 ut
1086 740 1475 825 popularem
1524 741 1728 806 etiam
1780 739 2098 805 facerent.
2185 740 2349 805 Inde
2400 758 2766 820 cognomen

571 843 821 910 factum
869 842 1244 909 Publicolae
1268 851 1371 894 ¹⁷¹¹
1415 849 1545 911 est.
1647 841 1821 910 Ante
1870 863 2101 909 omnes
2153 844 2236 909 de
2285 843 2769 928 provocatione

576 946 898 1012 adversus
929 946 1404 1030 magistratus⁰
1448 947 1535 1013 ad
1581 947 1933 1032 populum,
1979 947 2438 1032 sacrandoque
2470 966 2630 1012 cum
2658 948 2770 1009 bo·

574 1049 680 1118 nis
699 1058 726 1102 P
752 1050 970 1137 capite
992 1051 1166 1137 ejus»,
1190 1050 1309 1135 qui
1335 1051 1516 1138 regni
1545 1051 1927 1134 occupandi
1956 1051 2244 1118 consilia
2271 1052 2543 1128 inisset,
2575 1055 2778 1134 gratae

1474 1234 1840 1256 ΟΟΝΙΝΟΜ

643 1371 705 1418 17
735 1368 752 1396 ‘
774 1368 1043 1432 Cos-nomen
1065 1368 1342 1432 Publicola,
1363 1383 1460 1434 pro
1483 1384 1585 1433 qno
1610 1369 1862 1433 Poplicolae
1887 1374 1994 1417 tum
2019 1382 2083 1418 ex
2109 1366 2211 1418 fide
2233 1382 2472 1419 martum.
2509 1374 2569 1420 et
2601 1371 2775 1419 aumo-

575 1447 687 1484 rum
711 1434 1033 1511 Graecorum,
1055 1435 1312 1500 Dionysii,
1337 1435 1479 1485 Plut.
1502 1444 1555 1484 et
1574 1435 1782 1496 Dionis,
1816 1442 1922 1483 tum
1946 1449 2010 1483 ex
2033 1436 2342 1498 etymologia
2368 1433 2515 1484 vocis
2531 1433 2775 1510 ..βατίδω-

575 1498 717 1576 dnm·
733 1500 893 1549 videri
935 1501 1124 1577 possit:
1157 1515 1274 1583 nam
1317 1501 1562 1564 Poplicola
1596 1508 1690 1579 ρει.
1714 1501 1958 1577 populum
2000 1500 2191 1577 colens.
2232 1498 2363 1577 ‘Sed
2406 1497 2676 1564 Publicola
2697 1497 2772 1575 vel

574 1564 2376 1707 izi-mla&'5223'52023zz'2‘52‘2232.'tl’g‘t-ff‘lfssss.traassffffi·
2393 1565 2776 1708 &331⁸ssss

575 1694 723 1743 loeus
745 1695 859 1745 Liv.
897 1709 996 1746 vu.
1028 1695 1139 1759 32.)
1169 1705 1225 1746 ut
1248 1697 1301 1747 in
1325 1711 1533 1747 nummo
1554 1712 1638 1761 ap.
1673 1695 2000 1772 Mediobarb.
2026 1711 2078 1760 p.
2100 1700 2183 1774 ,3⁸⁸
2205 1705 2258 1746 et
2281 1698 2333 1746 in
2358 1696 2530 1773 Fastis
2553 1696 2777 1759 Capitol.

576 1758 759 1873 ἓῗέὶὲἑ
761 1761 2198 1902 {1:³32343232152'32‘5Sssssptz’ssssffif‘zimsszss{0321'5‘3225‘2
2209 1762 2561 1892 2231&ssssss
2571 1774 2789 1893 ,¹3:233

578 1897 636 1940 et
652 1890 893 1943 Publicola
906 1907 947 1942 s.
963 1892 1204 1943 Publicola
1219 1893 1510 1959 dicebatur,
1525 1894 1660 1960 quod
1677 1892 1789 1957 jam
1808 1894 2011 1945 notavit
2032 1892 2364 1945 Priscianus.’
2389 1894 2605 1958 Πειρη-ί.
2654 1894 2776 1960 Pop·

1525 2067 1532 2070 “
1567 2061 1780 2114 NOTAE

641 2160 680 2188 ¹¹¹
700 2154 839 2205 Late
858 2156 1026 2207 deinde
1046 2158 1198 2224 leges]
1238 2158 1419 2210 Plures
1441 2160 1527 2210 hic
1549 2160 1635 2210 Li·
1713 2167 1852 2226 sunt,
1874 2167 2014 2212 teste
2053 2158 2328 2226 Dionysio,
2360 2158 2522 2225 ipsius
2559 2154 2776 2212 Romuli,

579 2227 691 2279 vius
725 2232 866 2295 leges
904 2236 1179 2298 populares
1201 2251 1232 2286 a
1253 2236 1524 2301 Poplicola
1546 2237 1637 2289 de·
1714 2237 1924 2301 Numae,
1968 2238 2082 2288 Ser.
2118 2238 2273 2288 Tullii
2313 2236 2381 2287 de
2424 2233 2776 2287 contractibus

576 2305 816 2358 liniendae
841 2309 981 2374 plebi
1004 2310 1134 2361 latas
1152 2312 1476 2377 perstringit.
1515 2315 1637 2363 Plu·

576 2384 783 2433 tarchus
798 2386 1021 2452 quinque
1038 2386 1220 2452 refert,
1235 2403 1450 2455 quarum
1472 2389 1638 2455 prima

577 2469 692 2513 erat
712 2465 790 2514 uti
813 2462 1061 2516 adversus
1083 2467 1439 2532 magistratum
1460 2483 1637 2533 quem-

575 2539 653 2588 vis
670 2540 735 2589 ad
760 2542 1006 2605 populum
1032 2558 1062 2591 a
1084 2544 1199 2594 cive
1224 2545 1494 2609 provocari
1522 2561 1638 2609 pos·

576 2622 673 2666 set·
713 2621 764 2667 2.
789 2619 864 2668 nti
901 2621 1235 2683 magistratus
1257 2622 1638 2688 imperiumque

577 2693 798 2757 populus
833 2695 1094 2745 Romanus
1127 2695 1295 2760 daret,
1333 2699 1417 2764 qui
1459 2698 1638 2763 populi

575 2772 773 2836 injussu
803 2780 1027 2839 gereret,
1061 2775 1104 2824 is
1139 2776 1314 2840 capite
1342 2777 1533 2827 lueret.
1587 2781 1637 2828 8.

576 2849 668 2900 Uti
707 2851 847 2901 cives
886 2854 1146 2905 tenuiores
1168 2868 1198 2903 a
1223 2854 1560 2920 vectigalibus
1583 2863 1638 2906 et

578 2929 784 2980 tributis
807 2930 1060 2982 immunes
1086 2941 1279 2984 essent.
1326 2937 1376 2985 4.
1401 2935 1492 2984 Uti
1515 2948 1638 2984 con-

578 3009 763 3058 sularis
782 3010 1061 3072 majestatis
1087 3012 1223 3060 laesae
1245 3014 1434 3063 mulcta
1453 3013 1504 3062 in
1527 3012 1638 3063 dies

578 3086 803 3147 singulos
849 3087 1076 3151 quinque
1111 3087 1282 3144 boum,
1317 3089 1637 3155 duarumque

577 3161 747 3211 ovium
792 3163 1012 3229 pretium
1067 3178 1165 3212 non
1212 3165 1508 3216 excederet.
1591 3171 1639 3217 5.

578 3236 671 3287 Uti
699 3237 831 3287 bona
851 3253 967 3288 cnm
991 3240 1166 3302 capite
1188 3240 1302 3305 ejus
1321 3241 1637 3293 devoveren-

578 3323 670 3365 tnr
700 3317 787 3380 qui
826 3318 971 3380 regni
1000 3318 1290 3383 occupandi
1326 3321 1539 3370 consilia
1561 3321 1638 3370 in-

577 3393 722 3444 isset.
789 3393 924 3443 Illud
969 3396 1128 3444 etiam
1172 3394 1376 3460 adjicit,
1415 3412 1481 3447 ex
1524 3398 1637 3462 ejus

575 3470 814 3521 instituto
847 3485 1077 3529 manare,
1115 3481 1172 3523 ut
1215 3480 1496 3539 quaestores
1535 3475 1639 3526 duo

578 3550 853 3615 quotannis
900 3564 965 3600 ex
1013 3552 1248 3614 patriciis
1281 3552 1563 3616 juvenibus
1607 3568 1638 3603 a

504 3686 509 3695 .
576 3629 768 3693 populo
826 3638 1161 3690 crearentur5
1216 3629 1302 3693 qui
1366 3631 1637 3695 pecuniam

575 3706 835 3771 publicam
861 3707 1175 3771 acciperent,
1199 3707 1252 3756 in
1288 3708 1521 3757 aerarium
1546 3709 1640 3757 Sa·

578 3785 716 3833 turni
757 3791 1025 3849 cogerent,
1063 3793 1116 3834 et
1152 3786 1203 3833 iu
1246 3786 1448 3835 tabulas
1485 3787 1638 3836 ratio·

578 3874 699 3910 num
743 3860 1019 3912 referrent.
1086 3861 1239 3913 Quod
1274 3877 1336 3913 eo
1363 3863 1638 3927 spectabat

580 3951 647 3985 ne
690 3940 953 3986 consulum
1007 3940 1247 4003 potentia
1302 3942 1638 4003 pecuniarum

578 4010 806 4062 subsidio
844 4025 1139 4075 augeretur.
1208 4018 1325 4069 Qua
1363 4016 1428 4066 de
1467 4033 1524 4068 re
1564 4019 1638 4067 di·

579 4087 799 4139 cendum
824 4092 921 4138 erit
946 4091 1032 4139 lib.
1057 4105 1135 4143 iv.
1202 4094 1409 4144 Praeter
1430 4095 1639 4146 comitia

580 4174 637 4216 et
658 4162 901 4229 suffragia
923 4165 990 4215 de
1017 4170 1165 4218 rebus
1189 4172 1425 4222 maximis
1448 4172 1639 4237 populo

581 4257 613 4293 a
637 4242 812 4306 primis
834 4243 1123 4293 consulibus
1146 4248 1386 4299 restituta
1420 4265 1486 4299 ex
1519 4251 1636 4315 lege

582 4318 803 4375 Romuli,
848 4318 902 4367 in
944 4333 1091 4368 usum
1145 4336 1348 4390 quoqne
1388 4336 1638 4380 revocata

1713 2314 1856 2380 leges
1890 2315 2140 2380 salubres,
2177 2329 2277 2366 nec
2317 2311 2579 2365 obfutura
2625 2312 2777 2361 liber·

1713 2391 1828 2443 tati.
1893 2391 2053 2442 Sacra
2074 2392 2236 2443 etiam
2261 2388 2491 2457 plebeia,
2512 2404 2543 2439 a
2566 2387 2777 2452 Tarqui·

1715 2468 1799 2518 nio
1820 2469 2053 2532 Superbo
2073 2468 2305 2532 sublata,
2328 2466 2625 2534 paganalia,
2640 2481 2775 2516 com·

1715 2547 1914 2612 pitatio,
1937 2551 2035 2599 διο.
2058 2546 2319 2598 restituta.

1773 2632 1801 2658 ⁸¹
1834 2624 2095 2675 Publicola
2111 2622 2417 2690 [Poplicola]
2450 2622 2691 2687 Sigonius
2710 2634 2774 2670 ex

1711 2702 1818 2753 fide
1874 2703 2284 2767 Capitolinorum
2341 2712 2646 2751 marmorum
2706 2698 2772 2747 ita

1714 2779 1869 2829 scribi
1888 2779 2059 2843 jubet.
2095 2780 2308 2829 Certum
2331 2784 2412 2827 est
2436 2789 2504 2825 ex
2522 2772 2775 2838 Dionysio

1716 2857 1933 2923 aliisque
1986 2858 2040 2907 id
2095 2854 2411 2921 cognominis
2468 2867 2535 2903 ex
2581 2866 2642 2902 eo
2687 2851 2775 2901 de·

1715 2936 1928 2986 ductum
1959 2935 2096 3002 quod
2121 2934 2370 3000 populum
2403 2931 2621 2981 coleret.
2655 2926 2773 2977 Ide·

1715 3027 1848 3077 oque
1885 3028 1948 3062 ea
1972 3027 2070 3062 vox
2094 3025 2125 3060 a
2149 3009 2353 3061 Graecis
2376 3007 2601 3057 vertitur
2619 3011 2772 3065 Δημο·

1714 3090 1874 3149 mohs.

1777 3174 1802 3202 ⁰
1834 3167 2073 3219 Adversus
2093 3150 2446 3229 magistratus
2463 3160 2773 3230 Appellandi

1713 3260 1746 3295 a
1784 3244 2171 3308 magistratibus
2208 3241 2431 3292 facultas
2469 3255 2648 3290 eorum
2689 3254 2771 3303 po·

1714 3323 1891 3372 testati
1912 3322 2092 3386 procul
2115 3318 2274 3369 dubio
2293 3318 2626 3369 adversatur:
2650 3318 2773 3367 adeo

1714 3406 1772 3449 ut
1793 3398 1890 3448 bac
1910 3399 2029 3461 lege
2062 3397 2364 3447 dissolutum
2386 3396 2663 3445 consulare
2686 3395 2769 3442 im·

1715 3476 1913 3540 perium
1950 3480 2099 3524 notet
2132 3473 2246 3523 Liv.
2271 3472 2469 3522 lib.1v.
2502 3472 2610 3523 Soli
2631 3469 2770 3521 fuere

1714 3553 1999 3602 dictatores
2045 3565 2073 3600 a
2121 3551 2305 3617 quibus
2348 3564 2639 3615 provocare
2678 3563 2770 3598 non

1713 3631 1922 3687 licebat,
1965 3629 2390 3695 quemadmodum
2427 3629 2570 3679 idem
2603 3627 2692 3678 lib.
2715 3640 2771 3676 ιι.

1716 3708 1894 3760 tradit.

1777 3793 1803 3829 Ρ
1836 3785 2171 3849 Sucrondoque
2187 3799 2293 3834 oum
2313 3782 2475 3847 bonis]
2521 3782 2641 3834 Hoc
2660 3783 2768 3832 loco

1712 3877 1903 3913 sacrare
1933 3871 2015 3913 est
2052 3862 2198 3913 Divis
2220 3861 2500 3919 devovere,
2525 3876 2589 3911 ac
2612 3861 2769 3911 detes·

1714 3941 1873 3992 tabile
1908 3941 2211 4001 decernere,
2248 3947 2307 3989 ut
2346 3939 2562 4003 impune
2599 3938 2768 3988 violari

1715 4013 1912 4083 possit':
1949 4025 2108 4084 atque
2145 4016 2398 4066 hominem
2439 4016 2599 4065 morti
2638 4015 2769 4065 addi·

1712 4111 1852 4161 cere,
1885 4095 2029 4144 facta
2060 4093 2225 4145 cuivis
2258 4091 2410 4156 copia
2432 4091 2548 4156 ejus
2572 4092 2768 4156 impune

1713 4171 2021 4234 occidendi3
2058 4171 2132 4221 nti
2164 4169 2390 4220 Budaeus
2421 4176 2640 4237 annotat
2662 4176 2767 4235 post

1718 4252 2005 4300 Donatum.
2039 4247 2160 4297 Huc
2190 4246 2316 4296 illud
2352 4252 2563 4310 spectat
2582 4246 2600 4277 ⁴
2620 4247 2766 4297 intes·

1718 4327 1887 4379 ubilis
1911 4332 1967 4377 et
1988 4337 2133 4377 sacer
2149 4322 2301 4376 esto?
2325 4321 2589 4376 Pecuniae
2606 4332 2762 4373 antem
