3034 4925
1206 401 1657 467 msromoae.
2402 372 2532 497 167

323 587 512 652 opera
540 564 860 630 amicorum
891 567 1210 650 impetrant
1235 570 1621 651 triumphum.
1706 568 1906 649 Scipio
1931 569 2249 632 Africanus
2279 590 2317 631 a
2349 571 2528 633 Petil-

319 664 419 727 liis
449 677 783 741 accusatur,
812 677 873 728 et
901 668 966 727 L.
1002 667 1203 747 Scipio
1235 667 1538 729 Asiaticus
1566 669 1745 728 frater
1792 666 2127 741 damnatur,
2155 677 2395 731 auctore
2435 673 2527 731 M.

323 766 580 838 Catone,
626 774 686 826 et
734 765 1085 826 adversante
1123 765 1226 826 Ti.
1256 766 1607 846 Sempronio
1651 765 1948 837 Graccho,
1998 765 2236 828 inimico
2283 780 2344 829 et
2389 791 2529 832 mox

321 883 547 943 genero
591 863 660 926 P.
690 863 1003 945 Scipionis.
1088 863 1358 923 Luxuriae
1389 863 1718 944 peregrinae
1757 863 1924 943 origo
1953 864 2028 922 ab
2057 866 2315 926 exercitu
2348 869 2526 930 Man—

316 960 384 1021 lii
416 960 681 1023 Asiatico
721 962 980 1025 invecta.
1066 962 1314 1044 Ligures
1355 961 1585 1023 domiti.
1669 962 1746 1022 A.
1778 960 1853 1024 C.
1907 963 2195 1023 187-176.
2241 964 2528 1028 Seleucus

330 1078 429 1121 1v.
459 1060 828 1140 Philopator.

525 1254 603 1316 U.
634 1254 705 1315 C.
734 1255 878 1317 566.
941 1253 1013 1316 Α.
1044 1256 1118 1317 C.
1149 1255 1288 1314 186.
1349 1253 1449 1314 Ol.
1480 1271 1767 1315 chvm.
1801 1256 1858 1314 3.
1910 1254 2004 1332 (L.
2033 1232 2248 1318 xxxix.
2278 1259 2367 1334 6.)

400 1384 506 1465 Sp.
550 1385 905 1446 Postumius
945 1384 1231 1461 Albinus,
1265 1389 1340 1458 Q.
1387 1387 1668 1448 Marcius
1714 1384 2071 1467 Philippus.
2157 1388 2428 1457 Quaestio
2466 1399 2529 1449 et

312 1481 442 1543 SC.
471 1482 547 1544 de
576 1483 1072 1544 Bacchanalibus.
1146 1484 1224 1553 Q.
1260 1483 1524 1544 Marcius
1555 1484 1612 1544 in
1643 1483 1796 1545 saltu
1836 1484 2120 1560 (Marcio)
2149 1505 2185 1545 a
2215 1487 2527 1566 Liguribus

307 1580 775 1642 circumventus.
861 1581 1143 1642 Celtiberi
1200 1583 1361 1642 victi.
1443 1581 1727 1642 Taurilia.
1812 1582 1961 1641 Ludi
2005 1582 2224 1657 Graeci,
2271 1584 2527 1646 athleta-

308 1697 444 1737 rum
474 1692 770 1740 certamen
802 1691 863 1740 et
887 1682 1124 1740 venatio
1155 1701 1192 1739 a
1219 1678 1308 1741 M.
1342 1678 1555 1739 Fulvio
1582 1680 1832 1762 primum
1862 1680 2027 1741 data.
2115 1681 2265 1741 Ludi
2293 1682 2361 1744 L.
2393 1684 2522 1744 Sci-

305 1775 509 1856 pionis
531 1780 606 1838 ab
635 1779 955 1839 artificibus
985 1778 1268 1839 Asiaticis
1302 1777 1468 1838 editi.

504 1975 596 2037 U.
626 1977 700 2038 C.
726 1979 874 2040 567.
911 1980 988 2040 A.
1011 1978 1086 2041 C.
1125 1980 1262 2039 185.
1309 1977 1409 2039 Ol.
1439 1995 1726 2038 chvm.
1757 1980 1816 2036 4.
1846 1977 1940 2054 (L.
1968 1932 2179 2039 xxxnr.
2207 1980 2334 2055 23.)

391 2090 520 2185 Ap.
554 2092 838 2155 Claudius
861 2095 1110 2165 Pulcer,
1158 2094 1259 2156 M.
1308 2091 1694 2174 Sempronius
1725 2092 2084 2154 Tuditanus.
2169 2092 2517 2154 Groecorum

301 2195 372 2246 et
402 2187 683 2251 Eumenis
724 2190 979 2271 querelae
1024 2191 1100 2252 de
1141 2192 1440 2272 Philippo,
1470 2190 1575 2270 qui
1616 2189 1946 2269 legatorum
2000 2191 2175 2250 Rom.
2224 2190 2522 2252 sententia

301 2286 566 2377 graviter
606 2287 871 2350 offensus
918 2289 1060 2350 belli
1101 2290 1352 2351 consilia
1381 2290 1593 2369 agitat.
1679 2289 1801 2349 Res
1830 2289 1889 2348 in
1924 2289 2218 2370 Hispania
2247 2289 2516 2370 Liguria-

299 2404 424 2465 que
448 2396 655 2467 gestae.

526 2585 603 2647 U.
629 2587 700 2648 C.
733 2588 875 2649 568.
920 2589 996 2650 A.
1021 2587 1094 2649 C.
1128 2591 1268 2649 184.
1312 2588 1412 2649 Ol.
1442 2607 1657 2650 cxmx.
1691 2591 1744 2649 l.
1789 2588 1885 2665 (L.
1913 2608 2128 2650 xxxrx.
2163 2590 2291 2664 32.)

392 2699 456 2760 C.
517 2700 803 2763 Claudius
831 2702 1080 2777 Pulcer,
1129 2704 1208 2765 L.
1257 2705 1522 2765 Porcius
1573 2703 1849 2765 Licinus.
1934 2703 2022 2764 M.
2056 2704 2299 2763 Porcius
2350 2701 2507 2763 Cato

293 2804 366 2856 et
392 2795 461 2857 L.
489 2796 764 2860 Valerius
799 2801 1055 2861 Flaccus
1085 2822 1389 2862 censores.
1478 2800 1686 2881 Legati
1717 2801 1890 2861 Rom.
1935 2801 2102 2861 missi
2128 2802 2186 2860 in
2220 2800 2514 2862 Graeciarn

295 2902 367 2952 et
394 2892 731 2957 Demetrius
760 2918 796 2958 a
823 2897 1100 2980 Philippo
1140 2911 1309 2980 patre
1340 2900 1614 2961 Romam.
1703 2898 1774 2960 P.
1827 2898 2139 2959 Cornelius
2185 2899 2514 2979 Cethegus,

290 3002 535 3051 mortuo
570 3010 822 3074 praetore
868 3000 1120 3073 urbano,
1149 3008 1459 3079 utramque
1499 2997 1975 3079 jurisdictionem
2006 2996 2513 3077 accipit.--Plau-

289 3098 395 3150 tus
428 3090 573 3154 obit.

503 3272 580 3333 U.
612 3273 685 3335 C.
717 3270 861 3337 569.
924 3277 1004 3339 A.
1034 3278 1111 3340 C.
1146 3281 1283 3339 183.
1329 3278 1430 3340 01.
1456 3298 1669 3339 chrx.
1701 3281 1762 3339 2.
1807 3278 1902 3356 (L.
1934 3296 2145 3337 xxxix.
2176 3278 2307 3351 45.)

377 3384 476 3445 M.
551 3387 858 3451 Claudius'
915 3393 1267 3465 Marcellus,
1335 3396 1407 3466 Q.
1468 3393 1691 3453 Fabius
1748 3392 1968 3452 Labeo.
2071 3390 2506 3470 Philopoemen,

291 3481 600 3544 Hannibal
649 3496 710 3547 et
738 3487 808 3547 P.
859 3490 1061 3570 Scipio
1102 3492 1452 3551 moriuntur.
1541 3490 1880 3550 Demetrius
1920 3500 1980 3548 et
2008 3488 2263 3549 Perseus
2295 3488 2507 3546 fratres

288 3576 628 3644 discordes.
688 3586 981 3665 Aquileia,
1007 3588 1266 3663 Mutina,
1295 3589 1509 3649 Parma
1540 3599 1601 3649 et
1631 3586 1911 3648 Saturnia
1955 3584 2506 3648 coloniae.—Phar-

288 3697 478 3739 naces
512 3699 562 3742 1.
595 3679 905 3762 Lycortas.

394 3876 398 3879 ’
493 3877 572 3937 U.
603 3877 675 3938 C.-
704 3882 847 3943 570.
891 3882 968 3942 A.
998 3883 1072 3946 C.
1105 3888 1241 3946 182.
1283 3885 1383 3947 Ol.
1411 3905 1627 3949 oxum.
1659 3888 1718 3948 3.
1770 3885 1864 3963 (L.
1895 3904 2109 3944 xxxix.
2143 3883 2281 3959 56.)

372 3990 482 4050 Cu.
515 3990 770 4053 Boebius
801 3994 1168 4075 Tamphilus,
1210 3999 1289 4060 L.
1319 4000 1606 4062 AEmilius
1636 4000 1900 4061 Paulus.
1985 3997 2299 4078 Philippus
2350 3994 2503 4056 invi-

291 4090 393 4145 sus
440 4088 902 4153 Macedonibus.
987 4093 1225 4155 Poridis
1278 4104 1341 4159 et
1387 4097 1736 4160 Theoxenae
1795 4097 2047 4157 facinus.
2117 4097 2377 4156 Perseus
2401 4105 2500 4154 ac·-

282 4183 526 4245 cusator
553 4185 773 4250 fratris.
859 4190 1184 4255 Contentio
1212 4194 1530 4259 Poenorum
1553 4217 1690 4259 cum
1722 4195 2071 4256 Masinissa.
2157 4194 2282 4255 Res
2311 4193 2373 4251 in
2405 4190 2498 4250 Lie

284 4281 459 4361 gutia
481 4293 543 4344 et
577 4283 884 4367 Hispaniis
913 4300 1125 4369 gestae.
