3034 4925
548 371 678 439 174

542 533 721 611 inde,
742 531 860 617 qui
887 529 1212 597 mortales
1232 537 1486 607 essent,
1507 530 1700 609 unde,
1721 541 1841 595 aut
1860 549 1995 616 quo
2013 550 2177 597 casu
2199 532 2481 616 profecti
2506 534 2732 613 domo,

545 636 794 720 quidve
817 640 1191 720 quaerentes
1211 633 1280 697 in
1311 653 1534 715 agrum
1567 632 1962 699 Laurentem
1993 635 2336 716 exissent3
2365 644 2733 721 postquam

544 740 854 818 audierit,
914 737 1412 803 multitudinem
1476 736 1810 823 Trojanos
1883 757 2077 820 esse3
2140 738 2381 804 ducem
2454 741 2734 828 AEnean‚

543 843 755 908 filium
786 841 1107 907 Anchisae
1146 848 1214 905 et
1247 840 1562 921 Veneris;
1612 849 1905 922 cremata
1934 844 2148 927 patria
2177 849 2249 907 et
2278 844 2476 909 domo
2507 839 2735 928 profu-

547 966 671 1028 gos
703 945 925 1010 sedem
973 944 1470 1029 condendaeque
1516 945 1668 1009 urbi
1695 945 1917 1010 locum
1950 957 2278 1029 quaerere:
2327 953 2394 1011 et
2421 940 2735 1013 nobilita·

545 1053 684 1112 tem
715 1048 1108 1114 admiratum
1139 1048 1347 1130 gentis
1379 1045 1656 1131 virique,
1687 1051 1756 1112 et
1787 1049 2081 1113 animum
2108 1048 2215 1112 vel
2236 1047 2421 1113 bello
2446 1047 2556 1112 vel
2582 1048 2736 1131 paci

546 1159 871 1233 paratum,
902 1153 1177 1219 dextera
1207 1150 1367 1216 data
1390 1150 1594 1215 fidem
1620 1152 1864 1217 suturae
1884 1152 2195 1216 amicitiae
2213 1152 2544 1216 sanxisse.
2570 1150 2736 1215 lude

543 1253 765 1345 foedus
793 1254 1000 1318 ictum
1030 1255 1201 1320 inter
1229 1254 1465 1331 duces»,
1494 1255 1673 1318 inter
1709 1256 2044 1320 exercitus
2084 1253 2555 1318 salutationem
2597 1252 2735 1318 fac-

546 1362 711 1420 tam.
802 1356 1059 1420 AEnean
1102 1356 1280 1440 apud
1329 1357 1641 1422 Latinum
1683 1355 1890 1421 fuisse
1921 1359 1986 1421 in
2014 1356 2326 1440 hospitio.
2417 1355 2524 1420 Ibi
2555 1356 2740 1420 Lati-

545 1477 704 1521 num
729 1458 909 1541 apud
944 1459 1233 1522 Penates
1265 1458 1456 1523 Deos
1477 1459 1497 1493 ‘
1544 1459 1983 1523 domesticum
2038 1458 2314 1541 publico
2349 1458 2738 1542 adjunxisse

544 1558 797 1639 foeduS‚
828 1560 970 1625 filia
997 1561 1233 1626 AEneae
1277 1561 1345 1624 in
1389 1562 1878 1627 matrimonium
1917 1562 2131 1626 data.²¹
2219 1560 2322 1625 Ea
2365 1581 2473 1625 res
2504 1562 2738 1645 utique

546 1661 865 1746 Trojanis
897 1683 1089 1746 spem
1120 1662 1400 1728 affirmat
1422 1664 1445 1701 ὅ
1488 1664 1755 1729 tandem
1786 1664 2019 1729 stabili
2048 1672 2366 1748 certaque
2407 1664 2567 1729 sede
2593 1664 2740 1728 fini-

548 1765 706 1829 endi
751 1767 1006 1830 erroris.
1095 1764 1435 1850 Oppidum
1467 1767 1776 1833 condunt.
1866 1769 2126 1832 AEneas
2158 1769 2244 1831 ab
2275 1768 2539 1832 nomine
2569 1788 2737 1832 uxo-

545 1867 639 1931 ris
658 1855 1011 1933 Lavinium
1038 1877 1064 1903 ⁸
1093 1865 1411 1952 appellat·
1460 1867 1658 1935 Brevi
1683 1871 1887 1954 stirps
1907 1889 2172 1954 quoque
2202 1870 2415 1935 virilis
2445 1890 2532 1934 ex
2561 1889 2740 1935 novo

546 1971 969 2039 matrimonio
998 1971 1160 2052 suit3
1191 1973 1303 2037 cui
1322 1981 1348 2022 ⁷
1388 1972 1765 2037 Ascanium
1796 1981 2105 2058 parentes
2131 1973 2367 2038 dixere
2393 1991 2651 2038 nomen.

1482 385 1530 433 Τ
1554 416 1569 431 .
1615 387 1806 435 L1v11

615 2153 637 2186 ⁶
673 2155 935 2222 Confirmat
961 2159 1347 2223 expectationem.

1456 2270 1825 2292 mmm

522 2345 830 2403 'winda—⁷
852 2355 973 2404 Duo
995 2355 1128 2405 Pau.
1152 2363 1206 2406 et
1224 2355 1353 2408 Mes.
1376 2356 1574 2408 Mureti
1599 2372 1883 2424 pronomen
1906 2358 2162 2424 ignorant.

1534 2488 1752 2542 NOTAE

546 2582 611 2633 ad
635 2597 817 2647 pacem
841 2586 1157 2651 compulsum
1180 2587 1247 2638 ab
1271 2588 1434 2639 AEnea
1464 2589 1610 2640 Lati·
1686 2590 1886 2641 Mnus
1906 2590 2198 2641 Tumens
2218 2588 2429 2654 nuptiis,
2452 2602 2579 2653 ques
2610 2586 2748 2637 fans·

541 2674 685 2710 num.
1690 2667 1754 2717 tis
1789 2669 2103 2718 serenissimi
2135 2676 2294 2732 atque
2317 2667 2382 2716 ad
2407 2681 2607 2716 summa
2637 2666 2748 2715 nsti

603 2737 621 2770 ‘
657 2738 802 2802 Apud
833 2739 1038 2791 Penates
1079 2740 1233 2806 Deos]
1284 2742 1609 2794 Universits-
1690 2746 1981 2796 Damnum
2036 2746 2174 2796 intra
2239 2758 2430 2795 annum
2489 2744 2747 2793 ustslibus

548 2820 657 2864 tum
704 2816 814 2866 sive
860 2817 1060 2867 urbium
1107 2819 1330 2884 publicis
1372 2821 1607 2872 domibus

547 2900 780 2954 prmsunt
803 2890 1052 2958 Penates,
1070 2895 1384 2959 singulorum
1409 2898 1610 2949 adibus

548 2967 735 3018 Lares:
770 2971 862 3019 sed
905 2972 1018 3021 hoec
1075 2973 1282 3023 nomina
1337 2985 1609 3026 sumuntur

551 3045 841 3108 promiscue
865 3062 958 3111 pro
972 3047 1271 3099 domesticis
1286 3049 1418 3102 Diis.
1481 3053 1612 3103 Tro·

544 3120 684 3184 jnnae
707 3131 878 3173 autem
913 3124 1054 3174 ‘urbis
1091 3126 1336 3183 Penates.
1371 3138 1400 3176 e
1428 3129 1610 3179 Samo-

550 3197 753 3248 thracia
808 3202 860 3250 in
917 3202 1189 3267 Phrygiam
1246 3206 1523 3255 translatos
1578 3222 1612 3257 a

551 3275 816 3342 Dardano,
859 3293 1033 3330 secum
1084 3280 1275 3331 detulit
1324 3282 1511 3332 AEness
1559 3284 1611 3332 in

546 3352 771 3404 Latium.
835 3355 1033 3405 Horum
1050 3357 1284 3421 symbola
1306 3359 1536 3422 reposita
1559 3361 1612 3410 in

548 3429 746 3482 aedibus
769 3432 1145 3484 Laviniensium
1181 3431 1347 3499 fuere,
1366 3450 1503 3485 aerea
1524 3451 1611 3487 ca·

548 3502 736 3570 dtices,
771 3518 828 3560 et
861 3512 1080 3574 Trojano
1113 3519 1253 3562 tests
1286 3512 1491 3564 fictilis:
1529 3515 1608 3564 uti

549 3598 613 3634 ex
635 3586 834 3638 civibus
864 3603 923 3637 se
952 3589 1264 3639 intellexisse
1292 3598 1470 3639 narrat
1500 3590 1607 3640 Hs·

547 3661 729 3713 licsrn.
750 3666 837 3729 qni
858 3680 948 3715 eos
973 3665 1150 3716 Romae
1184 3667 1285 3717 coli
1315 3666 1463 3717 addit
1499 3665 1611 3717 effi-

553 3738 638 3801 gie
690 3739 904 3791 duorum
961 3743 1211 3806 juvenum
1275 3751 1611 3809 armatorum,

549 3813 726 3864 hsbitn
753 3817 1060 3868 sedentium.

618 3898 642 3922 ¹²
676 3892 805 3941 Filia
824 3896 989 3945 AEneoe
1009 3897 1065 3945 in
1084 3897 1433 3946 matrimonium
1464 3898 1606 3962 dala]

554 3966 955 4020 Usitatissimum
1024 3974 1254 4037 Regibus
1319 3974 1611 4024 simultates

552 4041 700 4092 finire
752 4044 1099 4100 affinitatibus.
1200 4051 1610 4101 illustrissimum

554 4122 725 4172 aetatis
750 4130 941 4173 nostroe
979 4128 1270 4190 exemplum
1293 4127 1536 4176 habemus
1557 4127 1610 4178 in

556 4199 834 4251 Lunovtcr
879 4215 995 4251 xiv.
1042 4218 1166 4253 vere
1215 4206 1402 4269 magni,
1447 4206 1610 4268 Regis

556 4276 999 4343 christianissimi,
1029 4294 1146 4331 cum
1176 4283 1374 4345 optima
1410 4284 1611 4348 Regius

1686 2823 1884 2873 Coelnm
1905 2823 2100 2872 beavit.

1750 2905 1778 2932 ¹
1808 2898 2084 2961 Levium]
2133 2896 2175 2946 A
2211 2897 2421 2949 Lavinia
2450 2897 2532 2946 vel
2561 2896 2748 2961 Lavino

1687 2973 1859 3025 Latini
1893 2973 2020 3032 filia,
2056 2973 2231 3025 AEnere
2268 2989 2448 3032 uxore,
2480 2974 2746 3024 Lavinium

1687 3050 2005 3100 nominatum
2024 3051 2306 3100 communis
2322 3059 2402 3099 est
2416 3048 2612 3113 opinio.
2644 3046 2748 3097 Alii

1687 3127 2085 3189 appellationem
2124 3127 2276 3191 hujus
2315 3126 2495 3190 oppidi
2527 3124 2749 3175 deduce·

1690 3200 1817 3251 bant
1861 3216 1892 3252 a
1936 3202 2150 3252 Lavinia
2193 3201 2317 3252 Anii
2367 3201 2506 3266 apud
2559 3202 2747 3251 Delum

1685 3279 1967 3330 sacerdotis
1982 3280 2107 3343 fllia,
2122 3294 2274 3344 quam
2296 3279 2350 3329 iu
2373 3280 2748 3328 matrimonium

1686 3355 1875 3407 AEneas
1898 3359 2160 3408 asciverit.
2226 3357 2327 3407 Alii
2363 3358 2511 3406 aliam
2536 3356 2750 3405 nominis

1685 3433 1822 3484 illius
1835 3435 2082 3498 originem
2098 3440 2300 3492 notant,
2319 3433 2454 3499 qnod
2473 3433 2542 3482 ibi
2563 3447 2746 3496 nempe

1689 3511 1877 3561 AEneas
1915 3526 1971 3561 se
2007 3512 2057 3560 iu
2096 3511 2244 3561 fatali
2275 3519 2460 3573 stagno
2495 3524 2590 3559 seu
2633 3510 2748 3559 lacu

1690 3589 1826 3638 salso
1866 3588 2071 3638 weissen
2170 3587 2384 3639 Servius
2433 3587 2487 3635 in
2526 3599 2633 3635 vn.
2666 3583 2749 3633 ΑΕ·

1691 3666 1829 3716 neid.
1853 3666 2089 3715 aLwino
2128 3664 2298 3714 Latini
2331 3662 2494 3713 fratre
2529 3663 2750 3712 derivat.

1689 3743 1954 3792 Invininm
1978 3743 2139 3792 tribus
2160 3756 2193 3791 a
2216 3742 2346 3790 mari
2379 3740 2607 3790 millibus
2639 3753 2752 3804 pss-

1690 3832 1835 3870 sunm
1875 3819 1969 3870 sul)
2001 3819 2156 3881 colle,
2190 3818 2277 3882 qui
2317 3818 2469 3879 vulgo
2502 3818 2676 3866 Monte
2701 3815 2751 3864 di

1688 3897 1878 3947 Ιιευαπο
1923 3897 2113 3958 dictus,
2150 3895 2341 3945 veteris
2384 3894 2748 3958 appellationis
2830 3910 2839 3921 ·

1695 3973 1918 4037 vestigia
1949 3973 2273 4037 aliquatenus
2310 3978 2506 4033 servat,
2535 3971 2679 4019 mille
2699 3978 2751 4018 et

1691 4051 1988 4116 quingentis
2044 4048 2281 4112 passibus
2335 4058 2495 4111 snpra
2556 4045 2749 4095 fontem

1694 4129 1923 4185 Numici,
1960 4126 2049 4175 ubi
2097 4139 2234 4175 nunc
2272 4123 2429 4175 Senta
2468 4121 2750 4185 Petronius,

1691 4218 1794 4255 non
1816 4203 1998 4269 procul
2020 4202 2237 4252 Patr-ica.
