3034 4925
1002 403 1149 454 ιη.
1195 403 1280 457 ιι.
1328 405 1491 454 cn.
1536 389 1644 454 56.

2240 475 2250 485 ‚
2283 388 2416 465 5⁰⁷

192 549 647 617 lacerandam
690 550 974 636 piebem,
1020 558 1315 618 creatum
1362 571 1519 617 esse
1562 548 1993 617 contenderet
2011 572 2031 634 3
2050 548 2077 591 ⁶
2118 550 2304 619 rudis
2346 553 2414 619 in

193 651 491 723 militari
519 652 784 718 homine
810 652 1040 735 lingua
1081 674 1216 721 non
1246 654 1661 739 suppetebat
1686 654 1984 720 libertati
2015 655 2417 743 animoque!

195 753 487 838 Itaque,
516 753 870 821 deficiente
901 759 1226 836 oratione,
1271 762 1291 793 ⁶
1327 756 1896 841 Quandoquidem
1926 776 2060 822 non
2089 757 2290 823 facile
2319 758 2417 824 lo·
2463 807 2470 816 .

201 856 434 941 quor,’
452 864 478 907 ⁷
509 857 752 942 inquit,
782 864 801 894 ‘
828 857 1151 939 Quiritem
1179 866 1436 944 quam,‘¹
1458 859 1642 945 quod
1667 859 1930 926 locutus
1951 881 2119 938 sum,
2140 867 2418 945 praesto,

203 960 515 1027 crastino
542 960 653 1026 die
676 961 922 1027 adeste.
991 962 1134 1045 Ego
1154 961 1267 1026 hic
1291 967 1411 1028 aut
1428 961 1494 1026 in
1513 966 1888 1045 conspectu
1913 969 2134 1029 vestro
2156 962 2421 1035 moriar.

205 1071 340 1129 aut
369 1063 700 1146 perieram
731 1064 992 1148 legem?
1064 1063 1427 1150 occupant
1462 1065 1708 1132 tribuni
1749 1065 2105 1151 templum*
2147 1071 2420 1151 postero

206 1165 353 1230 die.
419 1165 741 1233 Consules
767 1168 1221 1252 nobilitasque
1250 1167 1337 1232 ad
1366 1166 1864 1251 impediendam
1893 1168 2105 1252 legem
2150 1169 2220 1232 in
2262 1186 2420 1232 con-

209 1269 418 1333 cione
439 1270 840 1337 consistunt.
901 1271 1323 1337 Summoveri
1354 1271 1682 1337 Laetorius
1703 1271 1948 1356 jubet,⁸
1975 1279 2423 1356 praeterquam

212 1371 339 1453 qui
370 1369 755 1455 suffragium
785 1374 1057 1440 ineant.t
1130 1372 1613 1441 Adolescentes
1642 1375 1899 1441 nobiles
1939 1375 2228 1446 stabant,
2259 1371 2426 1438 nihil

277 1519 295 1553 ¹
335 1521 453 1570 Non
469 1522 775 1587 respondebat
792 1525 1002 1575 animoso
1021 1522 1220 1577 consilio
1239 1541 1327 1590 pro
1347 1524 1569 1576 ubertate
1587 1528 1813 1589 suscepto.

1147 1670 1516 1692 “OM“

214 1754 251 1800 6
285 1756 301 1779 ‘
323 1748 530 1827 Nisipd
567 1766 762 1801 exorsus
780 1766 876 1817 sup
916 1752 1103 1804 leveris
1125 1760 1215 1816 est,
1237 1761 1292 1806 et
1316 1759 1437 1820 post
1456 1755 1758 1805 contenderet
1798 1752 2210 1817 interpunxeris,
2242 1767 2430 1803 anaco-

217 1814 405 1863 luthon
449 1829 500 1864 in
544 1816 638 1866 luc
681 1817 880 1867 oration
903 1834 927 1867 s
971 1817 1139 1869 forma
1179 1821 1563 1883 agnoscendum
1611 1817 1837 1868 videtur.
1904 1819 2221 1869 Rectissime
2257 1824 2431 1868 antem

219 1880 519 1957 Crevierins
542 1882 960 1944 praepositionem
982 1885 1036 1933 in
1061 1892 1181 1935 ante
1201 1887 1544 1935 accusationem
1565 1883 1844 1934 delendam
1875 1891 2080 1942 censet,
2110 1883 2210 1932 nisi
2247 1898 2343 1949 pro
2380 1884 2434 1933 ia

216 1950 560 1995 nccmnhonem
582 1947 728 1995 malis
763 1946 1116 2005 incusationem,
1142 1948 1278 2015 quod
1301 1950 1544 2015 estapud
1572 1948 1792 1998 eundem
1817 1949 1871 1997 in
1896 1963 1997 1997 uno
2022 1945 2159 1997 cod.’
2190 1948 2431 2009 Ποσει-ἕης.

220 2013 320 2058 -7
355 2010 372 2036 ‘
388 2010 528 2060 Ante
546 2011 699 2071 facile
732 2013 895 2075 loquor
931 2014 1017 2063 ed.
1054 2014 1294 2077 Mognnt.
1317 2013 1483 2077 prima
1509 2014 1726 2062 inseruit
1748 2018 1867 2074 tam,
1889 2027 2006 2077 quae
2031 2012 2289 2076 particula
2311 2020 2434 2060 ante

222 2073 240 2100 ⁶
259 2074 441 2150 qitam’
478 2077 663 2139 passim
685 2079 965 2142 omittitur,
987 2093 1035 2127 v.
1059 2093 1105 2128 c.
1129 2091 1266 2129 xxv.
1289 2084 1369 2129 15.
1404 2081 1455 2128 4.
1491 2089 1652 2127 xxvi.
1679 2080 1757 2126 18.
1784 2081 1832 2125 1.
1867 2088 2032 2126 xxvi.
2063 2079 2147 2125 sl.
2173 2080 2220 2125 l.
2258 2088 2436 2125 xxxv.

219 2141 308 2187 49.
346 2154 386 2188 st
409 2139 485 2189 his
506 2141 633 2191 locis
656 2144 810 2206 vulgo
834 2151 978 2193 recte
1002 2143 1221 2206 iegitur3
1257 2142 1321 2192 de
1344 2157 1447 2208 quo
1470 2149 1645 2193 tamen
1669 2139 1914 2191 dubitare
1940 2141 2125 2206 possis.
2191 2143 2207 2169 ‘
2229 2140 2400 2204 Magis
2421 2140 2434 2160 ’

225 2211 353 2255 ante
386 2205 595 2269 ‘qnam'
631 2209 801 2259 solere
822 2209 991 2260 omitti
1026 2223 1130 2260 non
1163 2214 1281 2267 tm,
1301 2214 1480 2262 monet
1501 2206 1716 2260 Bauer.’
1750 2207 1951 2271 ΒΜ.
2018 2204 2281 2257 Α’ᾱᾱΛιιιω
2301 2203 2437 2256 Edd.

1213 2304 1432 2357 Nom-3

292 2406 321 2441 (Ι
355 2400 615 2461 Nonsacile
629 2404 859 2470 loquor..
881 2405 1074 2471 ,qnnmJ
1107 2403 1189 2454 Ita
1211 2420 1295 2453 ve·
1369 2402 1450 2467 vis
1492 2400 1793 2467 Capitolini,
1823 2398 1987 2468 (quod
2028 2398 2204 2465 templi
2249 2411 2437 2448 nomen

112 2540 122 2550 υ
228 2479 371 2524 teres
407 2477 659 2529 editiones
694 2495 811 2531 cnm
837 2481 974 2531 Mss.
1000 2480 1135 2545 apud
1162 2480 1297 2531 Gro-
1376 2493 1473 2543 per
1494 2478 1916 2529 Autonomasiam
1942 2475 2040 2527 sibi
2065 2477 2252 2526 merito
2271 2474 2435 2525 vindi-

227 2565 351 2604 nov.
386 2553 696 2618 Moguntina
718 2558 882 2609 editio
902 2559 1068 2624 prima
1092 2557 1297 2607 addidit
1374 2554 1506 2622 cat,)
1530 2564 1620 2605 aut
1642 2555 1780 2606 circa
1796 2554 1942 2604 illud.
1984 2554 2053 2603 Et
2073 2565 2254 2604 revera
2273 2553 2440 2616 prima

230 2629 540 2693 particulam
578 2637 695 2693 tam,
713 2642 773 2684 ut
799 2635 869 2684 sit
905 2650 999 2684 mm
1028 2640 1126 2684 tam
1143 2633 1298 2699 facilc

228 2704 406 2768 loquor.
474 2706 574 2757 Sed
616 2708 743 2760 nihil
780 2717 896 2761 erat
930 2726 1077 2775 opus.
1143 2711 1297 2775 Saepe

230 2795 349 2832 eam
361 2783 609 2834 omittunt
633 2786 683 2834 in
718 2785 1006 2850 hujusmodi
1030 2802 1296 2852 compara·

230 2857 460 2908 tionibus
496 2867 606 2910 tum
641 2860 857 2925 Noster,
881 2870 988 2913 tum
1020 2863 1295 2913 Sallustius

231 2934 526 2996 et'l'acitus‚
542 2936 846 2989 Graerornm
866 2940 1169 2991 imitatione.
1193 2940 1295 2989 Ex·

232 3017 320 3062 tat
357 3012 492 3078 apud
531 3013 834 3081 Dionysium
880 3009 1113 3066 Lectorii
1145 3015 1294 3081 hujus

232 3088 405 3138 oratio
447 3090 578 3139 acris
622 3097 678 3140 et
721 3092 999 3142 vehemens
1043 3091 1292 3142 adversus

235 3163 484 3230 Appium,
502 3180 619 3231 qnae
637 3180 961 3233 nequaquam
979 3168 1186 3219 dicendi
1209 3184 1293 3219 ru·

233 3237 356 3289 ‘dem
379 3241 563 3304 arguit.
759 3249 766 3256 “

303 3322 324 3348 ¹
355 3316 596 3381 occupant
617 3316 808 3384 tribui,
822 3321 1071 3385 templum]
1105 3320 1189 3372 An
1208 3322 1295 3372 ba·

235 3391 494 3442 bebantnr
531 3394 580 3442 in
625 3395 821 3458 templo
856 3396 1066 3445 comitia
1093 3398 1297 3461 plebis?

239 3469 370 3518 Cum
393 3470 587 3519 curiata
618 3469 671 3519 in
698 3471 907 3521 comitio
943 3472 1077 3538 intra
1099 3488 1295 3538 pomoe-

239 3544 387 3607 rium,
414 3547 709 3597 centuriata
746 3555 897 3599 extra
920 3549 1221 3613 pomoerium
1245 3549 1296 3597 in

241 3631 426 3685 campo
445 3619 556 3671 fere
595 3623 794 3673 Martio
823 3624 1172 3687 haberentnr;
1206 3624 1297 3673 tri·

238 3695 378 3748 bntis
399 3698 563 3748 nullus
595 3707 767 3750 certus
804 3700 1095 3750 destinatus
1133 3694 1295 3750 loeus.

239 3772 490 3824 Creandis
512 3775 899 3838 magistratibus
923 3778 1225 3841 plerumque
1243 3775 1295 3824 in

241 3851 423 3914 'campo
444 3851 666 3901 Martio:
705 3854 875 3915 legum
895 3859 1067 3903 antem
1088 3858 1143 3903 et
1156 3850 1298 3916 jndi-

241 3930 434 3980 ciorum
449 3945 602 3979 cansa
616 3931 667 3980 in
684 3931 892 3982 comitio
908 3930 1023 3981 fieri
1041 3931 1298 3981 solebant.

240 4005 348 4056 Sed
372 4005 730 4072 nonnunquam
753 4007 805 4057 in
829 4007 1075 4071 capitolio
1097 4022 1301 4074 qnoque

241 4080 419 4134 habita
438 4087 643 4133 constat
661 4090 880 4148 utraque
902 4082 1000 4133 bac
1034 4082 1100 4132 de
1123 4096 1301 4146 cansa,

245 4171 314 4206 ex
348 4156 614 4207 Plutarch.
649 4158 703 4207 in
745 4159 1014 4217 Gracchis,
1059 4158 1303 4224 Appiano

243 4233 336 4285 lib.
359 4245 397 4286 ι.
431 4235 696 4285 Bellorum
735 4236 890 4286 Civii.
921 4237 1119 4287 Nostro
1143 4235 1302 4286 etiam

243 4309 474 4376 'pluribus
510 4310 668 4374 iocis;
715 4312 802 4376 qui
840 4310 910 4362 ibi
946 4312 1154 4363 comitia
1187 4312 1304 4363 haec

245 4383 421 4438 habita
441 4387 635 4438 indicat
655 4405 670 4439 z
704 4391 757 4439 in
783 4390 981 4456 templo
995 4390 1197 4442 scilicet
1212 4389 1304 4442 Jo-

1369 2630 1539 2696 Appii
1606 2645 1722 2682 cnm
1783 2629 2006 2680 tribunis
2050 2628 2437 2679 concertatione

1372 2716 1688 2773 occupatum
1712 2723 1743 2757 a
1774 2707 1926 2771 plebe
1960 2720 2053 2771 per
2087 2707 2196 2755 haec
2229 2706 2441 2756 comitia

1373 2783 1691 2848 Capitolium
1714 2783 1911 2833 diserte
1943 2781 2129 2833 scribit
2163 2782 2443 2847 Dionysius

1374 2858 1468 2909 tib.
1492 2871 1572 2908 rx.

1371 2941 1376 2944 “
1438 2942 1459 2969 ·
1489 2935 1788 2986 Summoveri
1834 2935 2072 2986 Loeiorins
2107 2933 2270 3001 jubet]
2320 2933 2355 2987 J
2360 2949 2441 2984 am

1376 3018 1497 3062 ante
1537 3012 1804 3075 superiore
1846 3026 1982 3061 anno
2026 3017 2281 3061 statuerat
2322 3026 2439 3062 cum

1376 3087 1575 3138 dnobus
1599 3088 1813 3153 collegis
1849 3087 2063 3151 Volero,
2088 3102 2187 3138 nec
2222 3087 2444 3137 consuli-

1371 3163 1472 3217 bus
1496 3165 1867 3220 dissuasionem
1892 3159 2021 3229 legis
2040 3164 2366 3230 permittere,
2390 3170 2444 3213 et

1378 3243 1628 3308 patricios
1668 3241 1719 3293 in
1765 3250 1932 3293 totum
1977 3241 2197 3292 comitiis
2244 3253 2444 3290 arcere.

1377 3318 1660 3368 Habebunt
1695 3318 1825 3368 enim
1862 3318 1936 3367 ilii
1973 3333 2066 3367 sua
2102 3317 2365 3373 sodalitia,
2388 3322 2444 3365 et

1377 3408 1496 3443 cum
1520 3395 1881 3443 clientelarum
1906 3393 2131 3442 catervis
2156 3393 2344 3441 multas
2367 3389 2444 3438 fo·

1377 3470 1420 3519 ri
1448 3477 1618 3533 partes
1641 3470 1998 3533 occupabant;
2032 3470 2225 3517 animos
2245 3466 2442 3515 adden-

1374 3544 1444 3593 do
1488 3543 1617 3607 legis
1650 3542 2046 3604 dissuasoribus,
2079 3539 2441 3590 defensoribus

1376 3626 1562 3669 contra
1585 3618 1965 3683 obstrependo:
2003 3616 2095 3668 sed
2120 3606 2253 3668 no'va
2279 3618 2443 3681 pesti·

1375 3690 1541 3748 lentis
1596 3696 1809 3747 suborta
1862 3693 2234 3764 impedimento
2275 3694 2444 3743 fuerat

1375 3774 1495 3825 huic
1515 3773 1799 3824 Voleronis
1822 3772 2053 3835 incepto.

1440 3855 1459 3889 ⁸
1493 3854 1823 3918 Proeterqnam
1843 3852 1926 3917 qni
1944 3849 2233 3915 stiffi-agium
2255 3850 2444 3913 ineant}

1382 3931 1556 3996 Igitur
1605 3930 1810 3996 patricii
1854 3927 2060 3979 tributis
2100 3927 2323 3977 comitiis
2354 3928 2443 3991 jus

1380 4007 1612 4074 suffragii
1645 4022 1746 4057 non
1785 4004 2048 4056 habuere:
2084 4002 2343 4070 quoniam,
2367 4004 2442 4053 in-

1385 4093 1467 4135 ter
1505 4083 1831 4135 conditiones
1875 4080 2245 4145 redintegratae
2303 4081 2444 4129 inter

1382 4161 1589 4211 ordines
1633 4160 1686 4208 in
1729 4166 1903 4207 monte
1936 4157 2096 4207 Sacro
2129 4155 2444 4217 concordiae,

1384 4249 1688 4286 concessum
1732 4233 1873 4297 plebi
1918 4230 2108 4297 fuerat,
2146 4239 2203 4282 ut
2240 4232 2442 4297 quoties

1386 4312 1577 4364 tribuni
1600 4313 1902 4361 concionem
1927 4314 2193 4371 vocarent,
2207 4307 2257 4356 ei
2272 4321 2327 4356 se
2351 4320 2441 4371 pa-

1386 4388 1527 4441 tricii
1550 4405 1615 4441 ne
1637 4389 1934 4452 miscerent,
1948 4394 2006 4438 nt
2028 4383 2299 4449 Dionysius
2322 4373 2445 4432 scri-
