3034 4925
980 389 1158 438 vum
1216 389 1304 436 Εἰ·
1353 387 1724 437 msronu
1778 387 1957 436 Rom,
2479 371 2564 438 19

368 536 580 606 torius
604 533 823 601 in.illa
844 533 1344 600 desiderabatur
1364 540 1659 599 ornatus.
1755 524 1950 598 Nam'
1964 533 2238 598 historia
2259 553 2340 600 eo
2360 534 2567 619 poti‘s-
2614 576 2621 583 -

375 643 622 707 simum
646 638 950 704 ,consilio
975 656 1016 702 a
1055 636 1316 703 Graecis
1342 637 1501 701 olim
1533 635 1998 720 Romanisque
2027 638 2458 713 scribebatur,
2488 644 2568 700 ut

373 742 686 827 practica
701 739 1007 824 quaedam
1029 739 1459 824 philosophia
1508 746 1691 804 esset
1718 739 1823 804 vel
1854 741 2170 823 magistra
2199 740 2380 818 vitae,
2409 759 2568 823 pru-

375 846 621 910 dentiae
648 843 873 908 civilis
891 862 972 908 ac
989 843 1317 920 militaris,
1335 844 1650 909 virtutum
1675 851 1878 927 atque
1896 848 2406 927 praeceptorum,
2431 849 2570 905 tam

379 945 1078 1028 civibus‘etprivatis,
1111 964 1316 1028 quarn
1337 944 2430 1029 Principibusmagistratibusque
2462 963 2570 1007 sa·

372 1051 694 1116 labriam.
728 1046 1034 1127 Quifinis
1052 1046 1335 1111 obtineri
1358 1047 1615 1131 nequit,
1640 1046 1770 1110 nisi
1796 1047 1948 1129 ipsa
1977 1065 2253 1132 quoque
2271 1046 2570 1111 narratio

378 1172 599 1216 rerum
630 1168 1021 1233 magnarum
1052 1148 1613 1231 mirabiliumque,
1653 1168 1696 1212 a
1725 1147 1990 1230 magnis
2025 1148 2183 1218 viris
2216 1154 2573 1230 gestarum,

373 1255 473 1320 -ad
505 1272 748 1318 sensus
777 1271 1052 1336 magnos
1083 1251 1499 1334 affectusque
1526 1252 1671 1315 sive
1702 1251 2035 1335 graviores
2066 1249 2209 1314 sive
2236 1248 2577 1313 molliores

385 1358 869 1439 suavioresque
901 1354 1270 1420 movendos
1304 1351 1822 1419 accommodata
1852 1360 1974 1430 est,
2023 1360 2093 1418 et
2127 1352 2330 1417 animi
2359 1351 2577 1432 legen·

376 1460 550 1523 ,tium
571 1462 875 1522 tenentur
891 1457 1263 1522 subtilitate
1276 1456 1709 1541 judiciorum,
1728 1455 2208 1523 sententiarum
2226 1454 2581 1536 elegantia,

382 1560 739 1642 gravitate,
760 1557 966 1642 copia
991 1568 1058 1650 et
1080 1559 1410 1636 acumine,
1435 1559 1896 1641 orationisque
1920 1559 2244 1623 varietate
2267 1564 2334 1621 et
2351 1556 2581 1619 elocu-

387 1664 598 1740 tione,
631 1681 673 1726 a
725 1680 863 1744 qua
891 1661 1230 1744 praecipue
1273 1660 1657 1744 eloquentes
1700 1659 2024 1739 dicuntur,
2076 1660 2142 1724 h.
2186 1679 2246 1725 e.
2293 1657 2583 1722 naturali

382 1769 742 1830 ‚venustate
788 1769 854 1828 et
873 1765 1248 1828 urbanitate
1273 1762 1590 1848 quadam,
1623 1783 1741 1849 per
1767 1763 1975 1842 illam,
2017 1770 2094 1827 ut
2139 1762 2413 1843 sanguis
2469 1778 2586 1844 per

391 1886 660 1952 corpus,
683 1865 955 1932 diffusa.
1004 1864 1272 1944 Quibus
1291 1867 1349 1932 si
1369 1867 1629 1932 accedit
1651 1867 1768 1931 illa
1785 1873 2082 1932 veterum
2098 1864 2587 1938 historicorum,

393 1973 530 2032 tam
579 1967 973 2034 Graecorum
1019 1989 1224 2053 quam
1280 1969 1766 2048 Romanorum,
1816 1988 1946 2045 arS,
2000 1986 2136 2051 qua
2192 1965 2421 2048 magni
2465 1963 2588 2028 viri

382 2087 528 2160 *non
558 2065 760 2134 modo
790 2075 1085 2153 agenteS,
1116 2069 1237 2136 sed
1286 2077 1354 2136 et
1383 2072 1520 2156 ipsi
1568 2091 1836 2150 causaS,
1886 2089 2003 2138 cur
2045 2071 2140 2135 ita
2165 2075 2387 2152 agant,
2416 2067 2586 2131 scite

395 2181 815 2256 exponentes
866 2171 1315 2253 inducuntur3
1378 2194 1530 2257 quae
1582 2174 1784 2239 lectio
1832 2192 2068 2260 quaeve
2114 2171 2477 2255 disciplina
2525 2173 2594 2231 et

385 2273 761 2357 jucundior
807 2278 875 2339 et
919 2275 1145 2339 utilior
1188 2274 1341 2358 fingi
1385 2279 1664 2360 potest?
1740 2276 2204 2343 Hinc‘Cioero
2258 2272 2593 2346 censebat,

397 2378 642 2443 summi
700 2376 984 2442 oratoris
1036 2396 1209 2455 esse,
1234 2377 1612 2443 historiam
1664 2381 1977 2458 scribere,
2061 2395 2343 2460 eamque
2393 2371 2596 2455 hujus

394 2480 713 2555 doctrina.
728 2481 1144 2546 sublevatam
1168 2482 1380 2548 multo
1413 2485 1629 2567 magis
1654 2504 1727 2549 se
1750 2501 2198 2557 commovere,
2222 2486 2293 2542 et
2317 2491 2598 2542 succum

397 2583 599 2666 quasi
620 2600 711 2647 ,ac
759 2583 1170 2665 sanguinem,
1193 2603 1482 2651 ‚carnem
1524 2585 1946 2650 tto-colorem
1997 2583 2320 2664 accipere,
2348 2579 2397 2642 i.
2426 2596 2485 2640 e.
2530 2580 2600 2637 et

400 2684 779 2751 suaviorem
808 2684 1000 2749 reddi
1028 2691 1096 2749 et
1121 2684 1649 2751 fructuosiorem.
1740 2684 1986 2768 Neque
2007 2699 2355 2765 assequor,
2379 2697 2500 2743 our
2527 2677 2602 2740 in

402 2806 488 2880 ea
516 2787 758 2865 oratio,
791 2787 1027 2853 habitu
1058 2790 1353 2853 oratorio
1385 2790 1631 2855 vestita
1652 2794 1720 2853 et
1734 2789 1862 2853 hac
1889 2794 2028 2852 arte
2050 2785 2373 2860 animata,
2400 2778 2600 2844 modo

392 2908 620 2972 neque
649 2890 851 2953 nimis
881 2910 965 2955 ea
987 2890 1306 2970 luxuriet,
1362 2911 1579 2976 neque
1629 2890 1847 2973 magis
1900 2894 2176 2954 ornatus
2231 2885 2602 2957 verborum,

404 3010 614 3075 quam
645 3011 857 3056 rerum
888 2993 1186 3073 veritatis
1230 2995 1408 3059 ratio
1453 2995 1804 3070 habeatur,
1844 2994 2066 3057 minus
2111 2985 2465 3074 probanda
2512 2981 2607 3045 sit

396 3095 761 3177 minusque
791 3095 1059 3177 placere
1089 3105 1316 3179 queat,
1342 3117 1546 3181 quam
1563 3117 1696 3181 qua
1717 3096 1988 3181 plurimi
2012 3097 2276 3159 utuntur
2303 3084 2606 3153 historici

405 3201 476 3260 et
501 3196 898 3280 antiquioris
943 3198 1076 3263 aevi
1112 3206 1181 3263 et
1207 3200 1624 3278 recentioris„
1654 3201 1773 3284 qui
1804 3198 1907 3263 vel
1959 3216 2065 3261 res
2110 3194 2398 3259 breviter
2449 3188 2607 3252 sim-

407 3296 823 3381 pliciterque.
855 3318 975 3363 seu
1002 3300 1090 3364 ad
1120 3307 1392 3384 captum
1441 3321 1795 3386 puerorum
1843 3295 2349 3365 accommodate
2401 3308 2612 3373 expo-

412 3418 590 3477 nere,
619 3400 726 3464 vel
754 3400 977 3467 doctis
1006 3407 1268 3468 tantum
1304 3406 1686 3470 hominibus
1705 3448 1710 3455 -
1732 3403 2105 3477 consulere,
2160 3393 2611 3481 disputare-et

399 3505 883 3593 argumentari,
934 3505 1340 3580 difficiliores
1383 3508 1625 3572 modos
1680 3505 2023 3588 expedire,
2074 3501 2363 3565 obscura
2393 3500 2463 3556 et
2511 3509 2613 3554 re—

413 3603 695 3675 condita
744 3608 1023 3670 scrutari
1103 3607 1344 3673 solent,
1466 3607 1642 3687 Quis
1700 3611 1880 3673 certe
1958 3603 2224 3669 Livium
2269 3593 2614 3681 reprehen-

414 3705 777 3788 dat,>.quod
827 3715 1104 3773 secutus
1150 3711 1237 3774 sit
1264 3729 1556 3789 sensum,
1590 3709 1877 3794 judicia,
1914 3721 2299 3787 moremque
2329 3696 2615 3783 popula-

415 3808 601 3875 riumm
620 3827 916 3887 suorum,
950 3831 1123 3895 quos
1145 3813 1214 3876 in
1243 3813 1475 3896 primis
1509 3819 1578 3878 et
1607 3813 1936 3878 delectare
1966 3818 2038 3874 et
2066 3807 2347 3873 edocere
2393 3801 2617 3885 cupie-

418 3911 584 3976 bat?
630 3913 882 3995 etffquis
905 3933 1032 3977 non
1054 3916 1140 3979 ad
1172 3915 1345 3980 hunc
1375 3915 1571 3982 finem
1595 3916 1828 3999 exigat
1858 3913 2135 3980 annales
2168 3909 2312 3995 ejus
2334 3908 2366 3972 Ἰ
2433 3902 2618 3984 Quid

423 4033 584 4078 vero
617 4032 845 4079 causae
875 4022 996 4094 est,
1027 4037 1144 4081 cur
1190 4036 1233 4082 a
1269 4019 1463 4083 nobis
1494 4021 1704 4083 minor
1730 4018 2045 4101 voluptas
2093 4013 2482 4093 utilitasque
2530 4022 2622 4070 ex

418 4115 577 4198 ,ejus
607 4115 1021 4203 aliorumque
1050 4119 1347 4186 historiis
1377 4124 1676 4206 antiquis
1703 4122 2128 4204 percipiatur,
2159 4133 2364 4201 quarn
2410 4129 2453 4173 a
2500 4128 2621 4193 po·

422 4216 778 4299 pularibus
807 4239 1036 4287 eorum
1061 4230 1266 4307 capta
1296 4231 1407 4290 est
1423 4226 1461 4289 ‘l
1499 4223 1565 4297 A
1597 4224 1839 4308 paucis
1870 4223 2005 4289 illae
2037 4241 2122 4286 eo
2153 4219 2353 4285 modo
2380 4238 2462 4284 ac
2494 4218 2622 4285 fine
