3034 4925
2415 330 2545 398 681

348 486 507 551 tatis
558 484 890 565 Patrum,5
947 485 1461 571 concordiaeque
1516 486 1846 558 ordinum,
1915 492 1985 551 et
2040 492 2421 571 temporum
2473 490 2543 555 in

346 589 581 671 primis
609 588 942 654 habuisse.
1031 587 1243 655 Orare
1288 609 1438 653 eum
1478 589 1959 673 collegamque,
2007 594 2083 654 ut
2118 598 2544 674 capesserent

344 707 484 781 rem
508 690 883 774 publicam:
916 710 1103 756 orare
1126 691 1450 764 tribunos,
1480 697 1557 757 ut
1576 711 1714 757 uno
1740 693 1960 757 animo
1986 710 2139 757 cum
2161 694 2542 760 consulibus

340 791 590 856 bellum
614 792 701 856 ab
729 793 891 858 urbe
919 812 1000 858 ac
1031 793 1367 858 moenibus
1396 794 1775 877 propulsari
1825 793 2095 872 vellent,
2140 795 2541 883 plebemque

342 895 759 960 obedientem
800 896 871 960 in
914 916 985 961 re
1034 902 1172 961 tam
1217 896 1477 980 trepida
1506 896 1826 961 Patribus
1856 898 2264 980 praeberent:
2309 898 2539 983 appel-

338 998 482 1062 lare
532 998 837 1063 tribunos
890 1015 1307 1063 communem
1352 998 1690 1081 patriam,⁹
1713 1010 1739 1038 ⁴
1783 999 2253 1085 auxiliumque
2302 1020 2541 1067 eorum

335 1098 716 1183 implorare,
767 1100 1054 1165 vastatis
1106 1100 1309 1183 agriS,
1334 1095 1346 1116 ²
1358 1101 1528 1165 urbe
1582 1121 1796 1185 prope
1847 1101 2275 1187 oppugnata?
2363 1102 2536 1169 Con-

339 1223 546 1269 sensu
588 1204 882 1269 omnium
911 1203 1218 1279 delectus
1248 1203 1621 1269 decernitur
1645 1205 2077 1289 habeturque.
2166 1204 2341 1271 Cum
2382 1226 2539 1272 con-

337 1307 516 1370 sules
538 1306 611 1370 in
636 1307 965 1383 concione
992 1307 1561 1390 pronuntiassent,
1595 1311 1616 1340 ‘
1634 1307 1936 1391 Tempus
1958 1328 2090 1372 non
2112 1327 2266 1373 esse
2289 1327 2539 1374 causas

339 1409 878 1491 cognoscendi32
919 1428 1152 1474 omnes
1185 1410 1486 1495 juniores
1527 1416 1798 1494 postero
1851 1410 1962 1475 die
1998 1411 2226 1494 prima
2268 1411 2424 1477 luce
2467 1412 2540 1476 in

340 1529 578 1594 campo
611 1509 860 1576 Martio
890 1514 1242 1594 adessent3
1289 1513 1785 1595 cognoscendis
1833 1514 2063 1578 causis
2107 1533 2360 1592 eorum,
2415 1512 2538 1599 qui

335 1612 611 1684 nomina
638 1633 776 1678 non
806 1614 1179 1693 dedissent,
1228 1614 1413 1679 bello
1442 1615 1742 1699 perfecto
1784 1635 1862 1680 se
1914 1616 2193 1683 daturos
2227 1622 2535 1701 tempus;

333 1735 458 1799 pro
519 1715 851 1781 desertore
903 1717 1220 1794 futurum,
1281 1717 1474 1801 cujus
1540 1733 1673 1781 non
1731 1716 2123 1800 probassent
2190 1737 2469 1783 causam
2495 1717 2537 1783 :'

336 1819 548 1884 omnis
567 1819 892 1904 juventus
921 1818 1111 1886 affuit
1140 1824 1415 1903 postero
1460 1817 1615 1887 die..
1680 1811 2017 1884 Cohortes
2068 1820 2203 1883 sibi
2244 1840 2534 1904 quaeque

335 1924 751 1986 centuriones
795 1922 1128 2004 legerunt:
1155 1930 1181 1956 ¹²
1225 1921 1377 2010 bini·
1422 1926 1765 1986 senatores
1814 1921 2091 2002 singulis
2140 1918 2534 1987 cohortibus

331 2021 740 2107 praepositi.¹’
827 2023 1008 2091 Haec
1040 2024 1270 2089 omnia
1298 2020 1471 2088 adeo
1502 2027 1762 2087 mature
1792 2021 2097 2104 perfecta
2125 2019 2532 2105 accepimus,

1128 340 1274 388 mn.
1320 318 1433 389 111.
1482 340 1645 390 cAr.
1689 326 1800 391 69.

396 2213 418 2238 θ
451 2206 669 2266 Romam,
690 2223 796 2271 quoe
810 2209 974 2273 patria
992 2206 1246 2259 communis
1263 2207 1347 2263 sit,
1370 2187 1588 2255 invocare
1609 2196 1751 2269 atque
1768 2204 1998 2256 obtestari
2018 2204 2242 2255 tribunos.

1251 2350 1616 2372 ‘cebete-eecce

328 2455 431 2507 -·ι.-9
465 2451 612 2504 Idem
633 2453 774 2518 conj.
812 2454 1049 2519 appellare
1070 2453 1284 2506 tribunos
1303 2454 1537 2505 communi
1564 2467 1653 2519 pro
1672 2453 1851 2518 patria.

1322 2602 1542 2654 NOTAE

325 2717 467 2766 ultra
488 2716 695 2768 modum
729 2719 1031 2782 premendo,
1056 2719 1296 2769 domandi
1326 2733 1389 2768 ac

326 2791 604 2855 subigendi
627 2791 817 2845 animo.

295 2917 304 2922 ,
391 2874 418 2909 1
453 2867 731 2928 Orationem
749 2883 999 2918 memorem
1012 2870 1277 2933 mqfsstatis
1291 2871 1387 2920 Pa·

326 2945 482 3008 trum]
514 2945 771 2996 Memoria
792 2947 1127 2997 animantium
1145 2955 1243 2997 est.
1279 2946 1387 2999 Hic

328 3026 504 3069 tamen
549 3021 835 3071 orationem
881 3037 1160 3072 memorem
1205 3024 1388 3087 majes-

327 3096 457 3146 tatis
488 3096 616 3146 dicit
643 3097 837 3162 Livius,
866 3114 983 3150 cum
1020 3100 1228 3165 proprie
1263 3101 1391 3151 velit

326 3171 533 3237 dignam
573 3173 885 3238 mejestate3
920 3190 1072 3242 quam
1111 3176 1199 3242 qui
1233 3176 1389 3226 babe-

326 3248 421 3299 bat
434 3263 631 3299 memor
641 3247 814 3301 fuerat
829 3252 1148 3314 majestatis:
1169 3253 1388 3303 transla-

328 3326 467 3376 tione
491 3325 651 3375 ducta
674 3326 738 3376 ab
754 3327 958 3376 homine
981 3326 1048 3376 ad
1061 3342 1210 3391 opus,
1228 3327 1388 3392 at'que

326 3401 572 3451 affectum
614 3403 854 3464 hominis,
892 3417 994 3453 non
1037 3406 1138 3454 alia
1191 3405 1390 3454 ratione

323 3492 478 3543 quam
500 3478 687 3543 Virgil.
712 3478 864 3541 dixit,
885 3481 901 3509 ⁸
917 3480 1085 3530 Saevae
1108 3493 1389 3530 memorem

325 3556 552 3608 Jnnonis
574 3555 643 3606 ob
665 3553 835 3616 iram‚'
852 3556 907 3605 id
933 3564 1031 3613 est.
1053 3557 1123 3606 ob
1144 3557 1273 3606 irum
1295 3557 1391 3608 Ju-

326 3633 481 3681 nonis
504 3633 652 3696 cujus
675 3632 920 3682 memoria
942 3633 1170 3683 nondum
1208 3633 1256 3682 ei
1296 3647 1388 3682 ex·

327 3708 563 3758 dideratt
623 3709 698 3758 sic
751 3706 1024 3767 Horatius,
1080 3711 1096 3739 ‘
1124 3708 1388 3773 impressit

328 3797 609 3833 memorem
654 3784 813 3834 dente
849 3784 1007 3835 labris
1043 3783 1255 3849 notam,’
1292 3800 1386 3850 pro

327 3858 503 3910 morsu
525 3862 674 3927 cujus
697 3862 785 3912 diu
807 3876 1005 3913 memor
1030 3864 1132 3915 erit
1164 3874 1273 3928 p‘rae
1296 3862 1394 3913 do-‘

327 3938 439 3987 lore
463 3936 506 3985 is
531 3938 618 4000 qui
641 3946 723 3988 est
746 3939 1033 4001 impetitus.

395 4021 417 4045 ⁸
455 4013 654 4076 Tempus
682 4029 777 4063 non
795 4029 895 4064 esse
927 4029 1091 4064 cumas
1110 4022 1389 4078 cognoscen-

330 4089 405 4153 di]
440 4089 594 4140 Nunc
616 4096 822 4154 tempus
852 4105 958 4139 non
982 4090 1306 4155 permittere,
1330 4097 1389 4140 ut

331 4167 566 4215 consules
601 4167 974 4231 cognoscendis
996 4168 1388 4219 excusationum

334 4240 503 4290 causis
546 4247 825 4291 vacarentt
880 4243 1125 4295 confecto
1163 4244 1302 4296 bello
1339 4243 1390 4292 ei

465 4321 646 4385 Delph.
667 4325 717 4371 et
737 4320 1013 4384 Vor.,Cios.

1334 4322 1523 4377 Livius.

1471 2718 1755 2782 cognitioni
1799 2715 2013 2767 daturos
2053 2725 2302 2780 operam3
2356 2714 2430 2763 ita
2475 2720 2535 2763 ut

1465 2786 1609 2858 hum,
1624 2796 1770 2859 cujus
1788 2808 1944 2844 causa
1960 2793 2025 2843 ab
2048 2792 2173 2857 ipsis
2195 2790 2535 2853 comprobata

1468 2885 1575 2921 non
1593 2877 1752 2934 esset,
1776 2876 2019 2936 tanquam
2041 2868 2359 2919 desertorem
2383 2866 2533 2931 puni·

1470 2955 1608 2997 rent.

1534 3031 1559 3058 ⁸
1607 3022 1835 3073 Cohortes
1870 3021 1967 3072 sibi
2007 3035 2202 3084 quaque
2237 3018 2531 3070 centuriones

1464 3099 1705 3164 legerunt]
1756 3100 1822 3149 In
1859 3099 2067 3165 legione
2101 3097 2251 3149 suere
2293 3097 2532 3149 cohortes

1465 3178 1672 3240 decem,
1713 3176 1965 3228 centuriae
2003 3175 2296 3241 sexaginta,
2327 3181 2387 3225 ut
2418 3179 2530 3224 tum

1467 3256 1576 3318 alii,
1596 3261 1705 3305 tum
1730 3256 1791 3306 1..
1812 3255 2020 3305 Cincius
2045 3252 2185 3316 apud
2208 3252 2276 3302 A.
2301 3250 2530 3302 Gellium
2556 3316 2564 3320 ᾖ

1467 3330 1628 3389 docet
1657 3330 1749 3378 lib.
1785 3340 1902 3378 xvr.
1922 3343 2040 3391 cap.
2064 3332 2115 3377 4.
2180 3327 2415 3376 Fuerunt
2435 3326 2531 3388 igi·

1468 3411 1558 3455 tur
1592 3405 1645 3454 in
1681 3416 1885 3468 quaque
1917 3402 2132 3452 cohorte
2173 3399 2422 3450 centurioe
2468 3412 2531 3448 ac

1467 3482 1798 3534 centuriones
1819 3494 1928 3532 sex.
1962 3479 2034 3530 Hi
2061 3489 2198 3529 nunc
2218 3477 2288 3528 ab
2309 3477 2425 3541 ipsa
2443 3490 2530 3528 co-

1465 3558 1619 3607 horte
1639 3555 1784 3606 lecti.

1529 3632 1555 3667 ὓ
1587 3631 1712 3682 Bini
1745 3636 1988 3682 senatores
2022 3629 2228 3693 singulis
2269 3629 2533 3680 cohortibus

1462 3706 1739 3775 praepositi]
1770 3708 1888 3758 Hoc
1905 3721 2113 3769 novum,
2133 3713 2189 3756 et
2220 3711 2371 3756 extra
2389 3702 2532 3756 ordi·

1466 3792 1621 3836 nemi
1666 3797 1786 3832 nam
1817 3782 2032 3847 singulis
2066 3775 2364 3832 cohortibus
2395 3794 2530 3845 prae-

1467 3868 1622 3913 erant
1633 3860 1823 3924 singuli
1839 3858 2051 3922 tribuni,
2068 3857 2256 3923 partim
2271 3872 2301 3907 a
2319 3858 2533 3923 populo,

1468 3939 1657 4005 partim
1692 3954 1723 3988 a
1746 3935 2042 3987 consulibus
2062 3935 2203 3985 lecti.
2266 3934 2367 3985 Sed
2397 3949 2532 3998 prae·

1469 4016 1590 4066 sens
1635 4013 1914 4064 discrimen
1958 4010 2215 4075 duplicari
2260 4025 2531 4061 numerum

1471 4088 1860 4157 praefectorum,
1872 4094 1927 4137 et
1942 4087 2224 4137 Senatores
2235 4084 2530 4149 cohortibus
2609 4104 2615 4112 ·

1471 4165 1669 4230 praefici
1693 4162 1873 4214 suasit.
1939 4161 2041 4211 Vel
2071 4176 2138 4212 ex
2173 4163 2269 4212 hoc
2302 4163 2417 4210 loeo
2440 4172 2528 4224 pa-

1472 4248 1554 4294 tet
1591 4240 1702 4294 felli
1741 4255 1845 4305 eos,
1885 4240 1971 4308 qui
2009 4241 2201 4292 nullam
2239 4238 2527 4294 cohortium

2289 4323 2320 4366 3
2354 4318 2399 4369 Β
