3034 4925
2341 347 2475 415 563

274 510 615 580 hominum
643 516 711 578 et
738 509 1110 596 quingenti,
1142 509 1311 576 duce
1344 509 1484 594 Ap.
1513 506 1864 574 Herdonio
1886 515 1917 544 ¹²
1959 507 2242 588 Sabino,
2269 517 2469 576 nocte

276 614 698 699 Capitolium
737 621 944 698 atque
989 632 1205 678 arcem
1256 629 1670 696 occupavere
1679 618 1726 674 .¹‘
1813 608 2178 675 Confestim
2216 612 2284 675 in
2317 631 2471 678 arce

272 716 462 782 faeta
490 715 715 783 caedes
739 735 993 794 eorum,
1015 715 1132 798 qui
1160 713 1510 798 conjurare
1536 719 1605 778 et
1635 713 1837 778 simul
1866 732 2108 796 capere
2138 733 2326 779 arma
2354 734 2471 778 no-

274 819 559 885 luerant.
646 818 787 884 Alii
830 819 1007 883 inter
1052 817 1407 882 tumultum
1437 816 1817 900 praecipites
1849 834 2104 899 pavore
2146 816 2213 880 in
2254 817 2472 881 forum

276 919 626 987 devolant.
713 920 1258 1009 AlternaesvoceS,
1304 923 1325 953 ‘
1346 917 1460 984 Ad
1492 916 1724 997 arma,'
1750 926 1822 984 et
1869 925 1887 952 ‘
1909 917 2170 985 Hostes
2212 918 2280 982 in
2309 920 2471 984 urbe

274 1023 479 1103 sunt,’
522 1022 986 1089 audiebantur.
1075 1021 1403 1088 Consules
1446 1028 1520 1087 et
1571 1040 1823 1086 armare
1858 1020 2142 1104 plebem,
2191 1027 2263 1085 et
2300 1021 2472 1086 iner-

276 1144 457 1190 mem
498 1127 696 1209 pati!
740 1127 1079 1192 timebant.
1178 1125 1442 1202 Incerti,
1500 1123 1679 1208 quod
1734 1123 1977 1187 malum
2031 1124 2473 1206 repentinum,

275 1234 630 1294 externum
661 1249 747 1294 an
776 1228 1192 1306 intestinum,
1224 1229 1314 1292 ab
1346 1226 1502 1292 odio
1531 1225 1770 1310 plebiS,
1800 1244 1885 1290 an
1916 1224 2003 1289 ab
2037 1225 2265 1289 servili
2292 1225 2475 1290 frau-

276 1327 392 1407 de,
425 1330 656 1395 urbem
684 1331 1073 1410 invasisset,
1103 1329 1429 1396 sedabant
1451 1329 1797 1408 tumultus,
1817 1327 2118 1392 sedando
2148 1327 2472 1393 interdum
2534 1361 2553 1377 -

274 1432 667 1498 movebant.
757 1433 907 1499 Nec
938 1434 1115 1499 enim
1143 1438 1405 1518 poterat
1433 1431 1684 1516 pavida
1713 1436 1785 1498 et
1811 1435 2237 1498 consternata
2254 1429 2474 1494 multi-

276 1533 447 1600 tudo
474 1536 610 1619 regi
634 1536 939 1620 imperio.
1028 1537 1214 1604 Dant
1242 1544 1469 1603 tamen
1497 1543 1731 1611 arma,⁸
1758 1554 1891 1600 non
1922 1534 2125 1616 vulgo
2151 1553 2170 1614 ;
2215 1538 2473 1597 tantum

273 1641 382 1715 ut,
427 1637 684 1704 incerto
721 1640 945 1718 hoste,
981 1639 1382 1725 praesidium
1429 1640 1598 1705 satis
1639 1638 1844 1703 fidum
1876 1637 1961 1702 ad
1990 1636 2217 1702 omnia
2244 1640 2475 1699 esset.·

275 1739 545 1806 Soliciti
587 1741 911 1825 reliquum
957 1745 1200 1822 noctis,
1249 1743 1635 1827 incertique,
1677 1741 1794 1824 qui
1821 1738 2153 1815 homineS,
2183 1743 2474 1821 quantus

274 1861 593 1909 numerus
638 1845 935 1910 hostium
974 1852 1176 1924 esset,
1222 1846 1295 1911 in
1342 1844 1746 1910 stationibus
1778 1839 2208 1926 disponendis
2237 1837 2324 1903 ad
2354 1857 2475 1921 op-

1033 365 1181 414 mn.
1227 364 1346 415 ιιι.
1392 363 1558 413 oar.
1601 348 1708 414 15.

277 1949 566 2029 portuna
615 1949 829 2013 omnis
885 1947 1069 2011 urbis
1120 1948 1323 2025 loca,⁷
1342 1955 1371 1983 ⁸
1399 1965 1616 2031 egere.

1706 1945 1860 2009 Lux
1915 1942 2159 2008 deinde
2207 1941 2476 2025 aperuit

348 2163 373 2188 ⁰
406 2156 516 2205 Non
543 2157 721 2221 passim
735 2173 754 2208 .·
782 2158 867 2208 sed
902 2158 1140 2208 duntaxat
1158 2162 1386 2220 quntum
1404 2154 1683 2223 sufficiebat,
1715 2159 1771 2203 at
1805 2152 2028 2218 quamdiu
2047 2168 2140 2202 aon
2158 2151 2279 2202 satis
2297 2149 2478 2212 cogniti

272 2226 431 2270 essent
450 2222 624 2281 hostes,
628 2222 789 2288 fidam
806 2224 990 2273 adesset
1010 2222 1268 2272 subsidium
1285 2223 1511 2272 adversus
1531 2234 1827 2285 quecumque
1844 2219 2068 2284 pericula.

1268 2387 1320 2437 N
1326 2384 1486 2439 01·AE

348 2506 372 2533 ⁸
403 2497 499 2563 Ap.
522 2499 789 2565 Herdonio]
813 2501 1012 2566 Appius
1026 2500 1110 2550 bie
1132 2497 1341 2549 Herdo-

275 2575 399 2625 nius
439 2576 658 2626 Sabinus
702 2577 783 2627 vir
824 2575 927 2626 fuit
963 2577 1100 2626 domi
1138 2575 1343 2626 nobilis.

278 2654 405 2705 Quo
428 2660 598 2703 autem
622 2654 840 2704 eonsilio
858 2653 1173 2718 Capitolium
1188 2667 1343 2703 oceu-

276 2743 411 2793 pare
446 2744 716 2794 aggressus
752 2727 929 2788 fuerit,
951 2745 1021 2789 au⁴
1051 2736 1112 2781 ut
1134 2729 1233 2779 sibi
1255 2729 1344 2779 do·

277 2805 617 2856 minationem
650 2814 875 2871 pararet,
929 2822 995 2857 an
1035 2814 1095 2857 ut
1139 2805 1344 2857 Sabinis

278 2882 582 2946 imperium,
647 2882 745 2932 sibi
795 2873 1013 2947 'gloriam
1067 2892 1345 2949 quaereret,

279 2957 581 3023 ambiguum
604 2959 882 3023 Dionysius
906 2960 1169 3025 relinquit.

351 3041 378 3067 ¹
414 3035 702 3099 Capitolium
714 3041 855 3100 atque
868 3051 1023 3085 arcem
1037 3033 1343 3100 occupavere]

279 3112 565 3177 Dionysius
585 3120 779 3175 narrat,
791 3112 1137 3176 Herdonium,
1152 3113 1345 3162 dissen-

280 3187 512 3238 sionibus
536 3188 716 3254 populi
740 3188 960 3238 Romani
997 3188 1051 3238 in
1089 3203 1234 3253 spem
1268 3189 1344 3239 rei

279 3265 419 3316 bene
456 3265 699 3330 gerendae
735 3265 1030 3329 adductum,
1064 3267 1343 3317 eommuni-

280 3349 405 3393 eato
444 3357 561 3393 cum
604 3341 779 3392 amicis
816 3343 1050 3403 consilio,
1092 3344 1273 3408 copias
1313 3349 1343 3393 a

283 3420 544 3470 clientelis
567 3425 625 3470 et
656 3418 881 3476 servitiis
904 3427 1230 3483 comparatas
1254 3434 1347 3469 na·

283 3495 436 3560 vigiis
457 3496 779 3560 imposuisse,
799 3496 968 3561 iisqne
1001 3496 1229 3546 secundo
1256 3497 1343 3546 Ti-

283 3572 399 3623 beri
412 3571 643 3623 devectis
655 3572 722 3622 ad
741 3573 905 3637 ripam
924 3572 1180 3636 Capitolio
1194 3587 1347 3637 prox-

282 3648 459 3714 imam,
492 3664 590 3700 nee
627 3658 739 3700 toto
779 3648 951 3699 stadio
973 3648 1040 3698 ab
1060 3663 1125 3698 eo
1148 3649 1345 3699 distan-

285 3733 414 3783 tem,
445 3732 601 3776 nocte
641 3728 974 3791 intempesta,
1012 3738 1107 3789 per
1144 3733 1347 3789 portam

284 3802 668 3865 Cementinam,
690 3802 800 3853 sive
822 3809 1094 3865 sacratam,
1114 3803 1258 3867 (quae
1279 3817 1345 3853 ex

283 3880 496 3930 oraculo
511 3880 735 3946 quodam
759 3876 1019 3944 patebat,)
1035 3874 1346 3942 Capitolium

286 3964 447 4022 atque
469 3970 641 4007 arcem
665 3956 959 4020 contiguam
992 3954 1263 4017 invasisse,
1283 3968 1348 4004 eo

283 4034 459 4084 animo
483 4041 541 4083 ut
561 4032 801 4084 exulibus
833 4032 1060 4082 reditum
1100 4033 1152 4082 in
1188 4034 1348 4096 patri-

288 4125 392 4172 am,
433 4110 595 4159 servis
634 4109 952 4172 libertatem,
994 4107 1237 4159 obaeratis
1269 4122 1347 4158 re·-

284 4186 579 4239 missionem
602 4187 718 4235 aeris
751 4186 929 4247 alieni,
948 4185 1186 4250 inopibus
1207 4193 1347 4237 cete-

287 4265 359 4314 ris
382 4263 586 4314 eivibus
608 4276 735 4328 opes
762 4260 1137 4327 promittendo,
1171 4263 1349 4312 horum

1418 2498 1646 2548 omnium
1684 2509 1845 2561 opera
1880 2494 2025 2546 Urbe
2061 2494 2347 2558 potiretur:
2397 2492 2476 2542 sin

1418 2577 1605 2635 minus,
1637 2575 1968 2639 Sabinorum,
2000 2574 2329 2635 Volscorum,
2353 2571 2478 2620 alio*

1420 2668 1598 2705 rumve
1639 2654 1875 2705 Romano
1927 2649 2243 2703 infensorum
2283 2647 2478 2698 nomini

1421 2732 1745 2796 populorum,
1766 2729 2054 2790 exereitum
2084 2733 2316 2777 vocaret.

1483 2816 1507 2851 5
1534 2808 1602 2857 Et
1620 2820 1806 2857 armare
1822 2804 2020 2869 plebem,
2040 2809 2090 2853 et
2108 2805 2330 2851 inermem
2348 2798 2478 2864 pati]

1418 2885 1475 2936 Si
1499 2898 1643 2934 arma
1661 2880 1979 2933 multitudini
2002 2880 2206 2934 darent,
2232 2876 2479 2926 vereban-

1422 2970 1509 3015 tur
1544 2960 1659 3012 fore
1693 2965 1753 3010 ut
1788 2957 2048 3009 intestinae
2078 2953 2321 3005 seditioni
2345 2953 2478 3001 vires

1422 3039 1709 3090 adderent:
1747 3035 1790 3085 si
1829 3048 1934 3084 non
1974 3033 2157 3083 darent
2195 3046 2356 3092 arma,
2388 3043 2478 3079 ex·

1423 3123 1574 3169 terno
1600 3114 1665 3164 ab
1685 3113 1836 3163 hoste
1857 3110 2178 3162 metuebant.

1485 3201 1506 3226 ²
1535 3193 1676 3242 Dant
1713 3195 1872 3240 tamen
1907 3185 2063 3251 ανηια]
2096 3186 2323 3235 Miratur
2357 3181 2481 3232 Gla·

1421 3282 1611 3319 reanus
1647 3266 1691 3315 si
1722 3266 1820 3315 soli
1855 3264 2093 3314 eonsules
2118 3260 2376 3310 habebant
2400 3272 2481 3307 ar·

1421 3361 1526 3395 ma.
1571 3342 1676 3393 Sed
1698 3349 1843 3392 certe
1864 3339 2158 3401 inermibus,
2180 3352 2246 3387 ex
2271 3336 2482 3400 publico

1422 3417 1818 3471 armamentario
1853 3429 1995 3464 arma
2029 3410 2483 3463 sumministranda

1422 3495 1589 3545 fuere.

1487 3579 1512 3605 ⁸
1543 3570 1626 3621 Aa
1645 3573 1908 3633 opportuna
1937 3564 2088 3614 οηυιίε
2117 3563 2319 3627 [omnia]
2350 3563 2481 3611 urbis

1420 3646 1546 3710 loca]
1589 3645 1756 3694 Notat
1791 3643 2074 3691 Rhenanus
2099 3641 2150 3688 in
2173 3640 2371 3703 scripto
2394 3653 2482 3687 co·

1424 3724 1540 3773 dice
1559 3721 1663 3787 legi
1684 3723 1748 3771 ud
1769 3723 2025 3783 opportuna
2040 3717 2188 3766 omnis
2208 3715 2341 3765 urbis
2362 3718 2480 3767 loen.

1423 3800 1718 3853 Gronovius
1764 3797 1896 3846 banc
1948 3794 2224 3855 leetionem
2276 3790 2482 3841 omnino

1425 3878 1560 3929 Livii
1581 3890 1696 3927 esse
1718 3870 2005 3934 contendit,
2025 3878 2082 3920 et
2105 3870 2180 3919 sie
2204 3884 2234 3917 a
2254 3883 2310 3918 se
2334 3867 2483 3917 resti-

1425 3962 1590 4006 tutam
1616 3955 1794 4020 jactat
1827 3951 1916 4001 lib.
1953 3964 2010 4000 v.
2048 3963 2094 3998 e.
2120 3951 2205 3999 42.
2270 3947 2368 3997 Seu
2388 3960 2485 3995 aon

1424 4032 1575 4082 omnis
1610 4031 1819 4081 delendoe
1860 4026 1994 4076 urbis
2033 4024 2190 4074 lubido
2222 4028 2346 4074 erut.
2411 4022 2483 4072 Et

1424 4108 1510 4158 nie
1546 4108 1696 4156 omnis
1727 4103 1858 4153 urbis
1892 4102 1999 4150 vult
2035 4104 2145 4149 ess‘e
2185 4114 2277 4164 per
2317 4105 2481 4149 totam

1428 4184 1627 4233 urbem.
1706 4178 1860 4233 Quod
1905 4178 2004 4227 etsi
2045 4176 2148 4225 dici
2189 4189 2338 4237 posse
2377 4185 2479 4220 non

1425 4257 1647 4323 inficior,
1669 4256 1928 4321 vulgatam
1953 4252 2278 4304 nibilominus
2302 4248 2477 4298 lectio·
