3034 4925
531 348 664 415 560
757 322 764 329 .

536 508 582 573 J
588 479 800 572 udicii
844 504 955 569 die
1003 520 1153 566 cum
1201 504 1642 564 excusaretur
1682 495 1902 562 solum
1949 494 2224 559 vertisse
2264 492 2463 558 exilii
2510 510 2753 570 cansa,

540 608 748 672 nihilo
792 606 1008 670 minus
1055 600 1363 683 Virginio
1414 600 1688 665 comitia
1731 599 2042 674 habente,
2085 595 2367 678 collegae
2416 592 2754 699 appellati

542 709 853 774 dimisere
882 704 1276 772 concilium:
1321 702 1612 785 pecunia
1640 721 1683 766 a
1712 706 1900 785 patre
1930 704 2175 762 exacta
2204 697 2619 772 crudeliter,¹
2654 702 2754 771 nt,

543 811 899 877 divenditis
938 807 1246 873 omnibus
1276 802 1524 879 bonis}
1566 802 1979 887 aliquamdiu
2009 807 2189 865 trans
2218 794 2568 876 Tiberim,¹
2621 796 2755 861 vel-

543 913 643 978 uti
673 913 1024 993 relegatae,
1056 908 1252 973 devio
1285 905 1582 991 quodam
1616 905 1925 988 tuguriom
1957 903 2259 969 viveret.4

632 1015 742 1078 14.
786 1012 948 1079 Hoc
980 1011 1314 1096 judicium
1365 1017 1436 1076 et
1488 1009 1910 1095 promulgata
1969 1007 2084 1071 lex
2143 1004 2483 1070 exercuit.
2513 1002 2761 1068 civita-

1476 349 1547 403 ‘1⁸⁴
1595 348 1785 402 mvn

1459 1186 1817 1211 “mu“

549 1293 654 1343 sius
675 1291 831 1342 babet
852 1291 920 1343 εἰς
937 1289 1225 1355 Tvppnvtanl
1259 1289 1423 1352 Sigon.
1457 1286 1578 1337 vid.
1594 1286 1725 1339 Not.
1746 1289 1970 1339 Van—4
2005 1291 2021 1316 ‘
2035 1285 2144 1336 Alii
2165 1285 2360 1335 rectius
2377 1283 2521 1333 forte
2556 1284 2763 1344 tegunt,

546 1359 601 1407 in
621 1358 755 1407 devio
774 1359 972 1421 quodum
991 1357 1201 1418 lugat-io,
1222 1357 1325 1417 vel,
1348 1355 1481 1403 devio
1496 1354 1696 1416 quodam
1717 1353 1768 1405 in
1789 1358 1828 1402 t.
1849 1353 1952 1415 vel,
1972 1353 2026 1401 in
2043 1352 2133 1402 vili
2152 1353 2352 1415 quodam
2372 1355 2413 1400 t.
2437 1356 2498 1397 ut
2519 1348 2764 1412 apsnio·

548 1434 663 1487 nys.
682 1421 878 1480 ταπεινή
897 1439 971 1472 τις
990 1418 1212 1480 reuben!
1235 1421 1436 1483 Rupere.
1471 1419 1488 1445 ‘
1511 1419 1571 1466 Iu
1592 1417 1727 1467 devio
1747 1418 1974 1467 GronoV.
2016 1418 2166 1478 agello
2185 1417 2387 1478 quodam
2407 1413 2465 1462 in
2487 1420 2602 1475 tug-
2629 1411 2764 1461 Edd.

549 1488 786 1552 plerique
805 1495 928 1536 aute
950 1487 1180 1538 Gronov.
1213 1483 1642 1547 Praepositionern
1677 1484 1730 1531 ἰή
1757 1488 1879 1546 post
1908 1483 2106 1545 quodam
2127 1493 2321 1543 ponere
2344 1478 2586 1540 mallem,
2611 1491 2764 1552 quant

551 1566 667 1603 cnm
700 1552 860 1601 Drak.
899 1552 1053 1615 plane
1088 1550 1298 1600 deleret
1332 1549 1385 1598 in
1409 1549 1514 1600 Ms.
1539 1546 1714 1599 Veith.
1735 1556 1837 1613 est,
1857 1549 2095 1609 relegatus
2125 1546 2177 1595 in
2209 1545 2297 1595 vili
2331 1546 2771 1609 quodan‘tagsm

551 1616 667 1668 viv?
698 1617 900 1667 Stroth.
955 1616 1077 1667 vid.
1101 1616 1228 1665 Not.
1250 1613 1377 1664 Var-

1529 1738 1751 1795 NOTAE·

619 1844 635 1876 ¹
665 1841 879 1892 Pecunia
908 1857 939 1890 a
971 1847 1106 1906 patre
1143 1847 1312 1893 exacta
1337 1839 1616 1904 crudeliter]

558 1917 697 1970 Quid
731 1918 839 1967 ita?
882 1931 999 1967 cum
1040 1932 1135 1968 nec
1167 1918 1259 1968 filii
1293 1920 1491 1969 crimen
1523 1934 1614 1982 pa·

557 2002 692 2044 trem
726 1995 1032 2059 obstringat,
1053 2003 1108 2046 et
1127 1997 1275 2047 Caeso
1297 1997 1434 2049 filius
1457 1996 1616 2046 exilio

559 2086 617 2122 se
640 2072 748 2136 ipse
771 2071 1091 2136 damnasset,
1111 2087 1216 2137 qua
1238 2088 1392 2137 poena
1415 2087 1514 2122 nou
1537 2070 1616 2122 fa·

562 2150 660 2198 eiie
697 2149 903 2213 gravior
938 2148 1041 2199 civi
1080 2148 1318 2200 Romano
1352 2148 1616 2199 indiceba-

560 2233 667 2280 tur,
722 2224 822 2274 nisi
875 2221 1135 2275 affectata
1185 2224 1471 2290 tyrannidis
1526 2231 1618 2274 aut

558 2299 779 2364 publicoe
803 2299 1108 2364 proditionis
1130 2300 1404 2352 convicto?
1437 2301 1621 2351 Corio·-

559 2379 678 2427 lauo
700 2386 846 2427 certe
867 2376 1075 2427 exilium
1107 2384 1307 2428 tantum
1343 2378 1619 2429 indictum.

562 2454 632 2504 Et
656 2469 945 2519 quanquam
966 2453 1043 2504 his
1070 2455 1403 2520 temporibus,
1424 2454 1493 2506 ob
1512 2456 1619 2520 pri·

564 2537 738 2580 vatum
771 2529 884 2591 filii,
916 2544 1018 2579 nou
1053 2531 1216 2581 minus
1263 2546 1418 2596 quam
1462 2528 1620 2593 servi,

563 2606 831 2668 delictum,
866 2607 1062 2656 noxalis
1090 2608 1228 2657 actio
1252 2608 1405 2657 etiam
1442 2608 1495 2657 in
1529 2623 1620 2672 pa·

565 2679 915 2731 tremfamiiias
949 2682 1155 2745 peculio
1188 2689 1340 2733 tenus
1374 2682 1618 2744 daretur-5

564 2774 825 2824 nunquam
846 2765 1016 2818 tamen
1044 2759 1284 2809 Romanis
1307 2760 1510 2823 legibus
1535 2766 1622 2811 aut

566 2836 792 2886 moribus
827 2835 1033 2899 publica
1065 2835 1284 2886 tiliorum
1318 2843 1410 2885 aut
1446 2850 1622 2886 servo-

568 2925 683 2961 rum
706 2912 898 2962 delicta
916 2910 1260 2977 delinquentis
1276 2917 1435 2977 caput
1450 2927 1624 2976 egres-

571 3000 628 3035 sa
649 2987 910 3049 leguntur.
972 2987 1077 3036 Sed
1101 2987 1333 3037 nimirum
1371 2989 1627 3039 crudeliter

571 3069 728 3127 atque
752 3078 818 3112 ex
842 3063 960 3113 odio
981 3074 1151 3132 actum
1175 3066 1225 3114 in
1251 3066 1308 3117 L.
1331 3067 1629 3129 Quintium

571 3152 686 3186 cnm
710 3137 902 3186 tribuni
919 3137 1161 3189 damnato
1181 3139 1288 3191 filio
1307 3143 1521 3194 absente
1538 3142 1626 3195 de·

571 3211 687 3262 cem
711 3211 865 3261 vades
876 3211 1077 3275 judicio
1104 3214 1320 3266 sistendi
1354 3233 1512 3268 eausa
1536 3219 1626 3269 da-

572 3296 654 3342 tos
676 3290 740 3342 ad
763 3289 1054 3340 solvendam
1087 3305 1309 3356 poenam,
1327 3309 1443 3359 quae
1465 3296 1519 3346 in
1544 3312 1627 3347 ca.

573 3383 684 3419 sum
709 3382 808 3418 non
830 3368 956 3418 obiti
980 3369 1256 3421 vadimonii
1278 3373 1419 3425 dicta
1434 3374 1631 3442 fuerat,

571 3445 875 3510 pignoribus
919 3447 1087 3509 captis
1130 3448 1433 3515 adigerent3
1477 3462 1628 3517 pater

466 3555 471 3559 -
572 3522 810 3587 vadibus,
828 3523 916 3586 qui
940 3524 1183 3575 mandato
1201 3540 1293 3577 suo
1319 3542 1410 3591 pro
1431 3528 1536 3579 filio
1551 3531 1629 3580 in·

574 3604 946 3659 tercesserant,
967 3597 1032 3647 de
1051 3614 1141 3650 suo
1163 3601 1464 3655 satisfacere
1482 3620 1631 3656 coac·

575 3679 661 3723 tus
704 3674 789 3723 sit.
853 3673 1170 3724 Restitutum
1223 3683 1396 3729 tamen
1449 3689 1634 3745 postea

578 3748 845 3799 Caesonem
879 3747 1045 3799 refert
1067 3750 1177 3802 Cic.
1208 3766 1303 3816 pro
1334 3754 1484 3806 domo
1507 3772 1633 3808 sua:

579 3825 665 3874 ubi
693 3827 827 3874 Coeso
849 3825 1143 3887 tegendum,
1166 3842 1267 3877 non
1294 3831 1487 3882 Censor.

644 3898 668 3932 ¹⁸
681 3902 959 3952 Divenditis
970 3903 1183 3955 omnibus
1198 3905 1351 3971 Mis]
1374 3910 1390 3938 ‘
1406 3910 1636 3961 Maxima

580 3983 730 4038 parte
743 3975 991 4029 bonorum
1004 3980 1247 4038 suorum,'
1259 3982 1418 4034 habet
1432 3985 1634 4049 Diony·

584 4050 690 4099 sius
728 4050 819 4099 lib.
857 4066 914 4100 x.
950 4069 1064 4118 qua·
1100 4070 1223 4105 sane
1266 4058 1403 4110 haud
1446 4076 1635 4125 niagna

583 4126 818 4177 fuerunt:
873 4136 1072 4193 septem
1112 4133 1246 4183 enim
1288 4136 1475 4201 jugera
1527 4141 1638 4203 agri

586 4202 839 4271 possedit.
872 4203 952 4252 Ex
975 4206 1054 4257 his
1077 4209 1197 4274 tria,
1217 4225 1335 4276 quae
1355 4227 1450 4278 pro
1467 4215 1636 4266 amico

1684 1840 1751 1890 ad
1771 1841 2009 1891 aerarium
2026 1838 2414 1902 obsignaverat,
2432 1836 2660 1886 mulctae
2677 1851 2767 1886 no-

1686 1919 1824 1985 mine
1857 1920 2051 1981 amisit,
2071 1926 2130 1968 et
2150 1930 2357 1981 poenam
2385 1931 2488 1978 pro
2510 1915 2632 1965 filio
2657 1915 2769 1964 Caz-

1687 2010 1834 2057 sone,
1852 1995 1990 2060 quod
2016 1993 2087 2061 ⁸ad
2108 2007 2315 2042 causam
2349 1991 2644 2040 dicendam
2670 2005 2773 2040 nen

1686 2071 2021 2132 occurrisset,
2035 2068 2183 2133 hujus
2207 2068 2357 2131 agelli
2384 2065 2564 2115 reditu
2593 2066 2772 2127 solvit,

1689 2154 1902 2199 auctore
1940 2148 2118 2199 Valer-
2148 2147 2296 2197 Max.
2331 2146 2425 2197 tib.
2449 2159 2526 2197 zv.
2572 2160 2703 2210 eap.
2722 2148 2773 2197 4.

1691 2238 1745 2276 n.
1762 2229 1812 2274 7.

1755 2300 1769 2334 ¹
1806 2301 1960 2350 stans
1983 2298 2215 2362 Tiberim]
2252 2298 2421 2347 Extra
2445 2311 2645 2360 agrum
2671 2297 2770 2347 Ro·

1691 2391 1898 2427 manum
1923 2384 2050 2426 tunc
2071 2374 2182 2425 fere
2215 2375 2509 2424 habebatur
2531 2375 2772 2425 Transti-

1691 2454 1875 2505 berina
1911 2453 2079 2518 regio,
2107 2451 2333 2504 Etruriae
2369 2449 2593 2501 scilicet
2621 2449 2771 2501 attri-

1692 2531 1849 2582 buta:
1884 2531 1956 2580 ita
1979 2536 2035 2580 ut
2058 2529 2149 2594 qui
2174 2528 2226 2578 in
2249 2542 2313 2577 ea
2341 2527 2630 2590 degerent,
2655 2542 2770 2591 per·

1692 2607 1856 2670 egrini
1893 2605 2225 2666 haberentur,
2262 2610 2320 2653 ut
2358 2594 2515 2652 notat
2575 2602 2771 2653 Godel.

1693 2685 1810 2734 Hac
1834 2683 1900 2734 de
1921 2696 2098 2745 causa,
2119 2682 2207 2746 qui
2228 2680 2435 2731 nomina
2455 2695 2552 2729 sua
2577 2682 2636 2730 in
2659 2695 2774 2730 eea·

1694 2775 1806 2810 sum
1843 2773 1947 2809 non
1984 2759 2295 2814 detulerant,
2339 2764 2490 2806 trans
2531 2757 2767 2807 Tiberin

1673 2851 1912 2902 vperegre
1949 2836 2003 2884 in
2036 2834 2340 2885 servitutem
2373 2833 2766 2885 venumdaban-

1699 2920 1789 2961 tur
1810 2911 1947 2977 apud
1972 2911 2216 2962 Gellium.
2280 2908 2370 2957 Sic
2406 2908 2679 2958 Veliterni
2715 2915 2769 2958 et

1699 2987 2056 3049 Privernates,
2093 2985 2147 3034 in
2188 2998 2394 3049 poenam
2434 2982 2771 3046 defectionis,

1700 3071 1844 3113 trans
1885 3062 2116 3113 Tiberim
2153 3061 2393 3111 babitare
2424 3060 2592 3123 jussi,
2639 3058 2769 3109 infra

1702 3140 1738 3191 1.
1764 3154 1887 3190 vm.
1910 3155 1958 3189 c.
1978 3145 2031 3191 4.
2054 3145 2109 3188 et
2126 3142 2211 3188 2⁰.

1704 3277 1711 3284 .
1764 3223 1801 3249 ¹¹²
1850 3215 2003 3265 Decio
2045 3216 2244 3279 quodam
2289 3211 2515 3277 tugurio]
2577 3210 2768 3277 Diony·

1701 3292 1805 3342 sius
1844 3294 1917 3341 ait
1944 3290 2005 3340 L.
2031 3290 2315 3345 Quintium,
2331 3295 2648 3338 contentum
2671 3304 2766 3338 uno

1699 3368 2081 3421 Transtiberino
2112 3366 2333 3421 rusculo,
2357 3378 2569 3429 unoque
2592 3365 2767 3414 humili

1701 3446 1981 3511 tuguriolo,
1992 3459 2110 3495 cum
2129 3442 2308 3507 paucis
2323 3443 2493 3492 servis
2510 3443 2675 3492 vitam
2694 3444 2765 3492 la·

1702 3525 1959 3576 boriosam
1995 3528 2307 3574 sustentasse
2350 3535 2461 3584 prae
2496 3521 2679 3571 dolore
2708 3535 2767 3570 ae

1707 3601 1905 3664 inopia,
1953 3613 2051 3649 nec
2091 3597 2271 3647 urbem
2306 3597 2643 3659 invisentem,
2677 3611 2768 3647 nee

1705 3678 1897 3728 amicos
1911 3676 2242 3736 salutantem,
2255 3687 2316 3723 ac
2335 3686 2400 3722 ne
2420 3673 2652 3736 publicis
2665 3674 2767 3737 qai-

1707 3757 1822 3807 dem
1867 3769 1925 3805 se
1965 3754 2340 3804 immiscentem
2398 3749 2768 3801 bilaritatibos.

1706 3832 1782 3883 At
1805 3831 1980 3882 Valer-
2004 3835 2229 3879 testatur
2264 3827 2315 3875 ei
2348 3831 2525 3875 tamen
2550 3834 2769 3889 quatuor

1700 3910 1891 3974 jugera
1919 3906 2089 3957 aranti
2123 3919 2225 3954 non
2259 3903 2428 3952 solum
2463 3902 2768 3965 dignitatem

1709 3983 2090 4053 patrisfamilias
2126 3980 2449 4043 constitisse,
2486 3978 2584 4027 sed
2621 3977 2768 4026 etis-

1709 4064 2019 4113 dictaturam
2056 4057 2285 4107 detatam
2307 4068 2427 4106 esse
2445 4070 2463 4106 ι
2500 4065 2607 4120 qua
2626 4052 2692 4104 de
2714 4066 2770 4103 re

1708 4140 1906 4193 Noster
1921 4134 2059 4188 infra
2076 4147 2193 4199 cap.
2215 4135 2300 4184 26.
