3034 4925
1172 371 1614 436 maronica.
2357 369 2488 439 158

245 607 251 612 ,
300 543 587 617 Albinus,
615 543 823 603 Caesai·
868 559 906 601 a
945 539 1276 602 Commodo
1324 540 1547 614 dictus,
1588 542 1649 601 in
1678 538 1986 600 Britannia
2012 539 2315 613 desciscit,
2339 552 2401 603 et
2422 543 2487 603 in

299 642 490 702 atroci
516 640 724 721 praelio
749 638 826 700 ad
846 639 1200 720 Lugdunum
1221 659 1261 700 a
1279 640 1498 701 Severo
1525 648 1588 700 et
1614 638 1779 699 Loeto
1802 649 2117 719 superatus
2142 638 2259 699 sibi
2280 657 2488 702 necem

297 738 642 800 consciscit.
726 737 1117 797 Numerianus
1161 755 1405 816 gramm.
1448 733 1729 797 militibus
1769 736 1830 797 in
1883 735 2082 797 Gallia
2129 736 2363 818 scriptis
2394 757 2490 800 res

297 837 457 895 bene
488 835 657 914 gerit.
745 834 878 894 199.
921 832 1245 913 Vologeses
1291 834 1784 913 Mesopotamiam
1822 842 2112 915 occupat3
2156 833 2264 894 sed
2299 852 2337 894 a
2383 836 2490 895 80⁴

300 939 447 991 vero
475 940 535 992 et
561 930 725 990 Loeto
766 928 844 991 ad
872 948 1077 1009 pacem
1104 927 1422 1010 petendam
1466 929 1721 1008 cogitur.
1800 928 1998 990 Julius
2032 930 2278 1011 Crispus
2323 931 2490 1010 praef.

299 1036 478 1108 praet.
508 1035 572 1086 et
614 1025 814 1085 Laetus
861 1036 1169 1086 necantur.
1250 1025 1636 1107 oppugnatio
1688 1028 1873 1086 Atrae.
1955 1029 2099 1086 200.
2134 1027 2254 1088 Iter
2295 1027 2497 1090 Severi

300 1126 367 1184 in
415 1123 792 1184 Palaestinam
834 1130 896 1184 et
938 1122 1734 1204 AEgyptum.—-Philostrati.
1817 1125 2194 1205 Obsequens.
2274 1124 2353 1194 Q.
2389 1125 2495 1185 Se-

300 1241 489 1283 renus
518 1218 953 1281 Sammonicus,
1022 1220 1275 1300 Fingal?
1342 1223 1483 1282 203.
1528 1221 1594 1281 L.
1643 1219 1888 1280 Fulvius
1938 1221 2285 1281 Plautianus
2328 1223 2495 1301 praef.

301 1331 482 1398 praet.
522 1318 737 1398 Sejano
786 1317 1010 1392 similia,
1056 1319 1225 1399 cujus
1251 1318 1371 1379 fllia
1411 1317 1692 1379 Plautilla
1736 1319 2026 1380 Bassiano
2067 1340 2113 1380 s.
2150 1318 2500 1393 Caracallae,

306 1415 516 1478 Severi
542 1415 683 1488 filio,
712 1434 770 1477 a.
793 1418 936 1476 202.
967 1427 1269 1495 nupserat,
1302 1416 1478 1497 jussu
1505 1416 1801 1497 Principis
1828 1418 2230 1478 obtruncatur.
2313 1416 2502 1477 Dam-

307 1514 481 1574 natio
535 1512 853 1585 Plautillae,
899 1513 1142 1585 Plautii,
1190 1513 1535 1593 Aproniani,
1605 1513 1879 1584 Quintilli
1947 1512 2266 1586 Plautiani,
2319 1513 2506 1578 Baebii

307 1609 671 1672 Marcellini.
754 1610 894 1670 Vita
938 1609 1230 1671 dissoluta
1280 1621 1341 1671 et
1395 1611 1694 1673 discordia
1743 1612 1993 1673 filiorum
2050 1612 2271 1673 Severi.
2356 1614 2506 1673 205·

305 1712 459 1769 270.
499 1707 793 1768 plotinus.
876 1709 1170 1769 208-211.
1214 1708 1337 1768 Res
1381 1728 1416 1767 a
1457 1710 1677 1772 Severo
1713 1708 1772 1768 in
1818 1710 2123 1769 Britannia
2165 1708 2300 1770 adv.
2333 1709 2508 1771 Cale-

312 1805 532 1865 donios
559 1814 619 1864 et
646 1805 899 1865 Maeatas
928 1818 1139 1885 gestae,
1167 1815 1229 1867 et
1254 1807 1474 1866 vallum
1502 1810 1578 1867 ab
1625 1826 1698 1867 eo
1740 1827 1845 1888 per
1894 1823 2130 1867 xxxix.
2160 1805 2340 1866 millia
2370 1826 2507 1885 pas-

213 1975 218 1980 ·
312 1921 492 1964 suum
522 1921 557 1961 a
584 1902 734 1962 mari
760 1902 838 1961 ad
868 1922 1027 1964 mare
1056 1903 1324 1964 ductum.
1394 1906 1536 1964 210.
1581 1905 1881 1984 Diogenes
1909 1904 2202 1972 Laenium
2247 1904 2511 1982 Agathe-

307 2017 486 2067 mer3
527 1999 850 2060 Dositheus
896 2009 1144 2079 gramm.
1212 2000 1408 2078 Julius
1438 2000 1663 2060 Paulus
1685 2001 1800 2062 JC.
1874 2001 1963 2063 M.
1994 1999 2294 2060 Minucius
2323 1999 2509 2062 Felix.

312 2100 466 2159 211.
505 2098 755 2159 Severus
788 2099 1037 2161 Eboraci
1067 2098 1332 2160 moritur.

668 2300 966 2359 211-217.
1048 2298 1401 2362 Antoninus
1433 2297 1740 2359 Caracalla
1769 2317 1822 2359 s.
1851 2298 2165 2360 Taranta.

404 2427 544 2489 211.
589 2429 725 2502 Hic,
756 2427 1048 2509 Calignloe
1077 2426 1426 2503 simillimus,
1458 2428 1545 2490 P.
1575 2429 1920 2510 Septimium
1951 2428 2164 2490 Getam
2191 2427 2450 2495 fratrem,
2482 2441 2520 2481 a

319 2536 494 2606 patre
521 2537 853 2588 consortem
902 2527 1128 2607 imperii
1158 2527 1448 2599 relictum,
1482 2528 1611 2606 ipse
1661 2544 1771 2585 sua
1797 2544 1975 2585 manu
2007 2525 2067 2583 in
2096 2522 2318 2603 gremio
2338 2519 2519 2579 Julise

318 2624 527 2684 matris
572 2625 966 2695 obtruncavit,
1010 2633 1071 2684 et
1116 2623 1414 2682 AEmilium
1473 2622 1888 2704 Papinianum,
1931 2621 2154 2681 sctum
2209 2615 2520 2677 celeberri-

322 2739 487 2779 mum
520 2740 589 2781 ac
611 2722 779 2801 praef.
801 2733 972 2802 praet.
1014 2721 1172 2780 hanc
1197 2719 1424 2781 caedem
1452 2717 1773 2778 defendere
1801 2725 2197 2788 recusantem,
2226 2712 2524 2783 Cilonem,

318 2828 751 2898 praeceptorem
784 2837 854 2879 ac
881 2819 1050 2898 proef.
1080 2818 1250 2891 Urbi,
1290 2817 1612 2877 Thraseam
1643 2815 1912 2874 Priscum
1960 2811 2229 2893 aliosque
2272 2810 2525 2887 interfici,

307 2913 510 2992 jubet.
595 2917 737 2977 212.
781 2914 1010 2977 Stolida
1041 2912 1363 2976 Alexandri
1390 2913 1658 2973 imitati0.
1744 2913 1918 2972 Nova
1943 2911 2167 2971 tributa
2194 2921 2256 2970 et
2281 2906 2527 2989 pecuni-

326 3031 498 3070 arum
557 3014 815 3074 exactio.
899 3013 1146 3074 Decima
1191 3010 1646 3083 haereditatium,
1688 3009 2219 3071 manumissionum
2261 3006 2528 3086 largitio-

323 3127 609 3188 numque.
691 3109 919 3170 Civitas
948 3111 1222 3196 omnibus
1251 3110 1548 3188 ingenuis,
1578 3109 1641 3167 in
1680 3108 1923 3192 imperio
1965 3108 2142 3168 Rom.
2174 3105 2528 3175 viventibus,

323 3206 497 3287 data.
566 3207 834 3267 OsroiSne
864 3218 924 3267 et
950 3206 1229 3267 Armenia
1255 3207 1660 3269 fraudulenter
1689 3206 1952 3286 regibus,
1982 3205 2223 3284 Angaro
2251 3211 2312 3263 et
2338 3202 2528 3275 Sana-

323 3302 506 3374 truci,
534 3314 773 3383 ereptae.
858 3305 1000 3365 213.
1044 3303 1355 3377 Alemanni
1387 3302 1611 3382 perfide
1639 3302 1941 3364 trucidati.
2014 3299 2278 3361 Pecunia
2307 3297 2531 3359 Cennis

322 3398 578 3479 aliisque
603 3400 921 3460 Germanis
950 3397 1111 3459 data.
1194 3401 1488 3460 213-273.
1532 3397 1854 3478 Longinus.
1939 3397 2231 3458 214-226.
2278 3393 2531 3453 Artaba-

321 3516 448 3559 nus
493 3515 588 3555 nr.
630 3496 872 3556 ultimus
919 3495 1270 3557 Parthorum
1315 3517 1438 3557 rex.
1522 3498 1663 3557 216.
1707 3495 1941 3557 Bellum
1992 3494 2129 3555 adv.
2174 3490 2430 3551 Parthos
2473 3495 2535 3567 et

323 3594 643 3654 Armenios
691 3605 948 3672 gestum.
1027 3591 1390 3653 Alexandria
1418 3592 1669 3672 direpta.
1753 3594 2048 3652 216-217.
2088 3590 2261 3648 Nova
2300 3605 2370 3644 ac
2399 3603 2534 3663 per·

286 3739 289 3742 .
324 3690 459 3753 fida
497 3690 792 3770 expeditio
834 3690 971 3752 adv.
1020 3678 1403 3751 Artabanum.
1501 3688 1815 3748 Caracalla
1856 3685 2146 3748 occiditur
2186 3703 2224 3742 a
2265 3679 2534 3763 Macrino

325 3788 502 3871 praef.
525 3798 695 3867 proet.
757 3826 767 3832 -

885 3936 1025 3996 217.
1055 3938 1198 3996 218.
1244 3936 1345 3997 Μ.
1375 3935 1615 4015 Opilius
1644 3933 1967 3995 Macrinus

330 4056 400 4109 et
426 4049 948 4110 manne-ianua
972 4048 1151 4108 filius.
1237 4052 1380 4111 218.
1422 4048 1728 4109 Macrinus
1772 4066 1810 4106 a
1846 4041 2089 4104 Parthis
2112 4041 2302 4102 victus
2330 4059 2537 4121 pacem

331 4143 518 4212 emit:
565 4143 916 4231 mitigatque
935 4145 1260 4206 Tiridatem
1288 4146 1585 4205 Armeniae
1612 4162 1813 4223 regem
1837 4151 1899 4202 et
1927 4139 2284 4221 Dacringos.
2374 4136 2539 4196 Idem

335 4241 573 4313 statuit,
619 4242 819 4300 omnia
857 4242 1222 4321 superiorum
1280 4242 1622 4323 Principum
1682 4240 1969 4320 rescripta
2008 4238 2243 4317 tollere,
2297 4246 2367 4295 ut
2404 4233 2541 4312 jum,

467 4355 648 4417 Delpk.
673 4359 719 4404 et
749 4354 865 4405 Vnt.
890 4355 1019 4405 Clas.
1453 4354 1641 4406 Liuius.
2361 4346 2408 4396 P
