3034 4925
1011 393 1154 441 ms.
1206 391 1286 440 11.
1332 391 1494 443 car.
1539 374 1648 442 18.

2281 372 2409 438 397

198 567 363 635 quo
400 545 637 628 anuo,¹¹
667 566 792 614 nec
816 547 1063 632 quibus
1086 546 1492 624 consulibua,
1520 545 1676 630 quia
1705 563 1791 610 ex
1819 531 2110 610 factione
2129 542 2416 628 Tarqui-

198 647 364 716 nia¹
397 655 649 728 essent,
676 650 771 730 (id
800 668 1066 733 quoqne
1095 650 1268 713 euim
1297 644 1629 732 traditur‚)
1670 667 1907 730 pamm
1937 646 2258 712 creditum
2299 647 2415 722 sit,

203 774 344 820 nec
379 755 547 838 quis
579 754 860 837 primum
888 751 1178 818 dictator
1205 756 1462 816 creatus
1491 750 1647 829 sit,¹'¹
1684 752 1848 816 satis
1875 757 2151 816 constat.
2214 748 2419 834 Apud

205 856 645 921 veterrimos
665 863 884 921 tamen
914 861 1222 920 auctores
1249 853 1335 918 Τ.
1371 853 1666 920 Lartium
1697 853 2083 918 dictatorem
2111 853 2416 937 primum,

210 958 345 1045 Sp.
380 958 711 1025 Cassium
738 957 1129 1043 magistrum
1168 957 1515 1042 equitum,u
1559 963 1822 1022 creatos
1868 955 2156 1022 invenio.
2243 954 2420 1019 Con-

1221 1125 1434 1177 NOTAE

215 1239 531 1290 Varronem
554 1241 645 1291 lib.
667 1255 745 1292 tv.
761 1241 829 1292 de
846 1240 1000 1307 Ling.
1017 1239 1134 1291 Lat.
1149 1240 1298 1291 item-

218 1332 328 1381 que
351 1317 514 1368 Plut.
546 1318 602 1366 in
636 1318 888 1372 Marcello
909 1317 1167 1382 duplicem
1191 1323 1298 1367 tra·

217 1394 377 1451 dunt,
412 1395 507 1443 vel
529 1394 666 1459 quod
689 1393 755 1444 ab
777 1409 878 1445 uno
900 1394 1182 1456 diceretur,
1201 1406 1299 1443 nec

219 1487 254 1520 a
277 1473 494 1537 populo
522 1479 807 1530 crearetur,
838 1481 899 1523 ut
931 1470 1092 1522 ceteri
1113 1470 1298 1533 magis·

225 1555 422 1607 tratus,
466 1549 555 1599 vel
595 1549 731 1613 quod
775 1562 1019 1598 summam
1058 1544 1299 1596 edicendi

223 1639 317 1675 seu
332 1624 571 1691 jubendi
590 1631 899 1689 potestatem
915 1622 1146 1680 baberet,
1162 1621 1299 1685 ejus·

226 1717 332 1768 que
347 1701 798 1753 dicto·audientes
821 1715 936 1751 esse
957 1713 1137 1750 omnes
1154 1711 1303 1763 opor·

231 1787 373 1830 teret
391 1796 407 1829 ε
447 1778 833 1843 dicebaturque
853 1778 1033 1843 optim·
1042 1779 1147 1840 lege
1159 1773 1301 1837 fieri3

228 1856 421 1922 quibus
447 1855 626 1908 verbis
651 1871 801 1923 quam
839 1853 1188 1920 plenissimum
1214 1853 1302 1915 jus

231 1932 649 1996 significabatur.
710 1932 989 1997 Postquam
1025 1944 1150 1979 vero
1184 1942 1302 1991 pro·

230 2011 443 2061 vocatio
467 2010 538 2061 ab
563 2023 625 2060 eo
649 2009 953 2072 magistratu
968 2006 1032 2056 ad
1055 2006 1304 2071 populum

233 2085 360 2136 data
381 2093 492 2150 est,
528 2086 752 2136 desitum
781 2091 864 2135 est
897 2082 1024 2144 dici,
1044 2086 1100 2131 ut
1128 2080 1306 2145 optim

147 2196 155 2202 -
235 2164 357 2226 hege,
403 2171 601 2228 utpote
644 2162 913 2212 imminuto
957 2158 1112 2223 priori
1165 2158 1305 2221 jure,

237 2239 682 2303 quemadmodum
725 2236 905 2287 scribit
936 2236 1140 2285 Festus.
1204 2232 1307 2282 Pa-

242 2316 380 2365 trieii
406 2323 620 2365 tantum
660 2319 715 2364 et
742 2313 1038 2363 consulares
1071 2309 1137 2360 ad
1170 2309 1305 2359 bunc

240 2394 492 2444 honorem
521 2393 601 2444 his
631 2391 950 2456 temporibus
987 2387 1171 2445 evecti,
1205 2400 1304 2436 nec

241 2472 336 2521 nisi
361 2480 487 2537 post
509 2471 849 2522 centesimum
869 2476 924 2519 et
947 2462 1305 2533 quinquagesi-

244 2563 380 2599 mum
402 2549 519 2600 fere
549 2563 734 2598 annum
759 2545 899 2611 plebi
916 2543 1103 2610 patuit.
1169 2541 1304 2591 Cau-

248 2638 351 2674 sam
375 2625 654 2677 dictatoris
678 2624 895 2689 primum
916 2619 1126 2672 creandi
1144 2616 1307 2669 refert

251 2701 468 2752 Orosius
505 2701 574 2752 ad
620 2701 835 2751 Sabinos
877 2698 1065 2749 beilum
1102 2708 1307 2745 moven-

249 2785 362 2830 tes:
399 2782 606 2831 Noster
643 2778 707 2829 ad
750 2777 919 2829 Latini
955 2775 1079 2825 belli
1114 2779 1308 2823 metum

248 2855 381 2907 bello
399 2857 602 2909 Sabino
621 2856 913 2919 adjectum:
940 2850 1223 2915 Dionysius
1243 2847 1308 2898 ad

252 2936 593 2988 coercendam
647 2934 866 3000 plebem,
917 2946 1030 2997 qnae
1073 2931 1311 2979 demersa

257 3028 357 3064 aere
402 3015 577 3065 alieno
610 3012 674 3063 ad
718 3012 906 3061 bellum
938 3007 1180 3058 'Latinum
1221 3004 1309 3054 de-

259 3090 513 3142 trectabat
538 3090 745 3140 nomina
766 3087 910 3138 dare.
977 3087 1046 3135 Et
1068 3099 1098 3134 a
1120 3083 1310 3148 princi·

258 3169 341 3231 pio
357 3169 569 3239 quidem
591 3169 671 3218 1»oe
693 3180 859 3216 caussa
883 3163 999 3213 duas
1025 3172 1312 3211 memoran-

259 3253 360 3302 tur,
382 3247 457 3297 rei
482 3244 744 3310 gerenda,
784 3248 873 3292 aut
902 3237 1141 3290 sedandas
1177 3235 1313 3286 sedi·

262 3321 425 3374 tionis.
494 3323 595 3373 His
618 3322 730 3372 alim
752 3319 939 3370 deinde
967 3318 1315 3374 accesserunt,

263 3397 390 3448 clavi
436 3406 674 3463 tempore
717 3396 879 3462 pestis
919 3393 1128 3458 figendi,
1169 3390 1315 3442 ludo·

267 3487 372 3525 rum
408 3475 859 3530 celebrandorum,
894 3472 1140 3522 feriarum
1177 3468 1314 3519 Lati·

267 3563 457 3614 narum,
490 3552 848 3602 habendorum
882 3549 1224 3603 comitiorum,
1248 3546 1316 3594 le·

270 3627 414 3688 tendi
449 3630 695 3691 Senatus,
726 3641 787 3676 ac
812 3627 1018 3676 tandem
1043 3624 1174 3688 reip.
1197 3635 1319 3672 con·

270 3704 555 3756 stituendae.

331 3781 626 3846 Dictator-is]
679 3780 1019 3844 Magistratus
1063 3778 1144 3828 cui
1180 3775 1322 3826 dicio

275 3857 536 3911 audientes
575 3873 754 3910 omnes
791 3872 906 3908 esse
936 3855 1233 3922 oportebat,
1267 3859 1322 3902 et

275 3930 370 3997 quo
391 3935 598 3987 dicente
629 3935 888 4002 quippiam
918 3936 1059 3984 nulla
1081 3939 1195 3983 erat
1217 3944 1324 3981 am·

276 4009 400 4071 plius
417 4013 796 4078 tergiversatio.
838 4013 916 4063 Eo
939 4011 1169 4062 alludere
1185 4007 1327 4058 vide-

279 4091 358 4135 tur
393 4089 565 4141 Livius
596 4091 749 4155 paulo
787 4088 939 4139 infra.
1007 4088 1089 4137 De
1119 4100 1183 4136 eo
1205 4083 1326 4134 vide

276 4161 341 4210 ad
360 4163 492 4216 hunc
528 4182 715 4218 annum
736 4167 815 4217 st.
844 4166 1086 4231 Pighium
1110 4165 1164 4214 in
1188 4163 1328 4213 Ann-

285 4237 486 4291 Roman.
538 4247 592 4293 J.
620 4243 850 4294 Clericus.

344 4313 367 4349 '¹
399 4319 502 4371 Nec
537 4337 626 4389 qao
660 4318 809 4385 anno]
864 4315 1117 4371 Eusebius
1148 4321 1202 4368 et
1226 4316 1332 4367 Eu-

1376 1240 1599 1305 tropius,
1620 1238 1758 1305 quod
1780 1238 1954 1290 Livius
1983 1236 2228 1303 injectam
2259 1234 2425 1285 dieta-

1378 1316 1504 1368 toris
1548 1315 1859 1367 mentionem
1900 1314 2124 1378 dixerat,
2174 1313 2427 1363 Postumo

1377 1392 1610 1444 Cominio
1631 1400 1687 1443 et
1706 1390 1771 1442 Τ.
1792 1391 1972 1441 Lartio
1985 1388 2294 1450 consulibus,
2311 1395 2428 1437 tan·

1379 1483 1533 1535 quam
1554 1483 1662 1520 rem
1680 1475 1879 1534 gestam
1890 1466 2134 1518 videntur
2147 1465 2429 1529 accepisse.

1378 1550 1567 1615 Itaque
1589 1562 1726 1599 nono
1750 1554 1869 1611 post
1890 1553 2099 1596 exactos
2128 1559 2274 1609 reges
2296 1556 2430 1593 anno

1377 1633 1611 1676 creatum
1649 1624 1960 1675 dictatorem
2001 1622 2229 1673 tradunt.
2305 1617 2432 1680 Sed,

1377 1707 1438 1752 nt
1477 1701 1605 1764 dixi,
1632 1699 1918 1765 Dionysius
1964 1698 2073 1763 ejus
2113 1699 2188 1748 rei
2225 1695 2432 1747 initium

1379 1776 1545 1828 refert
1584 1776 1649 1827 ad
1692 1776 2011 1827 consulatum
2055 1774 2119 1823 Τ.
2151 1771 2316 1823 Lartii
2354 1783 2433 1820 se·

1380 1852 1624 1915 eundum,
1656 1860 1713 1904 et
1746 1853 1815 1905 Q.
1848 1851 2036 1913 Cloelii,
2066 1863 2250 1899 annum
2275 1846 2432 1897 Urbis

1379 1934 1496 1995 25.ss-
1517 1929 1607 1994 qui
1630 1928 1813 1979 abhinc
1837 1927 2023 1978 tertius
2044 1923 2163 1974 fuit.
2195 1925 2274 1974 Eo
2297 1937 2433 1973 anno

1381 2005 1890 2056 Senatuseonsultum
1913 2000 2106 2052 factum
2130 2014 2241 2050 esse
2264 1999 2354 2061 ait,
2375 2005 2435 2048 ut

1382 2082 1617 2132 consules
1652 2079 1917 2145 ceterique
1942 2077 2269 2141 magistratus
2294 2074 2438 2125 abdi·

1382 2165 1581 2220 carent,
1617 2168 1851 2221 unusque
1887 2153 1984 2217 vir,
2022 2166 2175 2217 quem
2211 2150 2435 2201 Senatus

1383 2235 1690 2296 nominaret,
1729 2230 1948 2296 populus
1991 2229 2256 2289 scisceret,
2299 2224 2437 2275 haud

1383 2312 1601 2376 amplius
1645 2323 1797 2374 quam
1835 2321 1926 2357 sex
1959 2304 2210 2355 mensium
2250 2302 2441 2367 spatio,

1382 2385 1494 2439 sine
1516 2384 1882 2451 provocatione
1902 2380 2201 2445 imperaret.
2248 2378 2440 2441 Itaque

1383 2464 1568 2515 Cloelio
1590 2460 1785 2513 consuli
1822 2456 2085 2523 negotium
2120 2454 2300 2506 datum
2328 2453 2439 2504 dic·

1384 2540 1567 2592 tatoris
1600 2536 1838 2589 dicendi:
1873 2535 1939 2585 ab
1971 2534 2070 2583 boc
2100 2531 2169 2583 Τ.
2204 2530 2438 2582 Lartium

1385 2618 1638 2681 collegam
1660 2614 1966 2664 dictatorem
1986 2610 2200 2660 dictum.

1451 2694 1465 2728 ¹
1498 2693 1629 2751 Quia
1669 2707 1731 2742 ex
1759 2690 1973 2752 factione
2015 2683 2299 2750 Tarquinia]
2337 2680 2442 2732 Hic

1387 2770 1646 2822 indicatur
1659 2782 1792 2818 nova
1805 2763 2073 2816 dictatoris
2093 2760 2302 2812 creandi
2322 2773 2444 2808 cau-

1386 2863 1460 2910 sa,
1496 2845 1721 2910 suspicio
1760 2856 1944 2906 nempe
1987 2841 2039 2890 in
2082 2838 2319 2890 consules
2355 2833 2442 2901 qui

1389 2933 1512 2976 tunc
1535 2931 1705 2984 erant,
1745 2921 1893 2986 quasi
1917 2933 2064 2984 sequo
2086 2913 2444 2982 propensiores

1390 3001 1441 3051 in
1465 3006 1643 3064 partes
1664 2995 2076 3061 Tarquiniorum.

1452 3085 1489 3112 ¹¹²
1526 3076 1651 3134 Quis
1677 3075 1882 3139 prim
1907 3072 2115 3122 dictator
2144 3072 2329 3119 creatus
2349 3062 2443 3126 sit]

1387 3156 1710 3208 Sententiam
1739 3152 1995 3217 Dionysii,
2020 3163 2135 3200 eum
2157 3148 2303 3198 Livio
2326 3158 2443 3194 sen·

1391 3233 1587 3299 tientis,
1625 3231 1861 3297 proxima
1904 3227 2171 3277 annotatio
2219 3221 2447 3287 aperuit.

1389 3309 1519 3373 Alii,
1538 3310 1692 3374 inque
1715 3306 1792 3357 bis
1816 3308 2020 3362 Festus,
2043 3303 2274 3353 Manium
2294 3298 2450 3348 Vale-

1391 3387 1540 3443 rium,
1573 3385 1744 3435 Marci
1765 3382 1941 3438 filium,
1975 3380 2152 3429 Volusi
2186 3381 2452 3438 nepotem,

1393 3466 1613 3530 primum
1629 3461 1938 3510 dictatorem
1953 3461 2183 3505 creatum
2200 3451 2453 3508 scribunt,

1395 3542 1484 3607 qui
1514 3547 1683 3589 tamen
1701 3533 1924 3584 nondum
1942 3530 2117 3581 consul
2139 3526 2322 3577 fuerat.

1459 3623 1485 3650 ¹¹
1525 3612 1812 3675 Magistrum
1832 3606 2062 3673 equitum]
2111 3605 2241 3654 Ideo
2266 3601 2454 3663 Magis·

1397 3699 1528 3744 iram
1544 3689 1751 3754 equitum
1772 3686 1969 3736 dietum
1994 3681 2157 3733 tradit
2181 3679 2343 3728 Varro
2361 3675 2451 3726 lib.

1400 3783 1485 3820 rv.
1507 3767 1577 3817 de
1617 3765 1766 3827 Ling.
1804 3763 1921 3811 Lat.
1956 3756 2098 3823 quod
2125 3768 2322 3804 summa
2342 3753 2455 3816 ejus

1401 3852 1542 3896 esset
1561 3842 1613 3893 in
1643 3838 1845 3905 equites
1869 3842 1923 3886 et
1947 3845 2184 3883 accensos
2209 3835 2457 3894 potestas,

1402 3920 1620 3988 perinde
1653 3925 1811 3982 atque
1836 3912 2101 3963 dictatoris
2118 3910 2170 3959 in
2194 3908 2457 3973 populum.

1404 4001 1582 4054 Primo
1622 4012 1651 4048 a
1688 3995 1750 4045 Τ.
1782 3991 1958 4042 Lartio
1987 3988 2241 4038 dIctatore
2273 3986 2461 4048 magis·

1407 4087 1544 4130 trum
1578 4073 1809 4140 equitum
1843 4067 2038 4117 dictum
2074 4065 2166 4128 Sp.
2207 4061 2459 4116 Cassium,

1390 4156 1493 4223 -qui
1509 4155 1622 4218 jam
1644 4147 1824 4200 consul
1845 4142 2037 4206 fuerat,
2058 4138 2301 4191 convenit
2322 4137 2462 4186 inter

1407 4232 1610 4285 Livium
1634 4232 1690 4278 et
1710 4221 2049 4288 Dionysium:
2072 4217 2159 4283 qui
2177 4221 2360 4266 auctor
2379 4216 2466 4260 est

1407 4311 1530 4364 ltine
1562 4320 1676 4361 eam
1706 4313 1909 4369 semper
1937 4292 2360 4350 consuetudinem
2393 4286 2464 4338 ad
