3034 4925
1043 387 1191 437 ΜΒ.
1242 386 1323 435 11.
1371 384 1533 439 OAP.
1576 370 1642 435 7.
2294 361 2424 433 367

180 540 432 622 Nam,
452 543 824 626 postquam
842 536 1101 617 illuxit,
1131 556 1256 603 nec
1297 536 1723 621 quisquamu
1770 531 2107 599 hostium¹
2150 529 2218 594 in
2262 547 2427 594 eon-

176 652 464 731 spectu
488 651 653 722 erat,
677 643 759 709 P.
778 640 1096 709 Valerius
1119 640 1357 707 consul
1388 639 1614 723 spolia
1636 638 1820 721 legit,
1846 634 2429 719 triumphansque¹

180 748 380 814 inde
425 747 715 814 Romam
760 745 980 812 rediit.
1071 743 1371 828 Collegae
1416 743 1671 821 funus,⁸
1723 744 1974 825 quanto
2022 745 2163 801 tum
2210 735 2429 820 potuit
2508 793 2514 800 .

182 858 582 938 apparatu,
603 852 785 918 fecit.
870 851 1009 917 Sed
1043 847 1254 915 multo
1286 847 1500 933 majus
1530 846 1724 911 morti
1755 843 1964 909 decus
1996 840 2269 926 publica
2297 839 2428 904 fuit

182 959 570 1034 moestitia,
605 977 690 1023 eo
722 964 880 1022 ante
910 955 1137 1021 omnia
1169 954 1478 1037 insigniS‚
1521 952 1682 1035 quia
1712 955 2032 1014 matronae
2060 964 2323 1021 annum,
2354 949 2429 1008 ut

182 1070 628 1149 parentem:¹
656 1080 805 1126 eum
834 1060 1166 1129 luxerunt,
1217 1056 1401 1140 quod
1452 1062 1583 1120 tam
1618 1073 1772 1120 acer
1799 1051 1971 1120 ultor
2001 1048 2276 1114 violatae
2305 1066 2425 1131 pu·

187 1164 526 1231 dicitiaeb
566 1165 825 1230 fuisset.
915 1160 1198 1228 Consuli
1249 1158 1508 1233 deinde,
1553 1158 1673 1242 qui
1705 1153 2135 1240 superfuerat,
2166 1157 2240 1217 ut
2269 1156 2429 1215 sunt

186 1270 582 1336 mutabiles
619 1268 803 1354 vulgi
855 1266 1087 1345 animi,
1138 1285 1224 1331 ex
1275 1265 1549 1330 favore⁰
1592 1281 1723 1326 non
1775 1259 2029 1326 invidia
2055 1255 2277 1330 mod0,
2307 1253 2427 1319 sed

193 1372 530 1458 suspicio
577 1373 785 1439 etiam
838 1391 991 1438 cum
1043 1371 1255 1437 atroci
1304 1369 1595 1444 crimine,
1645 1370 1811 1431 orta.
1918 1361 2222 1444 Regnum
2274 1377 2426 1424 eum

192 1475 560 1553 affectare,
591 1477 769 1542 fama
795 1477 1094 1543 ferebat:
1141 1473 1303 1558 quia
1343 1490 1469 1537 nec
1499 1469 1817 1552 collegam
1851 1466 2311 1547 surrogaverat
2360 1461 2429 1525 in

192 1581 453 1648 locum
506 1580 723 1661 Bruti,
772 1590 841 1647 et
896 1578 1283 1646 aedificabat
1334 1576 1401 1640 in
1457 1592 1719 1640 summa
1767 1564 2021 1636 Velia-‘¹
2128 1565 2238 1631 lbi
2291 1563 2429 1630 alto

1145 1743 1447 1765 “OumOO
1453 1742 1511 1763 ‘O

199 1833 562 1894 variationem
585 1834 731 1887 Livio
753 1836 1016 1887 solennem
1039 1848 1152 1884 esse
1176 1829 1385 1883 monet.'
1426 1831 1752 1896 Rupert.——ll
1789 1829 1804 1855 ⁸
1824 1825 1927 1876 Nec
1957 1822 2202 1889 quicquam
2233 1818 2431 1884 aliquot

1214 1981 1432 2035 NOTAE

286 2093 319 2119 ¹
356 2085 459 2134 Nee
489 2085 730 2152 quicqum
762 2083 988 2149 hosfium]
1035 2082 1176 2134 Ante
1208 2084 1287 2134 lu·
1369 2078 1681 2130 mittendum
1700 2088 1801 2125 non
1826 2070 2031 2123 videtur
2050 2067 2187 2134 qnod
2214 2066 2431 2132 Dionys,

205 2177 344 2212 cem
392 2171 560 2212 tamen
603 2163 858 2213 animatus
910 2161 1125 2228 Sylvani
1177 2160 1286 2210 sive
1367 2164 1539 2218 notat,
1567 2157 1783 2205 Brutum
1815 2149 1983 2201 nullos
2008 2144 2276 2211 reliquisse
2297 2142 2431 2193 filios

208 2237 395 2290 Fauni
436 2254 561 2291 voce
596 2240 836 2291 Valerius
873 2240 1062 2289 vallum
1103 2237 1286 2288 Etrus·
1366 2234 1706 2300 superstites3
1742 2244 1803 2279 ac
1842 2224 2059 2293 proinde
2078 2222 2262 2274 Junios
2296 2222 2432 2272 Bru·

207 2332 408 2368 corum
439 2331 713 2383 aggressus
745 2324 858 2378 est3
891 2315 1166 2381 multisque
1188 2327 1287 2365 cae-
1369 2319 1471 2374 tos,
1486 2309 1571 2377 qui
1592 2315 1776 2373 postea
1792 2306 2294 2363 claruerunt,omnes
2310 2298 2433 2348 Ple·

206 2399 318 2457 sis,
352 2396 546 2464 fugatis
584 2397 814 2466 reliquis,
834 2403 1012 2448 castra
1032 2395 1188 2450 etiam
1211 2392 1288 2444 di·

207 2476 412 2543 ripuit,
444 2492 508 2526 ex
539 2477 811 2542 Dionysio.
888 2474 1047 2540 Apud
1086 2474 1289 2525 Plutar-

208 2556 380 2606 chum
414 2555 556 2621 capti
596 2570 663 2605 ex
700 2555 933 2607 Etruscis
967 2554 1033 2604 ad
1063 2550 1289 2618 quinque

212 2633 409 2684 millia.
922 2631 933 2642 '

252 2735 257 2740 ·
288 2719 313 2755 5
340 2706 760 2775 Triumphansque]
785 2709 885 2761 Hic
900 2708 1167 2760 consulum
1188 2705 1289 2772 pri-

216 2802 340 2839 mus
365 2788 672 2853 quadrijugo
710 2803 864 2837 curru
903 2787 957 2836 in
992 2783 1187 2836 Urbem
1212 2783 1290 2833 in-

216 2872 431 2931 vectus,
469 2872 527 2917 ut
567 2866 878 2916 Plutarchus
923 2862 1186 2918 observat,
1232 2874 1289 2913 re

218 2943 405 2993 divina
440 2941 595 3005 facts,
631 2943 910 3008 spoliisque
947 2939 1149 2997 dicatis,
1183 2937 1288 2988 diei

216 3021 482 3084 reliquum
531 3020 666 3068 inter
707 3019 889 3083 epulas
940 3017 1137 3081 exegit,
1187 3029 1290 3065 una

221 3113 347 3148 cum
394 3098 629 3146 exercitu
667 3096 886 3154 victore,
926 3109 1079 3162 quem
1121 3093 1288 3159 plenis

220 3173 422 3225 mensis
448 3175 664 3239 populus
684 3175 914 3239 excepit.
949 3179 1007 3223 ut
1041 3178 1123 3222 est
1152 3170 1288 3238 apud

220 3252 562 3317 Dionysium.

289 3339 312 3363 ²
352 3330 560 3393 collega
583 3326 761 3392 funus]
808 3329 1008 3393 Corpus
1031 3325 1183 3376 Bruti
1206 3340 1291 3377 co·

118 3462 121 3465 ,
224 3413 491 3470 mustum,
524 3405 920 3457 fortissimorum
947 3406 1175 3471 equitum
1199 3405 1294 3455 hu.-

227 3486 391 3536 meris
427 3486 664 3550 relatum,
702 3485 948 3547 Senatus,
981 3481 1068 3549 qui
1090 3482 1293 3533 obviarn

225 3567 422 3627 iverat,
459 3564 607 3628 jussu
650 3563 702 3613 in
747 3562 943 3613 Urbem
995 3558 1296 3624 triumphali

228 3656 426 3708 pompa
461 3641 656 3692 illatum
695 3648 789 3689 est.
855 3638 1118 3689 Postridie
1141 3637 1294 3686 Vale·

230 3720 343 3771 rius
366 3720 592 3784 priuatus
618 3719 767 3769 Bruti
800 3731 990 3782 corpus
1023 3716 1073 3765 in
1110 3714 1297 3766 lectica

231 3798 561 3849 ornatissima
596 3795 787 3846 deferri
815 3796 977 3860 Jussit
1017 3794 1069 3844 in
1109 3791 1295 3855 forum,

235 3877 531 3943 populoque
555 3874 606 3923 in
624 3875 921 3924 concionem
946 3876 1130 3921 vocato
1147 3869 1294 3919 fune·

237 3953 381 4004 brem
406 3950 694 4000 orationem
718 3949 928 4000 habuit:
949 3938 1084 3998 unde
1103 3944 1297 3997 moreni

238 4031 493 4080 clarorum
535 4026 756 4077 virorum
799 4024 979 4075 laudes
1018 4024 1072 4074 in
1112 4022 1298 4074 funere

238 4103 605 4171 pronuntiandi
628 4103 862 4169 plerique
886 4101 1170 4152 deductum
1205 4115 1297 4164 pu-

239 4193 372 4235 tant.
437 4180 593 4235 Quod
631 4180 910 4230 servabant
944 4181 1102 4230 etiarn
1138 4176 1298 4227 Athe·

241 4264 441 4312 nienses
464 4262 517 4310 in
539 4258 723 4309 funere
740 4273 918 4308 eorum
937 4259 1023 4323 qui
1046 4256 1181 4307 bello
1197 4270 1299 4306 cae-

243 4342 286 4391 si
304 4344 493 4391 essent.
559 4338 808 4389 Ceterum
826 4338 923 4390 hoc
946 4339 1060 4392 loco
1082 4343 1300 4401 praeter·

1367 2385 1513 2441 beios
1542 2386 1718 2436 fuisse.

1432 2473 1459 2503 ⁸
1486 2467 1699 2518 Annum,
1731 2466 1786 2511 ut
1817 2454 2085 2524 parentari]
2125 2452 2330 2503 Annum
2361 2450 2435 2500 in·

1368 2545 1548 2608 tellige
1593 2540 1775 2590 decem
1814 2534 2085 2595 mensium,
2127 2530 2291 2596 qualis
2335 2527 2433 2577 sub

1371 2620 1620 2672 Romulo:
1650 2618 1748 2667 bne
1772 2614 1907 2665 enim
1931 2608 2280 2674 longissimum
2305 2610 2434 2654 tem·

1371 2716 1467 2766 pus
1504 2694 1718 2761 lugendi
1760 2689 1896 2756 apud
1936 2688 2212 2737 Romanos.
2294 2683 2432 2732 Nam

1371 2793 1468 2829 nec
1484 2777 1676 2831 Numa,
1693 2767 1947 2821 cumduos
1966 2779 2100 2814 anno
2119 2774 2323 2811 menses
2342 2758 2432 2808 ad-

1360 2859 1575 2924 jiceret,
1634 2859 1871 2914 tempora
1924 2846 2091 2894 luctus
2144 2836 2436 2902 ampliavit,

1371 2928 1800 3000 quemadmodum
1838 2922 2083 2972 discimus
2123 2931 2185 2966 ex
2226 2915 2434 2965 Plutar-

1370 3014 1482 3063 cho.
1539 3006 1689 3058 Unde
1713 3000 1871 3054 Ovid.
1895 3014 1934 3050 1.
1961 2998 2267 3048 Fastorum:
2292 2997 2308 3020 ⁴
2329 2991 2435 3041 Per

1372 3087 1589 3140 totidem
1641 3092 1843 3132 menses
1889 3092 1919 3127 a
1965 3073 2145 3124 funere
2201 3067 2435 3132 conjugis

1371 3180 1502 3217 uxor
1535 3162 1770 3214 Sustinet
1810 3157 1861 3205 in
1904 3151 2058 3202 vidua
2089 3146 2260 3198 tristia
2286 3145 2435 3208 signa

1372 3240 1563 3295 domo.'
1626 3233 1947 3288 Theodosius
1970 3238 2145 3281 tamen
2170 3223 2382 3275 maritos
2406 3237 2437 3271 s

1372 3319 1677 3374 mulieribus
1720 3328 1906 3364 annum
1956 3310 2216 3371 integrum
2266 3300 2437 3366 lugeri

1371 3399 1658 3451 constituit.

1435 3476 1461 3512 b
1503 3475 1705 3528 Violatae
1737 3463 2005 3536 pudicitie]
2053 3461 2101 3513 A
2125 3461 2291 3511 Sexto
2312 3458 2437 3507 Tar·

1372 3556 1550 3623 'quinio
1575 3553 1627 3602 in
1652 3547 1916 3601 Lucretia.

1436 3640 1459 3667 ‘-
1493 3623 1782 3690 Exsuvore]
1815 3623 1926 3673 Pro
1950 3617 2136 3684 gratia,
2161 3628 2264 3679 qua
2283 3609 2440 3660 floru-

1375 3714 1490 3761 erat
1513 3704 1760 3756 Valerius
1798 3696 1935 3763 apud
1966 3691 2231 3761 populum,
2252 3688 2441 3739 oborta

1377 3794 1459 3838 est
1489 3786 1545 3835 in
1577 3797 1692 3833 eum
1724 3774 1967 3840 suspicio,
1992 3776 2149 3835 atque
2175 3765 2304 3817 adeo
2327 3778 2441 3829 gra·

1375 3866 1455 3915 vis
1476 3858 1740 3913 accusatio
1759 3848 1990 3904 affectati
2012 3845 2179 3910 regni.

1439 3941 1465 3977 ‘¹
1488 3941 1549 3992 Ιιι
1565 3943 1752 3987 'suntuna
1776 3926 1933 3991 Velia]
1966 3925 2097 3977 Erat
2120 3923 2230 3971 baec
2249 3917 2440 3970 editior

1377 4035 1500 4089 pars
1534 4013 1723 4068 montis
1765 4004 1989 4060 Palatini
2026 4003 2079 4052 in
2109 4007 2278 4052 ortum
2303 3997 2438 4049 vesti·

1380 4116 1498 4151 vum
1523 4102 1765 4163 spectans
1802 4086 1999 4141 difficili
2035 4094 2247 4133 accessu
2282 4084 2442 4144 atque

1381 4176 1563 4239 arduo,
1584 4171 1720 4224 unde
1761 4170 1812 4219 in
1845 4164 2013 4214 forum
2047 4153 2441 4235 Romanum'de·

1382 4262 1593 4322 spectus
1611 4267 1624 4301 :
1649 4256 1707 4300 ut
1719 4244 1929 4300 Valerio
1945 4241 2065 4290 hinc
2086 4232 2441 4318 descendente

1383 4344 1574 4400 pompa
1618 4322 1974 4380 comitantium
2018 4317 2256 4367 lictorum
2314 4307 2444 4372 regii
