3034 4925
504 335 593 402 26
1166 350 1586 400 rnooemuu
1636 350 1735 399 nn
1780 351 1975 400 mvn

503 496 691 566 lustii
719 494 1139 561 velocitatem
1162 495 1446 561 diversis
1472 495 1832 561 virtutibus
1850 504 2262 562 consecutus
2289 505 2420 563 est.
2512 497 2693 563 Nam

506 603 666 667 mibi
696 598 960 682 egregie
990 597 1249 662 dixisse
1280 597 1540 665 videtur
1567 599 1893 664 Servilius
1923 599 2305 679 Nonianus,
2335 620 2540 685 pares
2565 618 2691 664 eos

503 704 745 786 magis,
777 719 984 785 quam
1014 698 1316 765 similes?

590 806 849 871 Praeter
890 803 1175 868 virtutes
1215 801 1510 867 historiae
1560 802 1870 868 Livianae
1904 801 2110 867 modo
2152 810 2555 868 memoratas
2602 822 2695 868 ex

504 927 590 974 ea
624 908 884 991 spirant
910 923 1236 969 summum
1263 905 1495 968 odium·
1515 904 1849 980 vitiorum,
1878 909 2082 969 amor‘
2099 904 2363 969 virtutis
2393 909 2463 968 et
2489 906 2694 971 animi

504 1010 774 1087 candor,
811 1006 1139 1092 judicium
1183 1006 1432 1070 subtile
1460 1011 1530 1070 et
1555 1012 1831 1084 rectum,
1868 1025 2302 1071 aoersensus
2334 1006 2498 1086 veri,
2543 1008 2707 1092 pul--

505 1112 647 1177 chri
683 1119 755 1176 et
803 1111 1086 1187 honesti,
1138 1108 1375 1173 artium
1418 1108 1614 1191 pacis
1675 1107 1962 1192 bellique
2013 1108 2272 1191 peritia,
2331 1109 2694 1192 multiplex

503 1215 801 1280 doctrina
850 1217 917 1276 et
965 1211 1168 1293 eopia
1216 1217 1356 1273 tam
1401 1210 1804 1290 egregiarum
1842 1212 2278 1295 graviumque
2329 1211 2693 1275 sententia·

499 1337 667 1395 rum,
725 1335 929 1399 quam
980 1311 1439 1394 exemplorum
1472 1320 2121 1396 praeceptorumque,
2172 1313 2244 1377 in
2289 1314 2471 1377 omni
2525 1316 2688 1377 vitae

501 1439 739 1502 genere
768 1426 839 1483 et
881 1417 948 1480 in
993 1419 1134 1480 arte
1174 1412 1450 1477 militari
1487 1431 1571 1477 ac
1604 1413 1882 1496 politica
1921 1415 2209 1479 utilium.
2297 1415 2418 1479 Ex
2438 1417 2690 1499 quibus

500 1523 813 1587 omnibus
842 1518 1040 1583 facile
1063 1515 1474 1598 intelligitur,
1495 1521 1673 1640 quot
1702 1523 1775 1580 et
1802 1525 2073 1600 quantae
2094 1517 2420 1583 utilitates
2441 1538 2532 1583 ex
2563 1518 2692 1583 tali

496 1624 776 1689 historia
807 1622 964 1706 capi
992 1626 1259 1703 queant.
1372 1661 1383 1674 -

587 1724 896 1791 Ceterum
925 1744 969 1788 a
1011 1723 1207 1787 nobis
1249 1740 1383 1786 non
1412 1723 1624 1792 totum
1654 1741 1825 1805 opus
1862 1722 2242 1802 Livianum,
2272 1723 2396 1789 sed
2445 1730 2691 1809 quarta

499 1833 779 1907 tantum,
807 1846 961 1911 quae
1005 1832 1235 1903 restat,
1278 1843 1440 1908 pars
1468 1829 1662 1894 reete·
1688 1826 2002 1891 aestimari
2045 1832 2293 1909 potest.
2345 1826 2596 1911 'Cujus
2628 1817 2693 1893 si

496 1930 898 2014 praestantia
924 1929 1120 1994 nobis
1169 1933 1354 1993 tanta
1389 1947 1540 1991 esse
1569 1927 1846 2007 videtur,
1877 1935 1950 1994 ut
1995 1949 2193 1994 nemo
2218 1935 2518 1995 ‘veterum
2551 1931 2693 1996 his·

497 2035 851 2100 toricorum
894 2031 1154 2097 Nostro
1182 2030 1622 2110 anteferatur3
1680 2032 1911 2115 quanti
1949 2031 2319 2097 faceremus
2367 2034 2688 2116 integram

497 2136 647 2220 ejus
676 2136 1047 2212 historiam,
1069 2153 1223 2217 quae
1252 2139 1321 2199 et
1349 2135 1561 2219 ἀρχὴν,
1590 2140 1659 2199 et
1681 2136 1890 2215 ἀκμὴν,
1914 2141 1982 2199 et
2007 2137 2314 2221 παρακμὴν
2336 2155 2459 2201 seu
2488 2135 2689 2223 φθορὰν

493 2238 888 2322 reipublicae
914 2235 1267 2314 Romanae,
1292 2244 1610 2322 tanquam
1632 2237 1702 2301 iu
1731 2237 1981 2302 tabulis
1997 2238 2159 2301 bene
2176 2239 2382 2322 pictis
2409 2257 2689 2322 expres-

497 2359 634 2420 sas,
664 2341 883 2407 oeulis
902 2340 1149 2404 nostris
1175 2338 1628 2422 subjecisset?
1661 2346 1919 2425 quanto
1951 2339 2231 2423 majoris
2251 2341 2689 2423 posteriorem

493 2447 636 2531 ejus
659 2449 906 2530 partem
927 2462 1128 2529 quam
1158 2443 1489 2527 priorem‘l
1538 2442 1722 2509 Nam
1752 2444 1821 2508 in
1850 2442 1978 2509 hae
2019 2441 2376 2527 descripsit
2397 2442 2687 2527 primum

488 2550 797 2633 ‘tempora
827 2546 1227 2631 antiquiora,
1261 2546 1510 2629 quibus
1559 2547 1876 2630 pleraque
1913 2552 2103 2611 erant
2128 2547 2373 2626 tenuia,
2402 2546 2686 2624 ineerta,

493 2653 781 2716 obscura
831 2655 897 2714 et
951 2648 1203 2713 fabulis
1244 2647 1605 2727 involuta?
1664 2648 1902 2714 deinde
1948 2668 2054 2725 ea,
2105 2668 2384 2733 quorum
2423 2652 2686 2714 omnem

492 2773 687 2837 paene
718 2753 1102 2817 memoriam
1150 2750 1437 2835 Polybio
1472 2752 1792 2832 debebat3
1841 2752 1911 2816 in
1956 2752 2073 2816 illa
2103 2770 2261 2817 vero
2299 2751 2688 2846 recentiora2

494 2856 747 2937 quibus
779 2854 1054 2938 propior
1087 2859 1233 2918 erat
1262 2861 1383 2918 ant
1408 2852 1582 2918 adeo
1614 2855 1921 2937 aequaliS,
1963 2873 2371 2938 quorumque
2412 2873 2520 2918 res
2544 2874 2689 2918 me-

492 2957 856 3023 morabiles
885 2962 951 3021 et
980 2976 1068 3020 ex
1097 2957 1592 3040 limpidioribus
1637 2957 1884 3022 hauriri
1912 2962 2225 3041 poterant
2268 2957 2589 3035 fontibuS,
2618 2959 2688 3022 et

557 3240 734 3291 ‘Hine
748 3242 1165 3308 frequentissime
1178 3245 1402 3304 dubitat,
1415 3245 1551 3313 quod
1630 3246 1895 3297 memoriae
1937 3262 2108 3297 rerum
2141 3251 2419 3310 gestarum,
2452 3247 2508 3292 et
2543 3239 2684 3306 quod

483 3315 597 3379 jam
638 3318 856 3370 Quintil.
880 3319 926 3369 1.
967 3322 1035 3371 Ο.
1059 3336 1127 3373 n.
1152 3327 1203 3373 4.
1227 3326 1306 3372 19.
1335 3322 1549 3378 monuit,
1629 3322 1808 3386 etiam,
1829 3323 1872 3371 si
1896 3338 2012 3388 quae
2036 3323 2089 3371 in
2111 3318 2495 3371 commentariis
2518 3316 2688 3391 pontif

490 3393 780 3458 passimque
803 3395 868 3445 de
891 3398 1144 3449 varietate
1179 3399 1434 3449 annalium
1459 3413 1549 3448 ve·
1628 3397 1783 3450 ficum
1826 3400 2044 3465 aliisque
2090 3398 2313 3464 publicis
2365 3394 2686 3461 privatisque

491 3473 660 3519 terum
683 3478 738 3520 et
757 3472 824 3521 de
854 3471 1064 3523 defectu
1099 3481 1546 3526 monumentorum
1628 3483 1778 3526 erant
1798 3475 2161 3533 monumentis,
2184 3474 2397 3525 incensa
2426 3471 2552 3522 urbe
2575 3470 2688 3535 ple·

488 3543 594 3594 fide
609 3544 903 3611 dignorum,
922 3549 1192 3614 caliginem
1214 3552 1398 3615 priscis
1416 3558 1547 3602 tem·
1627 3566 1800 3618 raeque
1823 3551 2108 3601 interiere!
2145 3558 2201 3602 et
2223 3564 2347 3601 vin.
2363 3554 2447 3599 40.
2480 3548 2498 3576 ‘
2516 3547 2685 3598 vitia-

489 3621 705 3686 poribus
728 3621 1045 3689 effundente,
1066 3629 1318 3692 queritur,
1337 3643 1388 3679 v.
1417 3643 1464 3677 c.
1483 3642 1547 3677 n.
1629 3635 1733 3676 tam
1771 3622 2069 3676 meinos-iam
2112 3625 2413 3675 funebribus
2447 3622 2685 3673 laudibus

487 3701 573 3749 21.
590 3703 984 3753 v.2l.vn.2.in
1005 3705 1185 3768 primis
1201 3718 1279 3755 vr.
1298 3709 1344 3756 1.
1384 3706 1545 3756 ‘Qum
1627 3714 1744 3753 reor
1769 3702 2019 3768 falsisque
2044 3702 2319 3767 imaginum
2345 3700 2529 3760 titulis,
2559 3699 2681 3748 dum

488 3775 555 3825 ab
588 3776 799 3827 condita
848 3780 972 3829 urbe
1019 3782 1184 3831 Roma
1231 3780 1294 3830 ad
1341 3788 1547 3844 captam
1628 3779 1823 3829 familia
1855 3779 1921 3828 ad
1958 3795 2013 3830 se
2049 3793 2267 3846 qumque
2288 3777 2477 3827 famam
2509 3790 2682 3826 rerum

488 3852 705 3902 eandem
730 3854 953 3907 Romani
987 3871 1214 3923 gessere,
1237 3858 1461 3923 quinque
1482 3857 1547 3906 li·
1628 3865 1891 3923 gestarum
1923 3857 2268 3922 bonorumque
2298 3854 2517 3904 fallente
2540 3867 2687 3903 men.-

488 3926 594 3976 brir
618 3931 864 3994 exposui3
899 3947 984 3982 res
1018 3948 1133 3984 enm
1169 3940 1435 3983 vetustate
1469 3933 1545 3982 ni·
1628 3935 1777 3984 dacio
1800 3935 2026 3983 trabunt.
2094 3933 2227 3982 Inde
2264 3940 2410 3981 certe
2433 3938 2487 3981 et
2510 3930 2685 3993 singu·

487 4004 593 4054 mia
611 4005 876 4070 obscuras,
907 4010 1068 4059 veluti
1102 4024 1220 4075 quar
1259 4024 1445 4075 magno
1477 4024 1547 4058 ex
1625 4012 1791 4061 lorum
1815 4017 1995 4076 gesta,
2026 4015 2083 4060 et
2115 4008 2323 4072 publiea
2352 4011 2686 4058 monumenta

490 4083 761 4134 intervallo
811 4086 910 4135 loci
950 4087 1035 4135 vix
1083 4095 1385 4142 cernuntur,
1434 4094 1542 4135 tum
1626 4101 1799 4139 rerum
1822 4085 2051 4138 confusa.
2085 4087 2203 4136 Nec
2223 4086 2494 4150 quisquam
2512 4097 2685 4148 equa·

489 4159 626 4224 quod
654 4164 827 4224 μεῖναί
857 4171 912 4213 et
935 4177 1063 4213 rarae
1086 4177 1178 4229 per
1209 4163 1390 4217 eadem
1416 4169 1543 4211 tem·
1621 4164 1686 4213 lis
1703 4163 2023 4228 temporibus
2038 4161 2139 4212 illis
2153 4161 2381 4230 scriptor
2396 4166 2561 4226 extat,
2576 4173 2681 4226 quo

489 4251 615 4303 pora
638 4238 803 4290 iiterae
820 4239 988 4305 fuere,
1003 4255 1107 4291 una
1121 4240 1358 4293 custodia
1372 4238 1542 4292 fidelis
1624 4240 1749 4290 satia
1771 4246 1917 4292 certe
1942 4244 2152 4291 auctore
2176 4236 2376 4290 stetur)
