3034 4925
403 318 448 383 8
826 309 835 320 ’
1056 334 1516 383 ’νκοιΕΜιυΜ
1568 334 1664 382 ΒΕ
1708 309 1907 383 'mvn
1943 331 1960 346 ’

402 485 540 549 isse
570 482 848 548 videtur.
938 480 1098 545 Hoc
1129 501 1220 545 ex
1261 501 1343 545 eo
1389 482 1742 564 probabile
1789 482 1886 560 fit,
1919 480 2102 564 quod
2130 481 2335 547 libros
2380 484 2593 550 edidit

401 583 931 669 philosophicos,
960 583 1057 668 (v.
1105 604 1262 648 mox
1310 584 1346 666 ἓ
1382 582 1480 662 2.)
1525 583 1691 647 illud
1722 603 1809 647 ex
1839 583 2119 648 historia
2150 604 2353 667 quam
2386 589 2595 670 scrip‘-

402 689 522 767 sit3
570 707 658 750 ex
688 706 826 769 qua
854 688 1050 751 etiam
1075 687 1379 767 colligaS‚
1402 704 1561 748 eum
1582 687 1681 749 rei
1709 686 2013 750 militaris
2036 686 2384 770 civilisque
2413 689 2597 753 haud

403 796 753 871 expertem
782 787 1021 865 fuisse,
1059 807 1277 871 neque
1311 806 1573 852 omnem
1603 787 1689 850 de
1720 788 1921 851 rebus
1948 787 2108 873 belli
2137 795 2209 852 et
2234 790 2430 872 pacis
2459 793 2596 854 tam

403 889 760 973 prudenter
777 890 1131 974 judicandi
1159 890 1559 955 facultatem
1590 909 1678 953 ex
1706 891 1853 954 sola
1898 890 2285 954 Graecorum
2310 885 2622 956 lectione

402 992 729 1056 hausisse.
818 993 1120 1057 Eundem
1163 996 1230 1057 in
1268 992 1978 1074 interiorem.Augusti
2026 993 2199 1076 Imp.
2229 978 2597 1058 amicitiam

402 1093 807 1178 pervenisse,
835 1102 1025 1178 patet
1054 1115 1139 1159 ex
1179 1096 1347 1160 Tac.
1380 1092 1551 1156 Anu.
1589 1110 1689 1155 lv.
1720 1094 1829 1157 34.
1918 1092 2458 1171 Quantam-vero
2485 1095 2597 1159 sui

400 1196 650 1261 famam
686 1198 1099 1275 excitaverit,
1131 1197 1235 1261 vel
1280 1217 1367 1261 ex
1413 1215 1497 1259 eo
1544 1195 1948 1277 intelligitur,
1998 1195 2179 1277 quod
2213 1194 2595 1260 Gaditanus

403 1298 697 1383 quidam,
728 1297 875 1381 ejus
906 1300 1173 1363 nomine
1196 1298 1537 1385 gloriaque
1562 1302 1954 1375 commotuS,
1994 1297 2082 1361 ad
2112 1298 2467 1362 visendum
2496 1298 2597 1381 ip·

405 1407 553 1464 sum
584 1402 672 1464 ab
703 1400 942 1467 ultimo
975 1408 1296 1465 terrarum
1344 1399 1505 1463 orbe
1541 1397 1837 1463 Romam
1879 1400 2075 1475 venit,
2105 1398 2487 1482 statimque,
2518 1406 2596 1462 ut

401 1500 684 1579 viderat,
715 1502 904 1566 abiit.
937 1499 1030 1565 V.
1069 1501 1244 1565 Plin.
1277 1500 1408 1583 Ep.
1442 1516 1523 1563 ιι.
1550 1500 1618 1565 3.
1648 1508 1718 1564 et
1753 1493 2037 1565 Hieron.
2071 1500 2197 1583 Ep.
2226 1500 2378 1564 103.
2468 1500 2597 1565 cni

402 1622 538 1665 non
568 1602 1005 1667 adversantur
1028 1603 1182 1667 haec
1213 1601 1442 1667 Suidae
1473 1603 1544 1666 in
1572 1623 1638 1667 v.
1686 1608 1989 1689 Κορνοῦτος
2013 1605 2256 1668 verba:
2304 1603 2419 1666 Δύο
2447 1626 2599 1689 συγ-

401 1700 616 1789 γραφέε
659 1702 928 1786 Ῥωμαίου
986 1704 1134 1782 ἤτηνζ
1232 1707 1394 1779 Τῖτος
1445 1691 1687 1785 Λίβιος,
1714 1706 1777 1770 οὗ
1820 1708 2027 1793 ὃιαῤῥεῖ
2059 1707 2207 1769 πολὺ
2245 1707 2343 1768 καὶ
2388 1706 2597 1770 κλεινὸν

406 1804 602 1888 ὄνομα,
646 1808 744 1870 καὶ
798 1813 1125 1893 Κορνοῦτος.
1218 1805 1470 1885 Τοῦ-αὔτη
1511 1809 1568 1871 δὲ
1605 1806 1666 1886 ἦν
1703 1814 1735 1886 ἦ
1781 1796 2112 1894 διαφορότης»
2150 1810 2205 1881 ἐς
2239 1809 2436 1872 τούσδε
2469 1811 2604 1883 τοὺς,

400 1907 609 1997 ἄνδρας
634 1915 744 1973 τῶν
783 1907 1167 1996 ἀκροωμένων,
1200 1911 1275 1984 αἶς
1302 1916 1400 1973 τοῦ
1427 1910 1531 1992 μὲν
1567 1910 1872 1996 Κοςνοῦτου
1899 1907 2327 1990 παμπλείστους
2357 1910 2595 1989 ἀκούειν,

403 2010 664 2100 θεραπείᾳ
689 2038 752 2076 τε
780 2014 876 2075 καὶ
911 2011 1188 2099 κολακείᾳ
1215 2019 1313 2077 τοῦ
1343 2016 1530 2100 ἀνδρὸς
1559 2011 1910 2100 συρρέοντας,
1941 2012 2041 2075 καὶ
2066 2014 2157 2074 διαὶ
2184 2016 2283 2090 τὴν
2311 2011 2596 2092 ἀπαιδίαν,

404 2114 581 2178 ἐλπίδι
617 2114 1007 2200 κληρονομίας,
1037 2122 1136 2179 τοῦ
1166 2142 1238 2201 γε
1264 2120 1372 2199 μὴν
1401 2114 1601 2194 Λιβίου
1637 2113 1884 2198 ὀλίγους,
1916 2117 2078 2177 ἀλλά
2109 2110 2179 2176 ὧν
2205 2140 2260 2177 τι
2294 2112 2487 2199 ὄφελος
2513 2112 2596 2193 ἦν,

405 2217 504 2280 καὶ
539 2219 592 2279 ἐν
618 2216 822 2297 κάλλει
851 2217 1050 2303 ψυχῆς
1080 2218 1180 2282 καὶ
1214 2216 1565 2303 εὐγλωττίᾳ.
1652 2219 1725 2279 Ὃ
1748 2216 1944 2302 χρόνος
1977 2217 2032 2279 δὲ
2064 2220 2090 2279 ὁ
2127 2215 2378 2302 &sapui-65
2403 2244 2468 2280 τε
2498 2218 2595 2281 καὶ

403 2316 733 2394 ἀδέκαστος,
767 2319 863 2381 καὶ
887 2329 918 2396 ἡ
948 2320 1148 2384 τούτου
1177 2320 1420 2406 φάλαγξ
1451 2318 1549 2381 καὶ
1574 2319 1772 2410 ᾆπαδδς
1801 2320 1896 2382 καὶ
1922 2317 2113 2404 ἔφορος
2133 2325 2163 2395 ἡ
2180 2319 2433 2396 α’λῆθεια.
2451 2367 2467 2383 .
2487 2321 2600 2383 ,τὸν
2646 2323 2651 2330 “

403 2420 507 2501 μὲν
553 2418 819 2506 ἀνέφηναν
860 2423 957 2487 καὶ
1008 2423 1390 2503 ἐξεκᾶλυψαν,
1434 2422 1621 2509 ὥσπερ
1664 2420 2037 2508 κεκρυμμένον
2078 2422 2343 2508 θησαυρὸν
2373 2422 2469 2484 καὶ
2504 2448 2597 2484 κε-

398 2522 657 2607 χανδότα
685 2532 881 2591 πολλοὶ
911 2527 1006 2590 καὶ
1051 2530 1254 2608 ἐσθλοὶ,
1291 2531 1453 2592 Τῖτον
1483 2527 1696 2608 Λίβιον·
1731 2533 1829 2591 τοῦ
1858 2528 1913 2589 δὲ
1951 2524 2223 2589 πλουσίου
2253 2524 2351 2588 καὶ
2380 2511 2483 2607 μέν
2509 2549 2595 2589 τοι

405 2627 502 2690 καὶ
526 2628 934 2723 περιρῤεομένου
963 2635 1080 2708 τοῖς
1103 2633 1377 2719 χρῆμασι
1402 2631 1568 2710 λῆθην
1597 2631 2173 2717 κατεχεῦσαντο,-τοῦ
2206 2627 2537 2715 Κορνοῦτου.

1081 2938 1116 3018 §
1173 2935 1239 2999 2.
1296 2933 1402 2999 De
1443 2932 1638 2999 Livii
1669 2934 1929 3018 scriptis.

408 3166 417 3179 ‹
494 3129 1079 3215 Quotqualiaque
1120 3136 1369 3217 ingenii
1419 3141 1485 3199 et
1529 3137 1857 3202 doctrinae
1884 3142 2299 3202 monumenta
2329 3136 2597 3219 evulga-

405 3232 574 3301 verit
602 3233 861 3311 Li‘viuS‚
892 3236 1295 3316 ignoramus.
1384 3237 1642 3303 Praeter
1662 3238 2061 3302 historiarum
2092 3237 2277 3301 libros
2304 3259 2436 3302 non
2466 3238 2598 3301 nisi

406 3334 541 3398 tria
567 3355 781 3418 eaque
810 3339 1050 3420 paucis
1076 3345 1543 3418 memorantur,
1575 3362 1620 3406 a
1651 3340 1934 3420 Quintil.
1969 3341 2026 3405 Ι.
2060 3339 2145 3405 Ο.
2179 3357 2262 3404 x.
2293 3341 2353 3404 1.
2402 3337 2594 3422 Epis-

407 3433 536 3497 tola
565 3434 651 3496 ad
665 3436 885 3519 filium
913 3439 1166 3526 scripta,
1199 3463 1242 3508 a
1270 3443 1531 3508 Seneca
1559 3444 1628 3507 in
1659 3443 1791 3526 Ep.
1824 3461 1887 3507 c.
1974 3439 2265 3527 Dialogi,
2286 3460 2458 3523 quos
2487 3439 2595 3504 hic

405 3556 541 3601 non
573 3539 787 3619 magis
817 3541 1263 3627 philosophiae
1296 3547 1717 3610 annumerari
1746 3564 1953 3628 posse
1996 3544 2186 3621 dicit,
2229 3563 2432 3627 quam
2460 3542 2597 3606 his-

406 3639 626 3716 toriae,
656 3648 722 3705 et
756 3639 945 3706 Libri
970 3665 1043 3706 ex
1073 3643 1353 3730 professo
1374 3643 1829 3731 philosophiam
1859 3644 2247 3709 continente&
2333 3643 2598 3708 Homm

404 3761 586 3819 vero,
619 3737 1056 3828 aliorumque,
1099 3768 1270 3833 quos
1314 3749 1487 3813 forte
1536 3750 1941 3832 composuit,
1977 3748 2292 3819 librorum
2331 3745 2599 3828 jactura

405 3843 628 3908 minus
660 3844 1073 3931 deploranda
1102 3849 1381 3927 videtur,
1413 3870 1615 3934 quam
1649 3850 1830 3932 quod
1863 3850 2062 3931 longe
2102 3847 2401 3913 maxima
2430 3865 2595 3929 pars

407 3943 558 4027 ejus
588 3947 832 4029 operiS,
863 3967 999 4032 quo
1029 3951 1318 4015 nominis
1351 3953 1455 4016 sui
1484 3951 1868 4017 memoriam
1898 3949 2387 4016 immortalitati
2418 3968 2598 4012 com-

405 4049 764 4129 mendavit,
794 4049 1038 4135 injuria
1078 4054 1354 4136 maligni
1397 4054 1521 4119 fati
1551 4054 1747 4118 nobis
1778 4061 2005 4141 erepta
2034 4061 2156 4119 est.
2247 4048 2599 4115 Historiam

410 4145 782 4232 Romanam,
816 4154 982 4234 sive,
1011 4163 1084 4222 ut
1110 4158 1263 4241 ipse
1296 4173 1526 4224 xmn.
1558 4156 1664 4222 13.
1687 4157 1984 4226 modeste
2004 4158 2253 4235 forsan,
2281 4154 2411 4222 etJ
2420 4155 2594 4221 nlius
