3034 4925
428 304 516 369 24
623 330 628 336 ·
1133 315 1554 366 raoOEmuu
1606 315 1703 363 nn
1755 317 1970 365 ιινιι.

522 461 721 528 Huic
736 442 1040 525 veritatis
1090 459 1488 542 indagandae
1537 467 1607 524 et
1636 456 1943 527 facultati
1975 469 2046 526 et
2075 461 2298 527 studio
2331 459 2618 527 accessit
2729 461 2734 464 ’

430 564 717 630 felicitas
764 564 998 628 saeculi
1048 562 1402 645 Augustei,
1432 583 1563 646 quo
1594 562 1873 627 cuilibet
1896 565 2160 643 sentire,
2205 583 2360 648 quae
2393 563 2618 640 vellet,

369 666 375 671 ’
436 666 723 752 quaeque
745 665 1031 737 sentiret,
1060 665 1279 730 dicere
1303 665 1576 730 licebat.

523 769 758 833 Livius
807 775 1032 832 autem
1072 788 1301 833 verum
1353 785 1486 833 non
1525 761 1728 849 modo
1774 769 2033 834 tradere
2065 770 2472 852 plerumque
2501 786 2622 850 po-

439 872 587 950 tuit,
617 870 739 935 sed
768 877 836 935 et
866 890 1121 954 semper
1149 871 1388 949 voluit,
1419 889 1500 935 ac
1538 889 1759 953 neque
1787 871 1887 935 ira
1915 878 1986 936 et
2013 872 2193 947 odio,
2223 889 2435 952 neque
2465 868 2625 931 adu-

438 973 718 1051 latione,
745 974 1033 1056 partium
1063 962 1288 1040 studio
1321 982 1389 1038 et
1417 973 1741 1049 amicitia,
1789 975 1932 1039 sive
1972 973 2273 1058 publica,
2322 972 2466 1036 sive
2494 970 2627 1053 pri-

440 1082 620 1155 vata,
646 1098 722 1141 se
756 1076 1001 1141 adduci
1032 1095 1271 1160 passus
1298 1084 1420 1154 est,
1448 1082 1526 1140 ut
1556 1093 1600 1140 a
1632 1078 1931 1154 veritate,
1954 1097 2092 1161 qua
2108 1075 2271 1140 nihil
2289 1074 2628 1157 antiquius

443 1197 594 1243 esse
624 1180 821 1245 debet
849 1179 1186 1244 annalium
1217 1180 1571 1257 conditori,
1592 1180 1697 1244 vel
1719 1184 2198 1256 transversum,
2217 1176 2628 1270 quod-aiunt,

441 1301 727 1365 unguem
758 1283 1121 1348 recederet.
1210 1283 1424 1368 Cujus
1473 1284 1566 1347 rei
1611 1283 2215 1370 locupletissimum
2254 1280 2632 1345 continetur

443 1385 901 1449 testimonium
956 1385 1179 1449 verbis
1226 1384 1548 1454 Cremutii
1592 1386 1773 1468 apud
1818 1386 1984 1451 Tac.
2008 1385 2186 1451 Ann.
2220 1401 2322 1448 ιν.
2350 1383 2457 1448 34.
2504 1386 2524 1414 ‘
2548 1378 2631 1442 Τ.

445 1486 704 1564 Livius,
734 1486 1128 1570 eloquentiae
1183 1508 1265 1553 ac
1299 1487 1457 1552 fidei
1500 1487 1861 1571 praeclarus
1892 1488 1959 1552 in
1990 1489 2245 1571 primiS,
2273 1486 2400 1552 Cn.
2433 1483 2633 1548 Pom»

404 1655 411 1660 ,
445 1588 665 1669 peium
698 1590 906 1653 tantis
928 1590 1238 1655 laudibus
1268 1590 1440 1667 tulit,
1457 1597 1539 1654 ut
1557 1589 2012 1654 ΡοΜΡΕιΑΝυ
2029 1607 2081 1653 M
2104 1610 2254 1655 enm
2280 1586 2635 1670 Augustus

447 1690 857 1772 appellaret:
906 1711 1122 1775 neque
1172 1692 1241 1757 id
1278 1694 1597 1759 amicitiae
1631 1712 1856 1757 eorum
1889 1692 2139 1759 offecit.
2228 1691 2639 1773 Scipionem,

446 1790 1020 1883 Afranium,bhunc
1059 1795 1283 1878 ipsum
1306 1794 1641 1875 Cassium,
1670 1795 1838 1860 hunc
1869 1796 2149 1860 Brutum
2184 1811 2508 1876 nusquam
2539 1790 2638 1853 la-

446 1900 672 1960 trones
701 1905 771 1962 et
805 1897 1193 1982 parricidaS,
1227 1917 1380 1982 quae
1404 1917 1578 1963 nunc
1607 1898 2416 1982 vocabula-imponuntur,
2450 1909 2638 1976 saepe

450 2003 523 2060 nt
560 2000 849 2081 insignes
877 2002 1057 2066 viros
1102 2000 1440 2068 nominat?
1529 2001 1615 2066 Id
1663 2003 1767 2067 vel
1823 2003 2035 2066 solum
2086 1998 2390 2064 sufficere
2429 1995 2641 2060 videri

359 2132 367 2138 ·
449 2102 671 2181 possit
689 2102 774 2165 ad
798 2103 1250 2168 retundendas
1271 2104 1760 2169 criminationes
1782 2123 1990 2168 vanas
2011 2097 2264 2180 eorum,
2284 2101 2490 2186 quiet
2509 2098 2639 2163 sibi

452 2211 522 2266 et
550 2204 701 2294 aliis
731 2217 1142 2289 persuasere,
1173 2226 1214 2270 a
1259 2206 1454 2271 Livio
1482 2206 1675 2290 justo
1703 2206 1856 2289 plus
1877 2216 1957 2292 'et
2005 2206 2459 2269 Romanorum
2514 2202 2644 2264 vir·-

452 2309 628 2370 tutes
652 2325 734 2371 ac
763 2329 871 2373 res
894 2311 1146 2392 augeri,
1181 2315 1458 2392 peccata
1485 2328 1567 2374 ac
1590 2309 1823 2375 clades
1853 2310 2153 2373 imminui
2182 2313 2386 2390 atque
2417 2304 2642 2379 celari,

452 2416 521 2473 et
550 2409 860 2490 hostium,
887 2413 957 2476 in
985 2414 1219 2498 primis
1250 2411 1598 2478 Gallorum
1639 2411 2160 2495 Poenorumque,
2210 2425 2429 2474 mores
2459 2407 2645 2490 carpi

454 2517 524 2576 et
546 2533 647 2576 res
678 2514 847 2582 bene
875 2497 1100 2599 gestas
1144 2516 1387 2581 elevari
1415 2535 1433 2596 ;
1476 2515 1780 2600 adeoque
1821 2514 1905 2580 de
1947 2515 2051 2578 his
2080 2514 2276 2595 longe
2307 2510 2491 2576 aliud
2521 2528 2648 2572 nos

445 2614 774 2698 judicium
803 2619 1058 2685 laturos
1087 2639 1264 2699 esse,
1315 2621 1376 2684 si
1425 2619 1735 2685 Gallicos
1783 2619 2217 2701 Punicosque
2261 2615 2648 2679 haberemus

455 2718 833 2799 scriptores,
881 2740 889 2749 ·
924 2722 1067 2786 Fac
1099 2729 1320 2788 autem
1344 2743 1468 2787 eos
1496 2730 1751 2788 extare.
1843 2721 2135 2801 Quinam
2168 2720 2290 2784 tibi
2317 2718 2478 2783 fidei
2509 2716 2652 2798 dig-

457 2817 683 2882 niores
707 2820 1122 2887 viderentur?
1169 2824 1263 2901 hi,
1295 2844 1469 2907 quos
1511 2827 1617 2889 vel
1648 2824 1863 2909 patria
1899 2831 1972 2888 et
2017 2822 2349 2904 ingenium
2380 2837 2650 2901 suspec-

458 2926 571 2986 tos
599 2920 991 2989 redderent?
1039 2942 1125 2988 an
1157 2925 1415 3004 LiviuS,
1459 2927 1736 3011 quinon
1766 2927 1989 2991 minus
2039 2924 2323 2990 candide
2368 2921 2652 3006 popula-

457 3023 628 3088 rium
664 3035 974 3108 peccata,
1004 3030 1169 3094 vitia
1200 3035 1267 3094 et
1289 3028 1517 3094 clades
1547 3030 1807 3106 fatetur,
1836 3029 2043 3114 (quod
2069 3026 2425 3112 permultis
2452 3023 2654 3088 facile

461 3128 790 3211 exemplis
819 3130 1036 3195 evinci
1061 3139 1317 3215 posset,
1346 3132 1406 3196 si
1436 3152 1542 3196 res
1564 3133 1652 3198 iis
1678 3133 2029 3214 indigeret)
2071 3149 2274 3215 quam
2304 3140 2456 3193 vere
2485 3147 2653 3212 praee

462 3228 664 3306 dicat,
697 3231 902 3295 etiam
933 3234 1001 3297 in
1029 3233 1358 3312 hostibuS,
1385 3254 1542 3320 quae
1569 3221 1927 3302 laudanda
1949 3235 2180 3299 erant?
2212 3241 2241 3279 ‘¹
2280 3268 2290 3280 ·

550 3330 786 3396 Livius
816 3353 951 3415 non
985 3336 1201 3400 solum
1231 3337 1409 3403 dixit
1437 3354 1691 3416 verum,
1718 3337 1839 3402 sed
1870 3339 2071 3402 etiam
2094 3335 2430 3423 §praeclare
2455 3333 2654 3409 dixit,

465 3432 613 3497 sive
645 3452 772 3512 reS,
798 3437 942 3500 sive
974 3439 1176 3502 verba
1204 3440 1556 3523 respicias.
1646 3439 1823 3519 Quae
1847 3440 2087 3525 quovis
2113 3457 2289 3504 anno
2319 3438 2388 3502 in
2417 3437 2659 3519 repub·

462 3533 599 3600 lica
620 3534 928 3603 Romana
957 3539 1399 3623 contigerunt,
1430 3547 1749 3607 accurate
1781 3552 1853 3607 et
1880 3540 2130 3620 ordine,
2147 3542 2453 3622 graviora
2483 3539 2658 3623 susc,

464 3636 716 3703 leviora
762 3642 1007 3723 paucis
1056 3645 1377 3728 exposuit
1402 3665 1423 3725 3
1513 3645 1871 3727 regionum,
1928 3644 2343 3727 populorum,
2394 3643 2657 3707 urbium
2749 3680 2762 3689 -

466 3740 763 3806 indolem
793 3762 875 3808 ac
904 3751 1205 3812 naturam
1238 3750 1405 3812 bene
1424 3747 1882 3827 adumbravit3
1928 3746 2261 3810 hominum
2291 3745 2658 3809 celebrium

468 3846 600 3906 non
631 3843 826 3908 modo
854 3864 957 3910 res
999 3849 1172 3913 bene
1213 3858 1326 3916 aut
1353 3851 1525 3915 male
1554 3854 1802 3930 gestaS,
1843 3848 1960 3913 sed
2006 3855 2073 3913 et
2116 3847 2421 3927 virtutes,
2473 3838 2674 3922 vitia,

468 3946 704 4023 vitam,
754 3946 1113 4030 ingenium,
1162 3970 1312 4017 vere
1383 3951 1743 4034 descripsit
1786 3957 1857 4014 et
1900 3949 2194 4032 εει-θεῖος
2260 3967 2398 4031 quo
2454 3947 2663 4013 modo

644 4174 669 4211 1
702 4166 784 4219 ef.
812 4147 1020 4222 Ernesti
1040 4172 1089 4221 in
1112 4176 1389 4222 comment.
1413 4185 1574 4237 supra
1596 4175 1721 4221 nota
1742 4167 1791 4220 Ιι.
1813 4184 1867 4234 p.
1891 4171 1973 4219 21.
1993 4166 2131 4220 laud.
2156 4170 2183 4235 §
2204 4172 2286 4219 33.
2309 4174 2364 4223 et
2385 4168 2468 4215 34.
