3034 4925
1013 406 1160 458 Lm.
1210 408 1323 458 111.
1369 409 1531 459 (ω’.
1574 395 1682 463 36.
2304 405 2436 474 609

324 543 433 609 36.
483 544 613 611 Ille
644 545 802 613 finis
820 546 1055 635 Appio
1081 554 1323 621 alienae·
1343 576 1652 639 personae
1681 558 1968 650 ferendasse
1988 571 2030 598 ¹¹²
2054 562 2200 631 fuit.
2244 633 2248 642 ,
2289 568 2431 635 Suo

206 646 368 730 jam
426 648 583 713 inde
630 651 1172 737 vivere·ingenio
1228 660 1486 742 coepit,
1534 679 1886 746 novosque
1936 667 2231 750 collegas
2280 670 2430 754 jam

222 750 446 831 priuS,
488 771 711 835 quam.
736 753 973 822 inirent
1014 761 1494 843 magistratum,
1547 765 1616 828 in
1656 785 1818 831 suos
1860 788 2081 834 mores
2129 770 2447 864 formare.

228 851 564 931 Quotidie
612 856 887 924 coibant
924 863 1199 928 remotis
1243 865 1552 930 arbitris:
1597 867 1751 934 inde
1801 871 2281 954 impotentibus
2330 878 2429 940 in-

224 958 464 1021 structi
509 960 830 1039 consiliis,
881 982 1036 1047 quae
1083 974 1347 1032 secreto
1375 967 1424 1007 ¹⁸
1469 970 1559 1034 ab
1603 970 1799 1038 aliis¹²
1844 977 2250 1059 coquebant,
2282 978 2428 1062 jam

218 1056 407 1122 haud
442 1060 923 1130 dissimulando
963 1070 1369 1153 superbiam,
1414 1074 1546 1137 rari
1584 1073 1933 1154 aditus,¹⁹⁰
1980 1073 2431 1163 colloquenti-

219 1161 361 1226 bus
405 1163 735 1245 difficiles,
780 1169 864 1232 ad
916 1170 1081 1236 Idus
1127 1172 1353 1240 Maias
1396 1195 1531 1241 rem
1576 1179 1975 1262 perduxere.
2069 1183 2236 1247 Idus
2281 1192 2426 1249 tum

224 1261 441 1330 Maiae
461 1274 489 1315 P
534 1268 838 1335 solennes
883 1272 1187 1341 ineundis
1224 1279 1728 1359 magistratibus
1757 1291 1965 1349 erant.
2056 1283 2268 1352 Initio
2305 1287 2428 1369 igi·

220 1371 338 1432 tur
373 1369 803 1452 magistratus
843 1377 1127 1460 primum
1159 1378 1433 1446 honoris
1466 1381 1647 1448 diem
1679 1385 2178 1452 denuntiatione
2202 1390 2429 1471 ingen-

218 1469 321 1536 tis
357 1474 624 1538 terroris
653 1476 977 1559 insignem
1003 1479 1249 1546 secere.
1338 1483 1523 1550 Nam
1566 1507 1720 1552 cum
1747 1489 1847 1553 ita
1878 1491 2135 1573 priores
2159 1491 2426 1557 decem-

216 1573 358 1638 viri
398 1588 837 1662 serva-isson&⁸
878 1585 955 1646 ut
982 1603 1153 1648 unus
1195 1584 1416 1651 fasces
1447 1587 1747 1677 haberet,
1773 1597 1841 1657 et
1867 1591 2002 1657 hoc
2026 1593 2290 1675 insigne
2319 1615 2428 1659 re-

215 1677 404 1770 gium
425 1686 451 1724 ‘¹
493 1678 564 1743 in
607 1674 869 1761 orbem,
904 1703 1097 1750 suam
1141 1688 1471 1773 cujusque
1534 1692 1775 1770 vicem,
1830 1714 1950 1778 per
1993 1714 2226 1760 omnes
2281 1698 2428 1775 iret,

217 1781 470 1846 subito.
505 1801 741 1848 omnes
786 1780 942 1852 cum
986 1788 1314 1854 duodenis
1362 1790 1666 1858 fascibus
1721 1795 2050 1880 prodiere.
2138 1796 2424 1864 Centum

214 1883 465 1965 viginti
493 1885 757 1952 lictores
784 1886 1000 1955 forum'
1033 1891 1489 1976 impleverant,
1536 1902 1606 1961 et
1643 1896 1940 1963 fascibus
1981 1919 2256 1965 secures
2294 1902 2424 1967 illi-

212 1994 418 2069 gatas
474 1990 947 2071 praeferebant.
1037 1994 1189 2062 Nec
1251 1996 1610 2062 attinuisse
1661 1999 1834 2063 demi
1895 2002 2228 2079 securim,r
2270 2022 2421 2070 cum

285 2159 314 2184 ¹·
350 2154 468 2203 Cum
487 2158 738 2210 decemviri
758 2176 880 2212 anno
899 2162 1141 2227 superiore
1160 2164 1212 2213 id
1232 2164 1285 2213 iu
1306 2179 1395 2214 usu
1416 2165 1706 2217 habuissent.

1111 2343 1112 2350 ,
1136 2323 1499 2349 eoomeoeoeo

285 2440 349 2485 18
385 2437 537 2503 conj.
571 2435 789 2507 Rupert.
820 2444 1138 2496 secreti—19
1169 2445 1292 2498 Vid.
1332 2449 1464 2500 Not.
1500 2446 1726 2500 infe-20
1757 2446 2151 2500 Praeferendum
2198 2449 2417 2514 putabat

1206 2607 1423 2660 NOTAE

210 2712 460 2781 Fabium)
487 2700 633 2781 pene
664 2721 857 2784 ignotis
888 2723 939 2774 in
962 2724 1279 2775 consortium
1356 2726 1457 2775 bus.

209 2792 414 2849 ascitis,
460 2801 621 2846 totam
678 2799 1038 2851 decemviralis
1081 2800 1279 2867 fastigii

205 2875 532 2930 potestatem
555 2874 621 2923 ad
656 2890 712 2927 se
747 2892 902 2927 unum
938 2879 1145 2929 trahere
1168 2887 1276 2930 stu·

211 2943 400 2995 debat.

278 3021 310 3049 ¹*
349 3020 411 3071 A.
437 3025 501 3073 U.
525 3026 585 3075 C.
605 3031 720 3078 308.
744 3030 1051 3080 Decemvir.
1075 3044 1159 3080 sn.
1182 3037 1231 3082 2.

276 3104 313 3131 ¹¹¹
347 3100 532 3150 Almioe
554 3117 769 3166 persone
791 3106 1036 3171 ferendae]
1069 3107 1276 3159 Ailudit

209 3172 278 3222 sd
305 3174 601 3243 histriones,
628 3183 710 3243 qui
735 3181 832 3231 sub
867 3196 1101 3245 persona,
1125 3191 1179 3234 et
1199 3183 1277 3235 fa·

204 3248 291 3297 cie
316 3252 563 3317 ascititia,
594 3257 841 3308 exhibent
882 3274 1055 3324 regum
1079 3275 1274 3312 sermo-

205 3338 304 3374 nes
331 3324 589 3394 factaque,
625 3347 739 3382 cnm
775 3348 958 3386 revera
980 3336 1083 3386 sint
1114 3337 1273 3389 homi·

209 3416 308 3451 nes
327 3403 489 3455 nihili.
1035 3456 1038 3459 .

274 3487 301 3513 ¹¹
336 3481 531 3533 Secreto
562 3485 624 3534 ab
651 3486 785 3551 aliis]
834 3486 879 3537 A
920 3489 1103 3553 quibus
1132 3492 1275 3540 aliis?

205 3556 364 3612 vuit,
406 3560 609 3621 opinor,
654 3561 883 3626 Appium
922 3566 1099 3627 multu,
1135 3580 1275 3615 seor·

203 3633 304 3689 sim
344 3637 641 3701 s.collegiS,
691 3639 894 3702 prioris·
929 3654 1115 3704 nempe
1154 3643 1275 3692 anni

201 3710 535 3777 decemviris,
572 3715 658 3781 qui
694 3723 868 3767 tamen
898 3717 1066 3767 adbuc
1088 3719 1141 3767 in
1164 3733 1273 3769 ma·

200 3786 433 3849 gistratu
456 3805 571 3840 cum
603 3788 667 3841 eo
704 3800 871 3850 erant,
900 3796 1134 3849 molitum
1159 3811 1272 3847 esse

201 3877 324 3914 cum
344 3867 490 3915 novis
508 3869 741 3934 collegis,
758 3885 887 3935 quos
906 3873 958 3922 in
981 3887 1171 3924 sunum
1192 3890 1272 3925 se·

201 3950 452 4005 quentem
478 3943 575 3992 sibi
599 3947 877 3998 asciverat.

266 4026 292 4050 ⁰
325 4018 456 4069 Rari
477 4020 657 4084 adicus]
696 4022 835 4073 Vide
857 4038 978 4075 num
999 4026 1272 4090 scripserit

199 4096 378 4160 potius
417 4097 637 4163 Auctor,
679 4100 784 4149 rari
810 4101 963 4158 aditu,
1003 4110 1063 4152 ut
1098 4104 1266 4153 cobae-

199 4183 317 4222 reat
356 4188 478 4223 cnm·
510 4188 573 4224 eo
606 4178 742 4239 quod
776 4178 1026 4241 sequitur,
1070 4181 1086 4207 ⁸
1108 4181 1264 4230 collo-

200 4250 485 4314 quentibus
509 4249 787 4312 difficiles‚’
811 4257 909 4303 διο.
975 4256 1092 4305 Nisi
1118 4258 1267 4306 maiis

198 4326 439 4377 absolute
477 4342 586 4376 raro
629 4330 783 4394 aditu,
828 4332 910 4381 vel
949 4334 1077 4382 raris
1117 4334 1264 4383 aditi·

1417 2809 1444 2843 P
1478 2801 1598 2851 Idus
1639 2807 1740 2851 tum
1783 2799 1959 2864 Maia]
1996 2800 2061 2850 In
2103 2801 2417 2864 magistran-

1353 2877 1469 2939 bus,
1511 2881 1667 2929 etiam
1704 2878 1999 2938 ordinariis,
2033 2877 2271 2928 ineundis
2315 2893 2417 2928 non

1353 2968 1559 3018 semper
1601 2955 1734 3003 idem
1770 2954 1908 3017 apud
1944 2953 2200 3004 Romanos
2241 2955 2418 3003 obser·-

1355 3039 1528 3079 vatum
1565 3038 1643 3080 est
1676 3040 1896 3094 tempus.

1352 3108 1544 3157 libriss.
1640 3138 1645 3141 Α

1417 3196 1442 3231 ‘1
1474 3187 1586 3238 Hoc
1607 3188 1796 3250 insigne
1816 3189 2026 3255 regium]
2072 3188 2136 3238 In
2173 3203 2282 3252 rep.
2310 3187 2415 3237 Ro·

1963 3030 2101 3079 Vide
2125 3045 2240 3096 cap.
2262 3031 2416 3095 hujus

1352 3278 1503 3313 mans
1529 3265 1799 3314 duodecim
1833 3264 2004 3316 fasces
2042 3267 2318 3329 virgarum,
2341 3267 2416 3314 in·
2500 3294 2504 3298 Δ

1353 3352 1435 3395 tra
1458 3361 1585 3409 quas
1611 3346 1785 3408 ligatae
1820 3360 2028 3395 secures
2064 3355 2258 3407 essent,
2290 3346 2416 3395 nulli

1351 3423 1676 3484 magistratui
1723 3419 1962 3484 praeferri
2012 3421 2246 3470 solebant
2282 3427 2415 3469 'toto

1351 3496 1687 3557 magistratus
1750 3502 2005 3557 tempore,
2069 3505 2413 3559 praeterquam

1350 3569 1612 3621 dictatori.
1634 3570 1704 3618 V.
1729 3569 1762 3618 l.
1785 3582 1846 3617 tt.
1868 3585 1915 3618 c.
1940 3574 2020 3618 55.

1414 3652 1434 3678 Γ
1469 3645 1574 3695 Nec
1587 3644 1844 3699 attinuisse
1855 3645 1979 3694 demi
1996 3644 2170 3708 [domi]
2183 3645 2412 3711 neurim]

1350 3721 1533 3770 videri
1554 3720 1796 3776 volebant
1814 3720 1935 3770 novi
1969 3721 2250 3777 decemviri
2273 3723 2413 3775 domi

1350 3810 1562 3857 secures
1597 3799 1835 3855 [ictorum
1861 3812 1962 3857 non
1988 3797 2286 3864 retinuisse,
2307 3800 2414 3853 dice

1350 3880 1574 3925 tutorum
1611 3874 1921 3934 imitatione,
1957 3881 2012 3924 ut
2046 3875 2298 3938 ejusmodi
2333 3879 2411 3928 in·

1348 3951 1576 4015 signibus
1611 3949 1952 4000 ostenderent
1987 3965 2042 3999 se
2069 3960 2273 4001 creatos
2297 3955 2411 4009 sine

1347 4027 1749 4091 provocatione:
1786 4039 1970 4075 revera
1995 4032 2052 4075 ut
2077 4028 2263 4076 terrori
2284 4030 2409 4080 civi.

1347 4102 1442 4153 bus
1461 4110 1653 4152 essent.
1698 4099 1832 4151 Nam
1858 4101 1986 4150 satis
2014 4116 2250 4166 magnum
2274 4106 2411 4156 inter

1345 4193 1436 4241 eos
1476 4179 1892 4243 dictatoremque
1931 4178 2206 4229 discrimen
2247 4197 2404 4245 apps-

1347 4258 1513 4313 rebst‚
1546 4256 1683 4323 quod
1715 4257 1943 4310 dictator
1965 4259 2075 4310 sine
2098 4261 2300 4324 collega
2323 4277 2405 4329 es-

1347 4342 1447 4385 set.
