3034 4925
1058 412 1200 460 mn.
1245 410 1365 460 ιιι.
1412 410 1576 460 cn.
1616 394 1725 459 50.
2343 394 2474 461 639

292 555 518 622 s‘celus
550 549 690 641 Ap.'
712 553 975 622 Claudii
1014 563 1217 633 esset,
1259 554 1390 621 sibi
1425 541 2062 646 attribuerentz'neu
2093 576 2190 634 se,
2219 561 2294 622 ut
2319 577 2470 641 par-

286 659 571 726 ricidam
599 660 901 738 liberum,
948 667 1418 726 aversarentur.
1506 657 1653 723 Sibi
1683 658 1891 724 vitam
1916 659 2070 725 filiae
2102 678 2226 724 sua
2256 661 2472 724 cario-

285 781 429 825 rem
471 762 702 839 fuisse,
729 763 810 827 'si
850 762 1077 827 liberae
1122 782 1204 828 ac
1250 762 1568 846 pudicae³
1612 747 1839 827 ‘vivere
1876 761 2130 827 licitum
2180 762 2471 827 suisset.r

288 861 485 942 Cum,
514 864 703 928 velut
745 883 1030 942 servam,
1061 866 1148 930 ad
1178 870 1481 948 stuprum
1525 851 1669 949 rapi
1699 862 1972 942 videret,
2002 871 2209 931 morte
2247 864 2469 929 amitti

283 964 525 1029 melius
554 972 791 1042 ratum,
824 985 1024 1049 quam
1066 967 1531 1043 contumelia,4
1567 966 1860 1039 liberos:
1900 967 2350 1033 misericordia
2390 986 2469 1031 se

277 1066 359 1128 'in
385 1068 678 1150 speciem
711 1068 1143 1133 crudelitatis·
1164 1069 1450 1152 lapsum.
1539 1067 1691 1150 Nec
1737 1086 1814 1132 se
1852 1070 2266 1153 superstitem
2303 1067 2468 1133 filiae

281 1161 833 1248 futur-uin'suisse,
864 1163 992 1235 nisi
1029 1190 1216 1255 spem
1248 1171 1653 1236 ulciscendae
1677 1171 1913 1236 mortis
1941 1170 2089 1255 ejus
2112 1171 2180 1235 in
2208 1170 2465 1235 auxilio

286 1272 813 1342 commilitonum
844 1274 1205 1339 habuisset.
1273 1274 1423 1338 Illis
1449 1293 1719 1358 quoque
1744 1275 1921 1339 enim
1944 1272 2144 1349 filias,
2175 1290 2464 1350 sorores,

286 1373 738 1459 conjugesque
767 1383 960 1439 esse.⁵
1049 1376 1201 1442 Nec
1235 1397 1383 1444 cum
1406 1376 1550 1442 filia
1580 1397 1707 1442 sua
1726 1375 2071 1443 libidinem
2094 1373 2233 1458 Ap.
2262 1373 2464 1440 Clau-

284 1474 383 1538 dii
413 1478 767 1541 extinctam
803 1497 997 1558 esse;
1044 1478 1185 1554 sed,
1216 1498 1349 1561 quo
1390 1478 1770 1563 impunitior
1800 1479 1918 1562 sit,
1943 1495 2030 1542 eo
2068 1475 2467 1541 effraenatio-

277 1595 422 1672 rem
453 1578 614 1643 fore.
700 1577 946 1644 Aliena
991 1581 1370 1666 calamitate
1411 1581 1883 1646 documentum
1915 1579 2147 1645 datum
2184 1578 2320 1642 illis
2353 1597 2468 1644 ca·

286 1678 519 1745 vendae
557 1681 798 1745 similis
844 1682 1123 1767 injuriae.
1171 1766 1182 1774 ἱ
1216 1681 1416 1761 Quod
1463 1682 1551 1746 ad
1598 1701 1671 1746 se
1703 1682 2001 1757 attineat,
2031 1697 2304 1745 uxorem
2334 1680 2468 1745 sibi

280 1779 422 1844 fato
451 1788 778 1864 ereptam:
822 1783 1053 1860 filiam,
1083 1785 1242 1868 quia
1276 1804 1408 1848 non
1446 1785 1621 1849 ultra
1661 1783 1914 1867 pudica
1955 1782 2212 1848 victura
2239 1780 2463 1860 fuerit,

278 1882 615 1963 miseram,
662 1886 780 1950 sed
827 1885 1198 1962 honestam,
1241 1884 1570 1950 mortem⁶
1616 1885 2031 1950 occubuisse.
2068 1925 2077 1932 -
2119 1882 2282 1949 Non
2311 1902 2464 1947 esse

247 1984 658 2071 jamAppii
691 1986 963 2051 libidini
1008 1988 1224 2052 locum
1254 1988 1321 2051 in
1351 1987 1552 2053 domo
1586 2005 1733 2050 sua.
1819 1983 1931 2049 Ab
1970 1985 2106 2050 alia
2145 1984 2465 2050 violentia

278 2086 433 2169 ejus
462 2089 700 2152 eodem
733 2110 806 2153 se
836 2090 1058 2153 animo
1089 2109 1277 2154 suum
1325 2108 1571 2173 corpus
1603 2086 2112 2163 vindicaturum,
2144 2104 2284 2170 quo
2318 2084 2461 2150 vin-

273 2188 606 2256 dicaverit
635 2189 814 2267 filiae.
860 2191 1078 2257 Ceteri
1105 2193 1343 2256 sibiae
1372 2191 1597 2256 liberis
1616 2191 1759 2254 suis
1784 2187 2242 2254 consulerent.’
2284 2187 2460 2253 Haec

272 2288 582 2374 Virginio
613 2293 1004 2359 vociferanti
1034 2294 1494 2359 succlamabat
1522 2291 1897 2370 multitudo,
1944 2295 1964 2325 ‘
1988 2308 2112 2355 nec
2141 2289 2320 2355 illius
2343 2288 2460 2354 do·

1183 2494 1304 2515 ‘n‘
1309 2494 1423 2517 eeu
1427 2495 1482 2518 ‘O
1487 2494 1549 2520 Α,

266 2625 358 2676 hic
394 2624 673 2690 desiderat,
712 2634 772 2678 ut
805 2629 892 2692 sit,
920 2631 1134 2680 strictum
1168 2630 1312 2681 etiam
1341 2632 1483 2681 telum
1514 2618 1788 2679 κήαι-3
1821 2625 1839 2655 ⁴
1858 2618 2064 2675 Mallem
2094 2622 2196 2687 legi
2226 2621 2458 2672 hocloco

266 2690 499 2740 cau-iorem
520 2693 745 2751 suturam
774 2694 948 2753 fuisse.
1015 2696 1259 2746 Ceterum
1293 2703 1422 2745 vett.
1458 2695 1582 2744 libb.
1620 2694 1832 2753 habent,
1867 2690 2013 2740 libere
2046 2704 2104 2739 ac
2133 2689 2321 2751 pudice,
2344 2689 2457 2738 sine

268 2754 625 2820 diphthongo)
660 2758 830 2819 Sigon.
854 2760 974 2811 Vid.
996 2758 1370 2811 Not.IVar.-4
1405 2761 1568 2810 Deest
1594 2759 1806 2807 verbum
1834 2757 2009 2818 vivere,
2029 2755 2195 2817 inquit
2213 2752 2267 2802 Si
2306 2766 2459 2802 ou.—

268 2824 303 2868 5
337 2821 353 2847 ‘
372 2820 481 2871 Illis
510 2822 655 2871 eriam
675 2823 831 2887 filias,
864 2839 1061 2880 sorores,
1093 2826 1313 2887 conjuges
1339 2840 1456 2877 esse.
1523 2826 1618 2874 Ro.
1641 2823 1885 2885 Andreae,
1921 2821 2050 2871 Bec.
2083 2820 2231 2881 Mog-
2303 2830 2378 2866 sc.
2400 2823 2458 2867 et

269 2891 483 2941 celem·
520 2887 626 2935 Illis
645 2889 994 2951 quoquefllias.
1058 2891 1341 2953 Gryphins,
1374 2889 1484 2941 Illis
1504 2903 1682 2952 quoque
1701 2888 1860 2936 etiam.
1912 2886 2041 2935 Mss.
2072 2891 2130 2934 et
2163 2883 2454 2943 Campanus

265 2954 327 3024 9¹²
358 2948 562 3027 Juntas,
609 2952 917 3030 Illis-quoque⁸
949 2954 1072 3038 enirn
1089 2955 1258 3019 filias.-
1294 2955 1572 3013 enimenin
1606 2953 1857 3029 calculum
1890 2962 2110 3013 appono.
2178 2947 2453 3011 vulgatum

266 3026 542 3129 'afim
558 3019 1143 3147 ‘zzztmpssassssss‘anss
1163 3019 1797 3149 {15'3’22'33Qii‘532‘1’
1811 3010 2456 3144 ὥῖἷὲῗῖῗωῗέἕίιῖἶῖἰ

1258 3245 1472 3300 NoTAE

262 3353 408 3421 Hinc
425 3356 561 3420 apud
578 3357 849 3422 Virgilium
867 3374 932 3410 ιι.
951 3361 1151 3412 AEneid.
1174 3363 1189 3391 ‘
1207 3368 1317 3412 ten·
1395 3362 1757 3413 desiderabat:
1790 3373 1956 3424 neque
1991 3359 2130 3408 enim
2161 3355 2214 3405 id
2246 3352 2454 3405 volebat

199 3472 206 3477 .
262 3431 493 3499 densque
516 3435 726 3499 supinas
746 3435 831 3486 Ad
856 3437 1040 3487 coelum
1054 3451 1168 3487 eum
1190 3452 1316 3488 voce
1396 3438 1685 3501 Virginius,
1708 3443 1956 3499 praestare
1988 3434 2030 3482 si
2055 3440 2226 3482 morte
2245 3430 2453 3479 amitte·

264 3508 487 3557 manus!
1395 3520 1591 3573 rentur,
1614 3526 1766 3576 quam
1789 3510 1833 3558 si
1855 3508 2170 3558 contumelia
2187 3502 2362 3554 affecti
2380 3504 2451 3552 vi·

263 3611 270 3623 τ
326 3589 347 3615 ¹·
379 3583 442 3634 Si
461 3584 621 3635 liberoe
641 3602 697 3636 ae
730 3587 913 3650 pudicoe
944 3587 1102 3636 vivere
1133 3588 1317 3636 licitum
1394 3593 1610 3637 ver-ent:
1646 3585 1737 3635 sed
1760 3592 2008 3648 praestare
2025 3582 2067 3631 si
2087 3580 2400 3630 avelleretur
2419 3592 2451 3626 s

248 3660 455 3725 suisset]
487 3663 574 3712 Sic
610 3678 733 3714 sane
768 3666 973 3727 melius,
1000 3678 1152 3729 quam
1177 3665 1312 3729 quod
1391 3655 2452 3728 parentibusmorte‚quamservitute,qun

205 3786 216 3791 „
258 3736 502 3800 Sigonius
531 3739 749 3804 profert,
788 3741 930 3791 libere
949 3756 1006 3789 ae
1035 3742 1225 3804 pudice,
1245 3755 1313 3791 ex
1391 3741 1444 3790 in
1485 3739 1698 3788 alterius
1733 3741 2050 3801 potestatem
2084 3745 2174 3781 eos
2208 3743 2312 3778 non
2339 3729 2451 3777 sins

256 3811 408 3863 libris
432 3828 588 3867 manu
606 3817 813 3880 quidem
841 3819 1091 3881 exaratis,
1114 3818 1225 3879 sed,
1254 3825 1314 3868 ut
1392 3814 1706 3866 contumelia
1729 3808 2059 3862 transferret.
2130 3807 2297 3857 Immo
2322 3803 2448 3855 tole·

215 3908 221 3913 ·
258 3886 552 3938 Gronovius
580 3889 818 3955 affirmat,
843 3891 1006 3940 minus
1027 3893 1314 3956 veteribus,
1392 3893 1606 3943 rabilius
1627 3904 1738 3941 esse
1752 3890 1795 3939 si
1806 3887 1962 3938 tiliam
1983 3890 2150 3935 morte
2171 3881 2450 3947 precipiti,

257 3963 347 4026 qui
369 3963 711 4031 diphthongos
747 3968 1051 4031 plerumque
1088 3982 1191 4018 non
1223 3982 1313 4019 ex·
1389 3984 1547 4036 qnam
1568 3970 1610 4019 si
1643 3965 1851 4017 infamia
1879 3963 2050 4027 stupri
2083 3960 2331 4026 pollutam
2359 3973 2448 4022 ps·

254 4039 460 4089 hibent.
1392 4052 1472 4096 ter
1493 4051 1749 4096 cerneret.
1811 4041 1898 4091 Sic
1916 4039 2057 4090 enim
2080 4042 2183 4087 non
2204 4042 2378 4100 potest
2394 4034 2448 4085 in

319 4122 340 4148 ⁸
377 4115 533 4172 Quam
563 4121 859 4178 contumelia,
895 4117 1086 4181 liberos]
1139 4120 1318 4184 Negat
1390 4135 1603 4172 numero
1623 4119 1899 4171 liberorum
1931 4114 2110 4166 baberi
2140 4113 2208 4164 ab
2227 4113 2446 4163 honesto

256 4202 455 4241 summa
499 4208 615 4243 cum
657 4196 856 4247 ratione
895 4197 1188 4249 Gronovius
1222 4198 1309 4248 hie
1393 4203 1632 4261 parente,
1671 4194 1755 4246 eui
1786 4193 1945 4245 bonor
1972 4189 2184 4244 familiae
2222 4189 2331 4241 vits
2361 4201 2447 4238 cs-

257 4267 443 4321 deesse
467 4270 678 4322 verbum
707 4273 881 4338 vivere,
903 4275 1039 4340 quod
1069 4275 1306 4340 Sigonius
1390 4272 1511 4324 rior.
1614 4316 1617 4321 .
