3034 4925
573 327 703 435 2150

575 554 776 620 quam
814 530 1084 597 fefellit:
1112 531 1159 563 ¹¹
1177 536 1204 576 ‘¹
1247 531 1322 592 ut
1366 524 1563 598 facile
1593 524 1970 612 appareret,
2003 517 2291 585 ducibus
2323 513 2765 592 validiorem:

575 658 773 723 quam
804 635 1125 711 exercitu,
1183 651 1317 696 rem
1350 629 1735 695 Romanam
1782 645 1953 691 esse.
2037 622 2342 688 Circeios
2366 618 2767 704 profectus,⁸

573 742 854 826 primum
886 736 1161 803 colonos
1208 732 1364 798 inde
1395 730 1744 796 Romanos
1788 726 2105 813 expulit,t
2141 726 2561 806 liberamque
2622 738 2768 784 eam

574 844 801 907 urbem
829 838 1096 905 Volscis
1121 835 1409 901 tradidit.
1497 830 1691 911 Inde,
1720 832 1791 895 in
1816 830 2127 896 Latinam
2163 827 2393 894 viam¹¹
2437 834 2768 889 transver-

576 946 674 1010 sis
715 942 1085 1010 tramitibus
1103 948 1131 976 ²‘
1172 944 1649 1021 transgressuS,
1702 933 2092 1011 Satricum,ly
2154 928 2586 1013 Longulam,²3
2642 923 2768 989 Po·

1520 378 1590 426 T.
1638 375 1833 426 mvn

1509 1081 1880 1105 “emove“

641 1129 701 1227 ll
738 1175 755 1206 ‘
775 1176 928 1233 Quem
961 1188 1064 1239 spes
1097 1185 1386 1238 nequaquam
1404 1169 1605 1231 fefellit.
1642 1168 1768 1218 Vet.
1809 1166 1895 1217 lib.
1957 1166 2078 1222 Quoe
2109 1178 2218 1229 spes
2246 1172 2536 1226 nequaquam
2560 1154 2768 1217 stftlfflt

1560 1316 1776 1371 NOTAE

637 1433 663 1469 ιι
699 1425 855 1481 Quam
874 1434 1001 1487 spem
1019 1417 1524 1485 nequaquamsqfellit]
1555 1417 1635 1467 Si·
1708 1412 2019 1480 scriberent,
2041 1407 2382 1475 propriosque
2394 1403 2558 1454 duces
2571 1400 2624 1451 ei
2647 1414 2768 1465 pra·

574 1502 755 1565 gonius
791 1512 858 1549 ex
893 1498 1063 1547 veteri
1107 1497 1238 1546 libro
1282 1497 1488 1559 probat,
1532 1510 1637 1559 ⁴1¹¹oe
1708 1490 1947 1552 ficei-ent,
1982 1485 2120 1555 quod
2158 1483 2370 1534 foederis
2405 1479 2612 1545 legibus
2645 1476 2768 1527 veti·

573 1592 680 1641 spes
697 1573 1194 1640 nequaquuqufellit.
1252 1572 1545 1623 Gronovius
1569 1586 1635 1621 ex
1710 1574 1819 1618 tum
1843 1565 2034 1617 fuerat.

575 1653 872 1704 melioribus
892 1651 1038 1700 libris
1052 1651 1244 1700 retinet
1260 1651 1514 1713 vulgatam
1534 1650 1636 1699 lec·
1773 1652 1800 1678 ¹
1837 1640 2164 1694 Transversis-
2189 1634 2487 1699 tramitibus]
2550 1630 2619 1684 ld
2674 1634 2769 1690 est,

574 1730 790 1785 tionem.
810 1726 1084 1791 firmatque
1107 1726 1359 1790 exemplis
1382 1740 1446 1776 ex
1469 1726 1505 1779 J
1510 1726 1637 1777 usti·
1712 1720 1844 1770 viam
1868 1721 2106 1771 Latinam
2141 1716 2333 1780 saepius
2367 1706 2701 1775 trajiciendo,
2721 1710 2772 1753 et

574 1818 642 1855 no
664 1805 752 1855 lib.
778 1817 838 1854 n.
863 1809 918 1851 et
949 1808 1161 1852 auctore
1198 1802 1263 1851 de
1301 1803 1442 1852 bello
1476 1800 1635 1852 Alex·
1709 1799 1905 1864 oppida
1941 1798 2132 1861 partim
2158 1795 2253 1844 viae
2284 1791 2399 1841 fere
2435 1785 2771 1843 imminentia,

577 1882 798 1933 andrino
831 1879 1044 1944 petitis3
1098 1879 1185 1943 qui
1226 1879 1508 1944 ‘judicium
1530 1879 1543 1900 '
1578 1885 1637 1929 et
1709 1882 1769 1925 ut
1806 1875 2118 1945 Corbionem
2162 1877 2216 1922 et
2248 1866 2537 1927 Vitelliam,
2587 1861 2771 1927 partim

577 1960 900 2025 ‘opinionem
924 1972 1024 2009 non
1046 1956 1225 2009 fallere
1243 1958 1258 1980 ’
1276 1958 1456 2009 eodem
1479 1971 1636 2009 sensu

577 2046 852 2103 usurpant.

639 2121 661 2148 ¹·
692 2115 904 2165 Ducibus
922 2114 1221 2178 validiorem]
1265 2114 1421 2165 Tanti
1443 2119 1526 2164 est
1547 2127 1636 2163 ex·

574 2190 769 2241 ercitus
806 2193 984 2257 quanti
1015 2192 1317 2255 imperator,
1352 2198 1411 2240 ut
1451 2190 1637 2240 Florus

576 2268 652 2317 ait
688 2268 776 2317 lib.
806 2281 869 2318 11.
909 2282 957 2317 c.
982 2271 1063 2317 18.
1101 2282 1218 2316 nam
1251 2266 1487 2316 militaris
1526 2265 1646 2318 sine

576 2346 711 2396 duce
747 2344 900 2396 turba
938 2359 1124 2409 corpus
1167 2351 1248 2394 est
1289 2344 1411 2404 sine,
1433 2343 1639 2407 spiritu,

577 2423 716 2490 apud
740 2423 995 2487 Curtium,
1018 2422 1108 2475 lib.
1132 2435 1186 2472 x·
1288 2416 1298 2424 ”

640 2508 660 2533 ·
679 2501 887 2550 Circeios
899 2499 1158 2565 profectus]
1188 2499 1268 2548 De
1284 2497 1498 2549 Circeiis
1517 2495 1637 2547 vide

579 2591 694 2643 quae
716 2576 808 2627 lib.
832 2593 873 2627 1.
891 2592 1007 2641 cap.
1031 2581 1112 2626 56.
1127 2577 1270 2626 dicta
1292 2582 1433 2625 sunt.

641 2654 659 2686 t
694 2654 889 2703 Gelonos
908 2653 1019 2703 iude
1040 2653 1273 2703 Romanos
1293 2650 1502 2716 expulit]
1526 2649 1639 2701 Cir·

466 2736 471 2737 ⁷
581 2730 721 2786 ocios
761 2730 1012 2782 coloniam
1049 2730 1188 2781 circa
1226 2744 1308 2779 an.
1346 2728 1413 2778 U.
1440 2728 1501 2778 C.
1526 2732 1641 2779 ²35.

579 2809 859 2860 deductam
881 2820 912 2858 a
944 2807 1228 2873 Tarquinio
1262 2803 1499 2870 Superbo
1521 2819 1640 2856 con-

579 2893 687 2938 stat
707 2901 774 2936 ex
803 2885 945 2936 Livio
956 2885 1066 2949 jam
1090 2884 1319 2946 laudato,
1353 2891 1408 2933 et
1439 2883 1641 2945 Diony-

581 2964 658 3014 sio
678 2963 768 3014 lib.
791 2978 867 3014 lv.
889 2965 974 3029 qui
999 2964 1089 3013 lib.
1113 2977 1236 3015 vm.
1264 2968 1442 3013 narrat
1470 2976 1502 3011 a
1528 2961 1641 3012 Cir-

583 3040 894 3111 ceiensibus,
933 3054 1073 3089 nunc
1098 3046 1202 3089 tam
1233 3039 1480 3090 Romanis
1503 3038 1641 3089 colo·

580 3115 678 3178 nis,
699 3131 847 3181 quam
870 3117 1122 3179 indigenis
1155 3116 1372 3177 civibus,
1404 3115 1637 3164 deditum

582 3193 760 3243 statim
799 3193 1083 3257 oppidum;
1138 3194 1292 3259 eique
1340 3192 1638 3255 impositum

565 3269 843 3329 ,modicum
882 3269 1197 3334 praesidium,
1238 3269 1492 3333 imperato
1534 3265 1640 3317 fru-

580 3354 773 3396 mento.
1361 3358 1371 3367 “

645 3431 672 3456 “
705 3423 766 3472 Ia
805 3421 1028 3473 Latinam
1061 3420 1213 3486 eiam]
1253 3421 1354 3470 Via
1387 3421 1573 3472 Latina
1610 3435 1642 3470 a

581 3506 736 3563 porta
758 3498 991 3562 ejusdem
1025 3498 1244 3548 nominis
1279 3511 1374 3564 per
1409 3505 1640 3548 montem

582 3575 954 3637 Tusculanum,
1013 3583 1069 3625 et
1122 3574 1387 3639 Algidum,
1441 3589 1639 3641 perque

582 3653 889 3704 Volscorum
923 3661 980 3703 et
1016 3653 1359 3703 Hernicorum
1382 3650 1532 3714 fines,
1552 3652 1640 3701 Bi·

581 3730 721 3785 vium
743 3745 952 3794 nempe,
971 3727 1272 3794 Anagniam,
1286 3730 1640 3792 Ferentinum,

583 3802 942 3872 Frusinonem‚
966 3806 1344 3868 Fabrateriam,
1356 3804 1638 3870 Aquinum,

583 3881 954 3944 Interamnam,
982 3882 1106 3931 inde
1127 3883 1177 3930 in
1202 3874 1539 3944 Campaniam
1560 3887 1640 3930 at·

583 3968 687 4022 que
710 3958 847 4006 ultra
868 3957 1150 4008 tendebatz
1184 3963 1243 4007 ut
1265 3972 1329 4007 ex
1353 3957 1528 4008 Strab.
1551 3957 1641 4007 lib.

584 4038 639 4082 v.
657 4040 711 4082 et
734 4032 1020 4084 uiuet-ariis
1041 4034 1324 4098 colligitur.
1357 4033 1508 4100 Inter
1527 4034 1639 4084 haec

584 4108 887 4159 Latinorum
933 4110 1116 4173 legatis
1157 4110 1405 4161 auxilium
1458 4111 1640 4174 implo-

584 4183 838 4247 rantibus,
859 4199 1160 4248 responsum
1179 4185 1232 4236 id
1256 4186 1388 4237 mitti
1407 4200 1506 4237 nou
1528 4199 1641 4251 pos-

585 4276 644 4312 se
662 4278 679 4325 3
703 4261 1108 4329 permissumque
1126 4271 1186 4314 ut
1202 4263 1494 4316 exercitum
1515 4270 1640 4317 eon-

1711 1950 1778 2001 ιὰ
1804 1947 1985 2000 laevarn
2010 1950 2175 1999 Roma
2196 1944 2441 1997 euntibus
2458 1941 2585 1997 sita,
2602 1946 2661 1989 ut
2677 1938 2773 1987 ΙΛ-

1706 2027 1850 2078 bicos
1874 2035 1929 2077 et
1953 2027 2177 2087 Pedum,
2199 2022 2390 2088 partim
2417 2017 2483 2068 ad
2516 2016 2777 2077 dextram,

1711 2112 1771 2155 ut
1794 2104 2027 2154 Bovillas
2066 2118 2184 2169 quae
2218 2099 2285 2150 ad
2318 2096 2571 2161 Appiam,
2603 2091 2661 2143 et
2682 2093 2774 2142 La-

1710 2180 1899 2230 vinium
1936 2178 2073 2246 quod
2105 2174 2241 2227 haud
2280 2173 2462 2239 procul
2496 2169 2653 2230 mari,
2691 2182 2778 2230 sg-

1710 2256 2010 2322 grediendo.
2062 2254 2166 2304 Vix
2188 2252 2325 2303 enim
2349 2250 2508 2299 ullum
2534 2244 2778 2309 adipum

1710 2334 1848 2383 viam
1873 2334 2115 2383 Latinam
2139 2329 2283 2394 cepit
2305 2325 2636 2376 Coriolanus.
2685 2322 2780 2371 ce·

1710 2415 1878 2462 terum
1933 2411 2104 2476 ne'que
2150 2412 2273 2473 post
2316 2409 2502 2468 captos
2550 2395 2782 2451 Circeios

1711 2503 1832 2539 mox
1853 2488 1989 2538 viam
2024 2487 2269 2537 Latinam
2301 2489 2662 2545 transgressus
2683 2484 2782 2539 est,

1712 2565 1756 2615 si
1778 2580 1895 2631 quae
1914 2562 2149 2628 proxime
2172 2566 2460 2625 sequuntur
2479 2569 2548 2605 eo
2568 2553 2785 2604 adortus

1712 2650 1798 2693 est
1818 2641 2002 2692 ordine
2026 2653 2126 2705 quo
2164 2638 2362 2689 Noster
2394 2639 2694 2693 memorat;
2725 2644 2785 2680 ae

1712 2735 1812 2772 nee
1847 2719 1914 2771 ad
1935 2732 2050 2768 eam
2083 2714 2293 2783 quidem
2328 2711 2505 2762 statim
2540 2708 2786 2759 accessit.

1714 2797 1849 2848 Nam
1882 2794 2143 2846 Satricum
2179 2791 2334 2854 eique
2358 2783 2691 2852 proximat»
2727 2788 2788 2835 es

1713 2875 1796 2926 via
1820 2887 1999 2924 versus
2021 2873 2259 2922 dextram
2274 2867 2433 2931 longe
2453 2865 2700 2914 aberant.

1777 2960 1802 2997 1
1838 2946 2105 3010 Satricum]
2140 2946 2451 2996 Volscorum
2483 2941 2543 2991 iu
2587 2938 2790 2990 veteri·

1715 3028 1854 3080 Latii
1877 3025 2104 3079 confinio
2136 3021 2243 3073 fuit
2271 3018 2548 3085 oppidum,
2568 3015 2790 3065 Velitris

1717 3113 1775 3157 et
1792 3104 2022 3156 Lanuvio
2037 3102 2351 3168 proximum,
2366 3097 2418 3145 in
2434 3108 2562 3159 agro
2581 3092 2791 3143 Pomti-

1718 3198 1806 3233 no.
1870 3182 2001 3246 EJus
2038 3176 2275 3229 meminit
2312 3175 2510 3226 Noster
2542 3184 2654 3220 nen
2689 3184 2793 3219 uno

1719 3261 1871 3311 loco:
1922 3256 2062 3321 apud
2105 3252 2361 3305 Velleiurn
2395 3257 2454 3300 et
2484 3245 2793 3298 Diodoru-

1720 3353 1820 3403 pro
1843 3336 2047 3388 Satrico
2070 3335 2085 3362 ‘
2102 3332 2336 3382 Sutrium
2353 3325 2606 3390 uegit-nr,
2631 3323 2798 3373 nale.

1723 3416 1820 3466 Est
1838 3415 1971 3464 enim
1994 3410 2219 3463 Sutrium
2238 3405 2464 3457 Etruria
2487 3401 2615 3452 urbs
2639 3402 2719 3451 ad
2737 3415 2799 3451 ea

1720 3493 1787 3543 de
1809 3492 1993 3559 quibus
2023 3489 2097 3539 ibi
2118 3487 2294 3552 agitur
2313 3493 2644 3548 nequaquam
2673 3491 2801 3543 per-

1720 3569 1905 3620 tinens.
1966 3562 2131 3616 Simili
2153 3575 2330 3611 errore
2353 3558 2578 3609 sattim
2598 3562 2669 3606 et
2701 3556 2806 3606 Sa·

1720 3644 1933 3709 triarios,
1967 3656 2064 3709 pro
2105 3639 2313 3691 Satrico
2344 3636 2431 3686 vel
2470 3631 2695 3684 Satric-
2748 3637 2802 3682 et

1718 3719 2022 3784 Satricanis,
2055 3717 2214 3769 habet
2254 3710 2509 3778 Stephani
2529 3709 2802 3774 epitom·

1716 3807 1817 3854 tor.

1785 3886 1806 3911 ¹
1836 3868 2128 3936 Longulam]
2162 3870 2250 3919 De
2269 3867 2351 3916 liis
2375 3881 2421 3915 c.
2444 3868 2528 3915 88.
2592 3862 2670 3913 In
2711 3864 2801 3913 hs·

1719 3969 1833 4004 rum
1851 3952 2137 4003 civitatum,
2155 3944 2418 4009 totiusque
2437 3938 2562 3989 belli
2578 3938 2803 3999 ordine,

1703 4029 1901 4079 'Livius
1915 4041 1945 4076 a
1959 4020 2215 4086 Dionysio,
2225 4021 2380 4083 longe
2391 4016 2643 4067 diver-ua
2663 4016 2800 4066 abit.

1722 4105 1960 4169 Longula
1980 4098 2257 4151 Polustrioe
2291 4090 2530 4158 proxima
2550 4089 2696 4155 fnit,
2721 4089 2802 4140 vel

1723 4183 1896 4249 potius
1917 4178 2100 4231 eadem
2132 4187 2248 4226 cum
2272 4168 2542 4222 Polustria
2564 4168 2804 4220 xii-ebe·

1723 4275 1813 4323 ro;
1869 4258 1961 4326 qui
2000 4267 2066 4306 ex
2109 4251 2264 4317 hujus
2307 4246 2471 4298 ruinis
2513 4244 2799 4297 condit-n
