3034 4925
1158 426 1675 478 uouuumiu.
2005 439 2012 444 ·
2423 415 2511 481 67

299 599 451 641 mar.
478 587 827 641 omanorum
852 579 1044 644 suebo
1075 579 1105 638 f
1265 614 1287 626 -
1450 600 1557 639 rex
1583 578 1940 641 Parthorum
1986 580 2262 657 Phrates,
2289 583 2512 648 Orodis

299 678 479 753 filius,
506 678 662 740 filios
691 698 835 741 suos
861 685 1214 761 nepotesque
1240 681 1411 740 misit
1428 678 1495 742 in
1532 678 1818 752 ltaliauss
1838 697 1959 741 non
1988 679 2143 742 bello
2173 693 2516 764 superatus,

298 777 415 839 sed
456 777 775 840 amicitiam
829 786 1096 857 nostram
1143 798 1246 859 per
1273 780 1402 842 laaeo
1438 797 1680 844 auorum
1721 779 1975 864 pignora
2002 787 2236 860 petens.
2313 782 2511 846 Plini,-

299 896 538 958 moeque
586 877 723 938 aliae
764 886 1294 958 mtesaexpertae
1321 887 1464 939 sunt
1501 878 2045 943 Rmnumfidem
2092 897 2186 940 me
2210 879 2516 962 Principe,

294 975 522 1056 quibus
550 985 728 1040 antea
751 997 893 1039 ciam·
915 976 1143 1058 populo
1173 977 1450 1040 Romano
1476 977 1714 1038 nullum
1736 977 2119 1059 omninosns‘t
2141 979 2514 1060 legationum

295 1086 360 1135 et
391 1075 672 1137 amicitiae
699 1075 1147 1137 commercium.

379 1175 438 1233 A
465 1193 562 1235 me
590 1184 800 1256 gentes
825 1174 1180 1235 Parthorum
1210 1182 1269 1238 et
1306 1172 1672 1260 Medorum·
1704 1176 2016 1255 petierunt
2053 1194 2168 1255 per
2211 1174 2510 1258 principes

296 1291 506 1332 earum
534 1274 799 1354 gentium
827 1292 1119 1354 regesque
1158 1293 1266 1355 per
1300 1292 1403 1336 eos
1434 1284 1795 1353 acceperunt
1823 1273 2045 1334 Parthi
2080 1273 2391 1349 Vononem,
2416 1297 2511 1336 re-

284 1372 398 1450 gis
419 1370 678 1432 Plu-atis
708 1372 911 1446 filium,
943 1371 1100 1453 regis
1132 1371 1351 1433 Orodis
1381 1381 1699 1452 nepotem;
1733 1370 1901 1432 Medi
1932 1372 2304 1436 Artabanum
2373 1409 2398 1421 -

297 1468 456 1549 regis
491 1469 841 1531 Artavasdis
863 1459 1069 1544 filium,
1096 1470 1256 1551 regis
1286 1470 1702 1531 Ariobarzanis
1727 1478 1993 1552 nepotem

380 1568 452 1626 In
482 1568 800 1630 consulatu
841 1579 1010 1630 sexto
1054 1577 1118 1629 et
1157 1568 1449 1649 septim0,¹
1486 1576 1801 1650 postquam
1832 1567 1986 1631 bella
2014 1571 2217 1633 civilia
2244 1570 2510 1633 extinxe-

296 1684 447 1739 ram,
477 1686 584 1748 per
608 1687 967 1728 consensum
995 1667 1400 1729 universorum
1426 1668 1831 1730 Romanorum
1852 1668 2062 1728 civium
2086 1669 2513 1750 rempublicam

293 1783 372 1823 ex
394 1784 531 1826 mea
557 1775 853 1846 potestate
881 1766 940 1826 in
971 1767 1229 1828 Senatus
1254 1774 1315 1827 et
1332 1766 1554 1847 populi
1588 1767 1850 1829 Romani
1885 1765 2187 1827 arbitrium
2213 1767 2513 1830 transtuli.

298 1861 436 1931 Quo
485 1883 591 1942 pro
619 1865 826 1925 merito
865 1884 998 1926 meo
1027 1865 1392 1926 Senatmme
1418 1865 1747 1946 appellavit
1772 1859 2179 1947 Angustum,¹³
2207 1876 2269 1927 et
2295 1865 2512 1926 laureis

295 1972 502 2042 postes
528 1962 748 2023 oedium
770 1982 1032 2025 mearum
1063 1966 1262 2025 vinxit
1424 1999 1451 2010 -
1617 1964 1692 2024 ivi
1720 1983 1864 2024 casu
1988 1998 2014 2009 -
2137 1984 2165 2023 r

285 2057 540 2138 januam
570 2080 761 2122 meam
789 2071 854 2122 et
875 2082 997 2142 qua
1160 2097 1185 2108 -
1348 2072 1404 2123 st
1524 2098 1551 2109 -
1716 2095 1744 2108 ·
1895 2082 1923 2121 r
1951 2062 2010 2122 in
2042 2061 2165 2123 ulia
2190 2063 2324 2143 posi

295 2192 324 2203 -
492 2193 519 2204 -
684 2181 756 2220 us
812 2181 991 2242 quem
1156 2195 1181 2207 —
1345 2180 1414 2222 sc
1577 2195 1605 2206 -
1771 2182 1801 2221 r
1963 2195 1990 2208 -
2154 2182 2212 2221 m
2261 2171 2323 2222 et

294 2291 323 2306 .-
491 2257 723 2320 virtutis
750 2256 845 2319 cle
968 2292 994 2306 -
1119 2293 1144 2304 ·
1268 2268 1361 2320 est
1389 2280 1428 2339 p
1551 2294 1580 2305 ·
1704 2278 1775 2321 us
1800 2259 1995 2340 clupei
2102 2293 2130 2304 -

298 2366 437 2436 post
472 2356 479 2364 ’
562 2391 586 2403 -
700 2358 741 2417 d
842 2392 869 2404 -
969 2393 995 2404 -
1119 2356 1201 2417 ilo
1233 2357 1453 2439 amplio
1479 2357 1503 2376 ⁸
1578 2392 1604 2403 -
1727 2392 1751 2403 -
1876 2358 2012 2418 coni
2039 2376 2113 2419 eo

295 2466 633 2537 susceptum
650 2478 688 2518 a
713 2478 801 2518 me
831 2456 1063 2541 tertium
1096 2455 1395 2519 decimum
1423 2455 1773 2518 consulatus
1800 2460 2248 2538 magistratum.
2333 2454 2511 2517 Sena-

297 2563 398 2615 tus
435 2563 500 2616 et
542 2565 804 2636 equester
831 2555 979 2617 ordo
1005 2556 1371 2638 populusque
1417 2557 1732 2616 Romanus
1772 2555 2085 2616 universus
2105 2553 2516 2634 prodiderunt

301 2654 641 2724 memoriae;
688 2652 868 2736 idque
899 2654 958 2714 in
987 2654 1282 2717 vestibulo
1327 2653 1564 2714 aedium
1610 2671 1872 2713 mearum
1901 2652 2347 2714 inscribendum
2370 2656 2513 2733 jus-

295 2763 507 2814 serunt
548 2762 607 2815 et
639 2753 697 2813 in
738 2754 866 2815 foro
896 2755 1170 2835 Augusto
1196 2753 1306 2814 sub
1339 2751 1692 2834 quadrigas,
1721 2771 1858 2832 quae
1887 2750 2026 2811 mihi
2068 2772 2137 2811 ex
2167 2752 2230 2812 S.
2251 2750 2324 2810 C.
2357 2751 2515 2832 posi-

300 2859 383 2912 tae
409 2861 576 2914 sunt.
662 2852 889 2932 Scripsi
932 2853 1082 2925 Itaec,
1112 2872 1242 2913 cum
1282 2873 1504 2913 annum
1546 2869 1783 2931 agerem
1826 2850 2361 2931 septuagensimum
2388 2870 2514 2910 sex-

298 2943 466 3011 tum)
512 2938 517 2943 ’

377 3050 628 3108 Summa
648 3047 941 3130 pecuniae,
970 3068 1147 3129 quam
1181 3048 1350 3109 dedit
1368 3058 1403 3084 ¹·
1550 3083 1576 3097 ·-
1742 3083 1767 3097 -
1932 3086 1961 3095 -
2127 3046 2208 3106 sis
2233 3045 2514 3107 militibus

303 3146 698 3207 necessarium
1057 3181 1082 3192 -
1251 3182 1275 3193 -

380 3245 584 3325 Opera
611 3245 754 3305 fecit
778 3264 970 3305 nova:
1016 3244 1208 3307 oedem
1246 3245 1458 3305 Matris
1487 3244 1735 3324 Magnas
1761 3243 1898 3304 Divi
1919 3245 1955 3303 J
1965 3243 2079 3316 ull,
2110 3242 2365 3318 Quirini,
2397 3241 2513 3302 Mi·

290 3363 513 3405 nervae
676 3378 701 3389 ·
866 3379 893 3389 ·
1061 3344 1300 3417 Larum,
1349 3343 1545 3404 Deum
1596 3341 1933 3415 Penatium,
1980 3343 2326 3402 Juventatis

495 3441 591 3501 Ad
625 3442 864 3503 Circum
905 3442 1147 3504 Curiam
1197 3462 1334 3503 cum
1363 3440 1713 3504 Chalcidico
1878 3476 1903 3490 ·-
2068 3440 2314 3512 Juliam,
2353 3439 2515 3499 thea-

366 3652 393 3689 8
416 3645 502 3695 ef.
521 3644 698 3695 strab.
719 3659 797 3695 vr.
813 3660 864 3709 p.
881 3648 997 3696 288.
1015 3646 1181 3712 (441.)
1216 3646 1366 3696 Idem
1450 3644 1513 3695 ad
1538 3645 1651 3695 Liv.
1690 3644 1833 3719 Epi}
1858 3646 1971 3693 134.
2002 3642 2148 3691 Suet.
2171 3657 2218 3692 c.
2241 3646 2291 3690 7.
2323 3641 2515 3694 Censo-

304 3720 436 3774 filios
461 3722 721 3788 Phraatis,
742 3721 1206 3787 (Sarsspadanem,
1231 3724 1370 3773 Rho·
1450 3724 1552 3773 rin.
1572 3738 1688 3787 cap.
1711 3727 1793 3775 21.
1817 3726 1899 3772 22.
1950 3720 2052 3770 Dio
2076 3734 2197 3771 uu.
2223 3724 2304 3770 16.
2340 3719 2517 3787 ibique

305 3798 541 3865 daspem,
561 3800 829 3850 Phraaten
852 3806 908 3850 et
919 3800 1241 3865 Vononem,)
1277 3801 1370 3851 sed
1451 3800 1660 3853 Fabric.

304 3884 571 3944 corrupte,
594 3878 826 3928 nominat
857 3878 944 3928 lib.
964 3892 1087 3932 xvr.
1112 3894 1233 3944 pag.
1255 3882 1370 3929 748.
1517 3879 1531 3912 ¹
1560 3878 1625 3929 A.
1646 3880 1712 3930 U.
1734 3884 1849 3929 765.
1864 3892 1964 3943 quo
1983 3884 2037 3927 et
2051 3875 2204 3940 obiit,
2220 3875 2341 3927 Sex.
2361 3877 2517 3927 Pom-

301 3953 503 4021 (1085.)
528 3954 594 4006 V.
615 3955 678 4005 ad
700 3954 828 4006 Tac.
847 3955 986 4006 Ann.
1018 3969 1083 4006 ιι.
1105 3958 1153 4006 1.
1171 3960 1221 4005 2.
1451 3957 1573 4021 peio
1597 3965 1651 4007 et
1672 3957 1797 4006 Sex.
1822 3954 2050 4019 Apuleio
2085 3968 2215 4004 coss.
2240 3968 2370 4019 quos
2402 3952 2517 4018 ipsc

365 4032 391 4066 ¹¹
412 4033 500 4083 De
519 4032 722 4084 Parthis
740 4047 788 4083 v.
806 4033 930 4082 Tac.
950 4034 986 4082 1.
1008 4033 1043 4083 l.
1096 4033 1183 4082 De
1205 4032 1372 4083 Medis
1449 4047 1608 4097 supra
1632 4032 1937 4083 memoravit
1958 4032 2010 4081 in
2029 4030 2136 4081 tab.
2158 4034 2208 4081 2.
2230 4046 2261 4080 a
2282 4031 2432 4081 laeva.

304 4109 413 4160 baec
434 4126 537 4160 non
559 4111 735 4175 legere
749 4109 976 4161 memini.
1514 4117 1553 4142 ¹¹¹
1577 4108 1705 4158 Haec
1727 4108 1899 4158 omnia
1918 4116 2039 4161 sunt
2062 4108 2129 4157 ab
2153 4109 2321 4158 aliens
2345 4122 2523 4167 manu,

364 4189 380 4222 ¹
413 4188 497 4241 Cf.
519 4189 627 4240 Dio
646 4202 770 4243 un.
791 4193 844 4238 2.
865 4203 944 4252 sq.
977 4196 1033 4239 et
1068 4187 1133 4238 de
1158 4188 1367 4253 provin·
1447 4186 1630 4237 nescio
1648 4201 1770 4251 qua,
1789 4185 2017 4253 adjecta,
2040 4187 2383 4252 repetitiones
2407 4185 2517 4237 fere

306 4264 496 4315 ciarum
522 4267 807 4332 partitione
833 4265 1010 4317 Strab.
1037 4280 1139 4316 vn.
1162 4272 1300 4315 extr.
1448 4277 1649 4325 eornm,
1683 4277 1797 4326 quae
1832 4261 2104 4328 Augustus
2142 4277 2300 4329 supra
2327 4277 2518 4313 memo.

365 4339 391 4375 ¹⁵
425 4342 491 4393 Α.
513 4345 580 4395 U.
600 4348 716 4397 725.
737 4343 792 4393 in
814 4357 915 4394 vn.
941 4343 1229 4395 consulatu.
1280 4340 1367 4392 Cf.
1448 4340 1540 4391 rioe
1567 4337 1814 4405 prodidit.
