3034 4925
526 346 662 413 542
1471 359 1543 409 τ.
1590 290 1785 408 mvii

529 511 807 594 repente
860 506 1057 592 legati
1105 503 1387 570 Herniei
1433 506 1755 585 nuntiant,
1787 505 1859 570 in
1908 526 2069 590 agro
2107 526 2240 574 suo
2271 506 2541 595 AEquos
2569 507 2740 575 Vol-

532 633 819 697 scosque
865 612 1233 698 conjunctis
1277 610 1495 694 copiis
1541 615 1761 676 caetra
1796 613 2129 694 posuisse.
2220 600 2386 677 Inde
2427 614 2747 678 exercitu·

530 718 822 800 ingenti4
865 717 1036 790 fines
1079 734 1240 780 suos
1281 714 1707 800 depopulari.
1811 715 2264 800 Praeterquam
2312 716 2500 800 quod
2547 716 2743 780 infre-

534 839 748 903 quens
777 826 1050 883 senatus
1081 818 1330 884 indicio
1372 824 1514 882 erat
1545 817 1773 896 sooiiS‚
1803 818 2117 883 afflictam
2149 819 2506 883 civitatem
2534 820 2745 901 pesti-

532 922 740 987 lentia
770 941 941 1000 esse,
973 931 1286 986 moestum
1331 924 1537 987 etiam
1581 940 1984 1006 responsum
2031 922 2276 986 tulere:
2325 927 2348 955 ‘
2384 921 2486 986 Ut
2516 942 2643 1005 per
2672 942 2744 984 se

530 1024 665 1107 ipsi
703 1023 989 1089 Hernici
1020 1044 1175 1089 oum
1205 1025 1467 1090 Latinis
1498 1044 1602 1094 res
1633 1044 1792 1089 suas
1820 1029 2204 1090 tutarentur.
2294 1023 2554 1090 Urbem
2614 1024 2749 1088 Ro-

531 1145 793 1192 manam
840 1127 1069 1193 subita
1114 1128 1339 1193 Deum
1385 1130 1486 1193 ira
1539 1129 1772 1194 morbo
1819 1123 2179 1212 populari-¹
2271 1127 2348 1191 Si
2400 1147 2542 1210 qua
2594 1129 2747 1212 ejus

503 1229 691 1320 ‘mali
743 1229 941 1313 quies
992 1229 1239 1309 veniat,
1284 1237 1360 1296 ut
1409 1250 1586 1295 anno
1637 1244 1814 1309 ante,
1862 1237 1937 1294 ut
1991 1248 2255 1313 semper
2295 1229 2495 1306 aliae,
2542 1229 2751 1293 sociis

536 1353 736 1417 opem
775 1332 1079 1399 laturos?
1168 1335 1569 1400 Discessere
1616 1336 1812 1413 socii,
1839 1353 1963 1419 pro
1999 1334 2165 1398 tristi
2194 1333 2493 1397 nuntiotn
2539 1331 2749 1396 tristi-

533 1444 757 1501 orem⁵
804 1438 1087 1503 domurn-
1120 1438 1515 1518 referentes;
1561 1439 1817 1522 quippe
1863 1436 2108 1521 quibus
2150 1456 2271 1520 per
2305 1455 2381 1499 se
2417 1436 2748 1499 sustinen-

534 1540 691 1604 dum
726 1541 975 1606 bellum
1007 1548 1172 1618 erat,
1202 1542 1381 1626 quod
1415 1542 1534 1607 vix
1566 1542 1892 1613 Romanis
1918 1540 2068 1605 sulti
2097 1540 2350 1606 viribus
2385 1537 2749 1603 sustinuis-

534 1651 710 1708 sent.
799 1643 959 1707 Non
1004 1643 1257 1709 diutius
1289 1665 1362 1709 se
1391 1646 1460 1709 in
1497 1644 1795 1709 Hernico
1825 1643 2038 1708 hostis
2070 1643 2419 1708 continuit.
2515 1641 2750 1721 Pergit

535 1745 693 1811 inde
745 1745 1023 1810 infestus
1070 1746 1138 1810 in
1185 1765 1377 1829 agros
1426 1747 1804 1819 Romanos,
1852 1748 2053 1811 etiam
2104 1747 2250 1809 sine
2290 1743 2456 1809 belli
2507 1742 2753 1828 injuria

535 1853 895 1913 vastatos.¹¹
999 1847 1139 1914 Ubi
1200 1869 1356 1914 cum
1414 1850 1657 1915 obvius
1708 1867 1929 1922 nemo,
1974 1868 2062 1912 ne
2118 1848 2391 1913 inermis
2446 1847 2747 1931 quidem,

534 1949 741 2028 fieret,
800 1970 1053 2036 perque
1112 1953 1359 2030 omnia,
1415 1972 1551 2017 non
1611 1950 1954 2035 praesidiis
2012 1951 2216 2014 mod’o
2275 1950 2576 2033 deserta,
2630 1946 2748 2012 sed

536 2056 733 2120 etiam
781 2055 965 2120 cultu
1008 2057 1275 2138 agresti,
1305 2057 1694 2135 transirent3
1741 2074 2103 2138 pervenere
2135 2053 2220 2118 ad
2255 2052 2538 2117 tertium
2579 2050 2749 2136 lapi-

535 2158 688 2222 dem
735 2157 1008 2224 Gabina
1054 2161 1218 2226 via.⁰
1305 2159 1617 2222 Mortuus
1649 2157 1966 2223 AEbutius
2008 2163 2148 2221 erat
2180 2155 2540 2220 Romanus
2586 2173 2749 2218 eon-

536 2259 660 2325 sul.
736 2259 1010 2344 Collega
1044 2262 1186 2346 ejus
1218 2261 1538 2326 Servilius
1570 2261 1820 2344 exigua
1841 2261 1908 2326 in
1936 2280 2063 2344 spe
2095 2259 2402 2325 trahebat
2426 2255 2749 2323 animam.

537 2361 790 2428 Affecti
835 2365 1132 2448 plerique
1183 2365 1576 2449 principum,
1622 2363 1902 2429 Patrum
1949 2363 2164 2446 major
2207 2381 2386 2446 pam,
2432 2359 2748 2424 militaris

536 2466 670 2530 fere
714 2474 886 2532 aetas
932 2470 1188 2549 omnis3
1236 2475 1312 2533 ut
1358 2488 1488 2532 non
1534 2468 1734 2533 modo
1783 2467 1868 2532 ad
1919 2466 2405 2551 expeditioneS,
2454 2482 2643 2546 quas
2685 2461 2747 2526 in

542 2561 750 2634 tanto,
779 2570 1058 2635 tumultu
1108 2590 1213 2636 res
1259 2570 1618 2655 poscebat,
1652 2569 1776 2634 sed
1824 2569 1939 2633 vix
1990 2568 2075 2633 ad
2122 2569 2383 2654 quietas
2412 2566 2753 2630 stationes

539 2672 794 2736 viribus
836 2672 1227 2765 sufficerent.
1315 2673 1569 2738 Munus
1615 2672 2036 2755 vigiliarum?
2077 2676 2435 2746 senatoreS,
2463 2668 2588 2751 qui
2639 2685 2751 2752 per

1460 2822 1822 2843 ΝΜΟ

538 2901 702 2967 (qnod
727 2899 948 2954 existi-n
969 2904 1145 2956 multis
1163 2894 1295 2955 Mss.
1318 2912 1372 2954 et
1394 2906 1515 2955 edd.
1538 2914 1659 2956 ante
1685 2907 1922 2956 Rhenan.
1945 2912 2002 2955 et
2024 2904 2206 2954 eodem
2235 2915 2403 2961 sensu,
2435 2915 2544 2965 quo
2568 2906 2750 2949 nostra

539 2969 719 3026 lectio,
752 2968 1060 3035 doctiusqne
1094 2971 1291 3021 dietum
1311 2971 1478 3021 videri
1514 2972 1719 3035 potest)
1741 2973 1821 3021 vel
1842 2987 1871 3021 e
1897 2972 1998 3022 Ms.
2024 2970 2214 3020 Klock.
2257 2970 2458 3018 auxerat
2479 2967 2558 3014 vis
2578 2964 2752 3024 morbi,

543 3033 595 3082 h.
627 3047 675 3081 e.
700 3043 855 3083 anneta
878 3043 1008 3086 erat.
1032 3036 1098 3085 V.
1124 3037 1190 3086 ad
1215 3050 1279 3087 ιι.
1300 3041 1349 3086 3.
1368 3036 1439 3087 23
1473 3037 1780 3103 Rupert.—4
1815 3037 2046 3087 Gronov.
2072 3031 2533 3097 Doujat.Crevier.
2564 3029 2755 3092 ingenti

1509 3198 1516 3206 -
1541 3168 1760 3219 NOTAE

545 3257 672 3307 tium
696 3272 902 3322 semper
923 3273 954 3308 a
976 3260 1240 3313 Januario.
1292 3263 1608 3317 Incidebant
1694 3280 1804 3316 rum
1829 3266 2033 3316 tristem
2067 3261 2305 3314 nuntium
2337 3259 2636 3309 attulerunt
2662 3259 2753 3307 Ro·

545 3336 799 3387 Kalendae
822 3338 1044 3388 Sextiles
1067 3353 1131 3388 eo
1154 3354 1289 3391 anno
1307 3340 1358 3390 iu
1380 3345 1463 3393 28.
1500 3342 1608 3393 An-
1688 3360 1845 3407 mam,
1867 3343 2187 3408 direptarum
2209 3341 2444 3389 nimirum
2468 3337 2537 3387 ab
2570 3335 2753 3401 AEquir

544 3415 680 3478 gusti
711 3415 907 3467 Juliani
944 3418 1236 3481 proleptiei.
1291 3419 1427 3469 Vide
1463 3421 1607 3470 Dod-
1687 3432 1744 3472 et
1766 3421 1972 3472 Volscis
1992 3433 2159 3468 rerum
2189 3429 2425 3467 suarum:
2463 3414 2752 3463 tristiorem

503 3498 508 3502 ’
546 3494 770 3546 wellum.
802 3497 857 3544 J.
880 3496 1107 3546 Clericus.
1686 3499 1855 3549 adhue
1878 3498 1942 3547 ad
1960 3511 2078 3545 snos
2096 3493 2407 3548 referebant,
2421 3505 2626 3555 nempe
2646 3504 2754 3555 pes-

614 3571 628 3605 ¹
656 3572 827 3621 Morbo
844 3573 1083 3637 populari]
1117 3574 1349 3624 Sumitnr
1371 3589 1495 3639 ergo
1520 3589 1606 3637 po-
1689 3574 1927 3633 tilentiae,
1953 3588 2054 3639 qna
2078 3572 2372 3622 laborantes
2393 3570 2622 3619 Romani
2647 3566 2751 3617 nul·

541 3650 698 3712 palari
724 3649 1351 3714 passivssignificatione,
1375 3658 1432 3701 nt
1453 3664 1611 3715 supra
1689 3652 1789 3701 lam
1812 3652 1939 3715 ipsis
1955 3663 2105 3714 opem
2127 3646 2269 3697 ferre
2293 3651 2555 3711 poterant.

547 3733 781 3776 extremo
822 3740 937 3792 cap.
983 3731 1030 3777 8.
1097 3728 1292 3779 Quidni
1326 3738 1502 3776 autem
1533 3729 1610 3776 ita
1755 3736 1779 3762 Β
1820 3728 1981 3777 Etiam
2020 3727 2121 3775 tine
2157 3724 2268 3774 beni
2302 3726 2480 3784 avemo
2521 3718 2753 3782 vulda]

548 3812 797 3864 sumatur,
831 3818 947 3853 eum
969 3804 1153 3867 Virgil.
1176 3805 1349 3854 active
1382 3804 1607 3853 dixerit:
1691 3808 1815 3869 Ipsa
1856 3804 2152 3854 desertione
2204 3801 2525 3862 colonorum,
2569 3798 2669 3863 qni
2704 3796 2751 3844 i·

545 3878 560 3904 ‘
578 3876 803 3929 formicae
829 3879 982 3930 farris
1006 3895 1248 3930 acervum
1283 3880 1410 3930 Cum
1443 3893 1610 3944 popu·
1691 3882 1886 3933 Urbem
1910 3878 2275 3943 confugerant.

549 3953 698 4003 lant.²
763 3957 879 4006 Nisi
900 3959 1062 4008 mavis
1085 3959 1244 4007 morbo
1263 3957 1497 4022 populari,
1516 3971 1610 4020 pro
1760 3948 1785 3993 ό
1817 3958 2005 4008 Gabino
2045 3956 2147 4021 vio]
2184 3956 2300 4007 Qua
2337 3952 2526 4003 Gabiis
2568 3951 2626 4001 in
2660 3949 2750 4000 Ur·

547 4030 797 4094 pestifero
820 4034 997 4085 morbo
1030 4037 1291 4099 accipere,
1313 4050 1373 4083 ac
1398 4034 1611 4098 populn-
1692 4037 1811 4088 bem
1869 4033 2211 4084 veniebatur:
2263 4030 2362 4079 viae
2409 4026 2748 4078 Praenestiua

550 4107 682 4156 riter
733 4116 1013 4170 grassante.
1096 4110 1200 4160 Sed
1257 4110 1610 4175 adjiciendum
1691 4113 1946 4179 proxima,
1967 4110 2010 4159 si
2032 4124 2134 4159 non
2159 4109 2271 4172 ejus
2296 4121 2431 4171 paru.

554 4181 657 4231 erit
680 4180 912 4237 verbum.
931 4183 1188 4246 laborare,
1210 4183 1456 4236 afflictam
1477 4199 1611 4237 esse.
1757 4198 1784 4232 ν
1817 4189 2000 4239 Mum
2033 4183 2331 4249 uigiliarum]
2385 4182 2668 4233 Senatore-
2700 4178 2749 4227 in

589 4264 653 4296 «¹³
694 4259 794 4309 Pr0
827 4258 966 4308 tristi·
997 4259 1189 4324 nuntio]
1222 4262 1411 4326 Legati
1447 4262 1610 4313 socio-⁷
1692 4266 2063 4334 homperieulo
2101 4263 2279 4314 munia
2309 4260 2535 4312 militum
2570 4267 2627 4310 et
2649 4258 2749 4323 plo·

2930 4149 2936 4254 Ι
