3034 4925
600 368 732 437 502
1536 384 1604 432 τ.
1651 381 1842 432 ιινιι

598 546 750 594 esse
792 528 879 594 de
923 528 1228 595 libertate
1276 544 1438 592 sna:
1481 544 1713 593 rursus
1758 528 1846 593 ad
1879 529 2161 614 antiqua
2187 528 2513 595 reditum:
2537 531 2567 567 ⁴
2587 536 2614 576 ¹
2666 549 2801 595 cum

598 616 908 699 Genucio
938 650 1073 696 una
1100 636 1428 695 mortuam
1454 649 1537 694 ac
1569 631 1907 714 sepultam
1932 632 2357 698 tribuniciam
2380 637 2802 717 potestatem.

597 733 811 801 Aliud
856 733 1237 817 agendum‚⁸
1279 752 1361 799 ac
1407 732 1871 816 cogitandum,
1904 735 2247 819 quomodo
2291 736 2658 801 resistatur
2685 733 2802 799 Pa·

592 839 833 903 tribus.
922 836 1005 901 Id
1050 841 1271 901 autem
1318 855 1524 900 unum
1571 836 1931 901 consilium
1974 856 2149 915 esse,
2180 844 2259 903 ut
2300 839 2566 922 seipsa
2596 836 2802 922 plebs,

594 939 865 1025 quando
906 937 1090 1003 aliud
1133 938 1301 1003 nibil
1341 939 1582 1004 auxilii
1622 938 1890 1016 habeat,
1933 939 2278 1006 defendat.
2343 938 2700 1018 ‘Quatnor
2743 943 2805 1002 et

591 1042 829 1125 viginti
874 1042 1187 1108 lictores⁸
1230 1060 1565 1126 apparere
1613 1042 2026 1122 consulibus,
2070 1049 2141 1109 et
2180 1061 2302 1108 eos
2344 1042 2553 1126 ipsos
2604 1040 2803 1126 plebis

589 1144 948 1211 homines?
1036 1144 1228 1211 Nihil
1271 1146 1699 1224 contemtiuS,
1730 1165 1949 1233 neque
1991 1145 2343 1223 infirmius,
2390 1145 2453 1210 si
2504 1142 2668 1222 sint,
2698 1143 2805 1227 qui

591 1254 1036 1314 contemnant.
1124 1248 1271 1314 Sibi
1317 1266 1655 1333 quemque
1700 1268 1787 1314 ea
1830 1268 2076 1332 magna
2106 1256 2312 1332 atque
2341 1246 2689 1312 horrenda
2716 1246 2802 1310 fa·

522 1407 529 1416 .
589 1349 816 1417 cere.’‘
906 1350 1040 1417 His
1086 1353 1365 1423 vocibus
1394 1352 1512 1416 alii
1543 1352 1725 1417 alios
1755 1372 1909 1417 cum
1940 1352 2356 1429 incitassent,
2389 1350 2483 1416 ad
2524 1348 2804 1414 Volero·

588 1470 741 1516 nem
788 1452 1282 1535 Publilium,¹⁸⁰
1325 1454 1411 1519 de
1455 1454 1656 1540 plebe
1693 1455 2055 1534 hominem,
2087 1455 2268 1540 quia,
2302 1453 2494 1538 quod
2542 1452 2801 1517 ordines

588 1553 950 1635 duxisset‚‘¹
998 1564 1285 1641 negaret,
1336 1577 1411 1622 se
1464 1557 1743 1650 militem
1795 1558 1934 1624 fieri
1985 1558 2251 1634 debere,
2301 1556 2514 1622 lictor
2569 1554 2802 1619 missus

651 1684 680 1719 ὅ
711 1684 779 1737 Se
799 1689 1013 1738 redactos
1031 1690 1094 1737 ud
1113 1688 1323 1752 pristina
1343 1688 1652 1739 incommoda.

649 1759 671 1783 ⁶
710 1753 1093 1816 Unmquemqne
1128 1755 1214 1803 has
1250 1769 1327 1805 res
1364 1754 1602 1820 (lictor-a,
1641 1753 1823 1818 fasces,
1859 1753 2096 1821 eonsules)
2125 1753 2222 1804 sibi
2256 1755 2416 1804 anim>
2434 1751 2646 1818 fincte
2682 1750 2805 1817 qud

1576 1898 1799 1952 No'rAE

587 1830 813 1878 magnum
833 1819 947 1882 quid
965 1834 1022 1867 ac
1042 1819 1270 1869 terribile.

617 2039 626 2043 -
648 2003 671 2037 5
702 1995 785 2044 Aa
803 1996 1001 2060 antiqua
1018 1997 1245 2063 reditum]
1265 1998 1551 2065 Antiquam
1569 2012 1650 2049 re·

582 2085 696 2121 rum
720 2079 913 2122 statum
933 2074 1190 2139 intellige,
1211 2078 1374 2141 qualis
1395 2085 1517 2126 ante
1536 2090 1649 2127 cre-

582 2154 693 2196 atos
717 2147 888 2210 plebis
910 2149 1144 2200 tribunos
1168 2149 1286 2202 fuit.

644 2232 666 2255 ²
697 2223 851 2273 Aliud
890 2226 1149 2290 agendum]
1214 2228 1230 2254 ‘
1257 2227 1414 2278 Aliud
1462 2226 1651 2291 agere’

580 2312 723 2363 saepe
746 2308 845 2364 est,
868 2302 1076 2364 segnius
1100 2317 1207 2351 rem
1235 2317 1441 2364 curare,
1473 2304 1648 2366 eique,

577 2372 714 2438 quod
741 2388 848 2438 proe
871 2376 1106 2426 manibus
1125 2384 1224 2434 est,
1243 2392 1345 2427 non
1366 2378 1491 2427 satis
1511 2378 1649 2427 serio

577 2451 895 2504 incumbere.
939 2450 1043 2504 Hic
1060 2462 1235 2505 autem
1259 2455 1274 2484 ‘
1304 2454 1439 2505 aliud
1463 2453 1649 2519 agere’

578 2533 757 2582 nativo
772 2532 935 2597 magis
958 2548 1112 2584 sensu
1134 2533 1394 2599 accipitur
1418 2549 1536 2599 pro,
1557 2547 1646 2583 no-

580 2621 695 2655 vum
720 2606 843 2670 quid
870 2607 1052 2657 moliri.

643 2688 668 2715 ⁸
702 2682 922 2738 Quatuor
945 2689 992 2732 et
1022 2685 1197 2747 viginti
1232 2685 1447 2751 lictores]
1483 2685 1647 2751 Atqui

577 2756 630 2806 id
655 2769 862 2808 cautum
898 2757 1074 2810 fuerat
1098 2762 1163 2812 ab
1193 2763 1365 2822 initio,
1396 2779 1462 2814 ne
1493 2764 1646 2813 ambo

575 2835 812 2885 eonsules
835 2835 852 2864 ‘
870 2834 1040 2887 fasces
1057 2838 1344 2896 baberent,’
1360 2855 1425 2890 ne
1442 2840 1646 2889 scilicet

572 2912 590 2950 ὅ
614 2909 909 2975 duplicatus
935 2919 1103 2964 terror
1122 2915 1389 2965 videretur
1408 2916 1441 2979 ς’
1465 2917 1541 2967 uti
1567 2916 1644 2967 di·-

574 2986 795 3038 dicimus
826 3003 893 3040 ex
932 2991 1025 3042 lib.
1065 3007 1127 3043 ιι.
1156 3010 1276 3060 cap.
1305 3000 1349 3046 Ι.
1375 3004 1519 3047 etue
1544 2995 1645 3062 ipsi

525 3070 531 3075 “
573 3064 782 3130 quidem
825 3082 973 3131 reges
1016 3071 1132 3133 plus
1175 3087 1324 3136 quam
1367 3071 1643 3123 duodecim

572 3139 784 3190 lictores
817 3142 1123 3206 habuerant,
1151 3148 1241 3197 lib.
1262 3163 1302 3197 ι.
1336 3163 1384 3198 c.
1406 3153 1456 3199 8.
1506 3150 1642 3199 Haec

572 3213 731 3264 facile
771 3217 1153 3276 conciliaveris,
1191 3222 1232 3269 si
1270 3223 1485 3272 lictores
1508 3240 1540 3272 a
1562 3239 1643 3274 se·

574 3291 807 3351 curibus,
845 3300 935 3343 aut
969 3294 1143 3359 potius
1180 3295 1393 3347 fascium
1431 3300 1534 3350 duo
1557 3315 1643 3364 ge·

570 3380 697 3416 nera
751 3366 1068 3419 distinxeris.
1138 3363 1372 3423 Lictores
1430 3373 1640 3439 quidem

570 3448 790 3508 uterque
833 3447 1011 3495 consul
1077 3446 1353 3499 duodecim
1398 3449 1643 3514 habebat,

570 3520 662 3587 qni
686 3522 938 3585 virgarum
981 3521 1152 3575 fasces
1192 3526 1520 3590 praeferrent,
1541 3527 1634 3577 sed

567 3595 734 3648 fasces
758 3613 873 3649 cum
911 3602 1177 3651 securibus
1200 3601 1360 3668 (unde
1384 3603 1638 3653 maximus

569 3672 767 3738 terror)
801 3676 950 3725 unius
1001 3685 1203 3727 tantum
1251 3680 1460 3729 lictores
1505 3678 1639 3728 fere-

567 3745 729 3811 bant;
765 3751 918 3816 idque
943 3751 1238 3804 alternatim
1257 3754 1474 3818 singulis
1496 3769 1637 3803 men·

1729 1999 1894 2065 isque,
1915 1998 2003 2064 qni
2027 2012 2092 2047 ex
2116 1995 2336 2061 collegio
2366 1995 2636 2045 viatorum
2653 1992 2801 2044 offici·

1730 2088 1812 2122 um
1837 2074 2033 2137 ligandi
2047 2073 2284 2135 liaberet,
2305 2072 2466 2122 lictor
2482 2070 2690 2120 idcirco
2704 2071 2801 2119 dic·

1728 2159 1813 2200 tus
1851 2149 1969 2201 fuit.
2035 2149 2172 2200 Vide
2208 2164 2322 2213 qum
2357 2164 2393 2197 a
2421 2147 2578 2198 nobis
2608 2148 2719 2212 jam
2742 2145 2801 2195 de

1727 2226 1833 2276 illis
1856 2227 2086 2276 indicata
2107 2233 2225 2276 sunt
2246 2225 2311 2275 ad
2336 2224 2433 2275 lib.
2458 2239 2504 2273 1.
2529 2239 2652 2288 cap.
2673 2228 2721 2273 8.

1788 2303 1813 2338 Β
1850 2303 1947 2351 Eos
1969 2303 2099 2367 ipsos
2117 2302 2267 2365 plebis
2288 2301 2531 2365 homines]
2571 2300 2710 2350 Hinc
2734 2301 2802 2349 iu·

1725 2378 1831 2430 fert
1845 2386 1991 2430 recte
2009 2379 2538 2441 Godelevaens,lrisce
2557 2379 2802 2442 tempori·

1726 2452 1822 2505 bus
1860 2455 2069 2506 lictores
2106 2469 2135 2506 e
2175 2454 2328 2520 plebe
2363 2455 2605 2504 Romana
2628 2450 2801 2504 fnisse.

1723 2532 1855 2586 Post
1878 2529 2071 2583 bellum
2103 2538 2277 2582 tamen
2315 2529 2581 2588 Punicum
2621 2546 2803 2581 secun·

1724 2610 1866 2675 dum,
1886 2625 1975 2659 eos
1994 2609 2082 2674 qni
2105 2606 2500 2673 magistratibus
2522 2608 2574 2657 in
2596 2608 2801 2673 provin·

1724 2687 1820 2737 ciis
1881 2693 2200 2751 apparerent
2256 2699 2318 2735 ac
2367 2686 2738 2735 ministrarent
2773 2698 2801 2732 e

1722 2764 2024 2813 Brutiorum
2059 2760 2221 2812 ferme
2260 2762 2473 2811 natione
2495 2759 2663 2810 fuisse
2683 2774 2802 2810 con·

1722 2847 1849 2896 stat,
1873 2839 2009 2889 unde
2044 2845 2060 2867 ‘
2085 2838 2370 2887 Brutianos
2387 2836 2402 2859 ’
2439 2835 2617 2886 dictos
2643 2835 2803 2885 tradit

1723 2917 1925 2968 Gellius
1965 2916 2125 2967 Noct.
2153 2913 2318 2965 Attic.
2341 2914 2433 2965 lib.
2462 2927 2520 2963 x.
2550 2929 2605 2964 c.
2628 2917 2675 2963 8.
2704 2912 2801 2962 sub

1719 2993 1810 3046 fin.
1858 2993 2025 3059 quue
2062 2990 2357 3056 ignominiae
2392 3004 2557 3039 cansa
2581 2987 2804 3051 factum,

1719 3072 1857 3140 quod
1891 3071 2041 3137 primi
2082 3071 2245 3120 totius
2292 3067 2464 3118 Italiae
2506 3067 2690 3117 Brutii
2737 3065 2799 3116 ad

1723 3146 2033 3199 Annibalem
2057 3144 2416 3196 descivissent.

1688 3212 1699 3221 ‘
1783 3231 1806 3258 e
1837 3224 1920 3273 Aa
1947 3221 2218 3273 trater-onem
2254 3216 2552 3281 Publium]
2592 3218 2798 3267 Fortem

1717 3302 1853 3351 hunc
1897 3299 1964 3350 de
2004 3299 2161 3365 plebe
2197 3299 2361 3349 virum
2407 3297 2697 3362 Dionysius
2734 3296 2799 3345 P.

1716 3375 2030 3426 Voleronem
2092 3381 2258 3426 vocat.
2326 3373 2461 3423 Livii
2524 3373 2797 3436 pleraeque

1717 3449 1971 3503 editiones
2009 3449 2204 3500 babent
2242 3450 2520 3499 Voleronem
2552 3446 2799 3497 Publium.

1715 3531 1927 3584 Verum,
1962 3534 2023 3576 ut
2061 3525 2298 3590 Sigonius
2337 3539 2403 3573 ex
2446 3523 2663 3572 Valerio
2708 3522 2797 3570 ob·

1716 3611 1911 3668 servat,
1938 3603 2106 3654 Volero
2128 3614 2427 3666 praenomen
2455 3608 2564 3664 est,
2591 3598 2797 3648 Publius

1714 3682 1839 3731 item
1865 3692 2187 3743 praenomen.
2232 3676 2419 3743 Itaque
2444 3689 2512 3724 ne
2538 3675 2646 3723 duo
2665 3689 2797 3737 pre-

1712 3757 1919 3806 nomina
1958 3754 2356 3817 conjungantur,
2394 3750 2670 3799 Publilium
2694 3750 2793 3813 legi

566 3824 727 3889 sibus,
744 3826 910 3877 donec
930 3843 1152 3887 annuum
1172 3844 1346 3879 eornm
1366 3830 1636 3894 imperinm
1704 3834 1882 3899 jubet,
1919 3829 2057 3896 quod
2104 3842 2291 3880 nomen
2327 3825 2434 3877 fuit
2471 3825 2645 3890 gentis
2688 3829 2796 3890 ple·

568 3901 886 3964 expleretur.
929 3901 1069 3970 qnod
1113 3905 1308 3956 diserte
1359 3907 1637 3972 Dionysius

567 3976 830 4027 traditlib.
848 3994 929 4030 rv.
983 3981 1218 4032 Lictores
1241 3997 1400 4047 porro
1423 3998 1456 4032 a
1475 3984 1634 4045 ligan-

568 4051 628 4099 do
673 4055 939 4116 appellati,
985 4071 1053 4106 ex
1089 4059 1274 4124 Valgio
1314 4055 1453 4124 apud
1492 4059 1633 4110 Gen.

567 4130 726 4194 quod,
742 4147 857 4182 cum
875 4135 1207 4199 magistratus
1222 4138 1510 4202 quempiam
1533 4138 1631 4185 vir·

566 4206 646 4270 gis
662 4207 923 4258 verberari
938 4210 1245 4277 jussissent,
1261 4229 1414 4265 crura
1438 4215 1550 4279 ejus
1575 4221 1631 4265 et

567 4297 748 4336 manus
781 4286 933 4350 ligari
966 4286 1256 4354 vincirique
1282 4291 1436 4341 moris
1458 4299 1627 4353 esset3

1711 3909 1865 3961 beiae.

1758 3985 1801 4021 ·‘¹
1840 3985 1967 4041 Quia
1990 3980 2139 4049 [qui]‚
2177 3982 2301 4047 quod
2323 3982 2518 4031 ordines
2547 3975 2791 4041 ‹1le

1715 4061 1908 4114 Aiebat
1945 4075 2020 4116 se,
2060 4060 2184 4125 quia
2207 4057 2462 4108 militibus
2489 4054 2793 4120 praefuisset

1713 4135 2033 4189 centurionis
2076 4131 2250 4199 titulo,
2294 4134 2602 4197 nullamque
2641 4130 2787 4195 igno-

1713 4215 1920 4266 miniam
1943 4213 1994 4263 in
2013 4211 2201 4262 militia
2221 4212 2441 4262 meritus
2465 4214 2629 4273 esset,
2653 4208 2790 4257 inter

1715 4289 1979 4356 gregarios
2021 4287 2208 4339 ascribi
2245 4302 2349 4340 non
2395 4286 2611 4339 debere.
2680 4285 2791 4336 Pro
