3034 4925
1003 389 1147 438 mn.
1194 387 1276 437 ιι.
1321 391 1484 441 σΑΡ.
1528 379 1638 444 47.

2279 357 2470 449 ιιέςιν

185 526 530 611 trepidos
559 527 712 610 agit.
754 528 846 596 Et
876 532 961 595 ad
992 543 1288 599 extrema
1317 544 1582 602 ventum
1609 537 1818 615 foret,
1849 538 1919 602 ni
1947 538 2194 620 legati,t
2218 545 2410 624 rapto

187 629 516 693 consulis
560 647 864 715 corpore,
906 634 1384 717 patefecissent
1436 657 1569 704 una
1599 647 1807 721 ⁴porta
1856 639 2168 705 hostibus
2206 644 2407 706 viam.

192 727 317 791 Ea
349 740 751 815 erumpunt;
783 745 1329 821 consternatoque
1359 740 1622 821 agmine
1646 743 1966 806 abeuntes
1996 743 2063 805 in
2094 743 2409 807 victorem

192 829 502 895 alterum
526 833 825 900 incidunt
850 837 1213 902 consulem.
1259 839 1368 904 Ibi
1392 842 1628 906 iterum
1654 845 1814 908 caesi
1839 844 2109 926 fusique
2133 845 2409 926 passim.

192 929 532 997 Victoria
561 937 827 1018 egregia
844 936 897 977 ¹⁶
916 946 944 973 ‘¹
982 946 1200 1023 parta,
1243 942 1453 1007 tristis
1484 951 1707 1011 tamen
1739 943 1997 1010 duobus
2038 952 2175 1010 tam
2210 945 2413 1010 claris

195 1032 627 1100 funeribus.‘
667 1038 907 1122 Itaque
956 1044 1213 1121 consul,
1263 1043 1648 1111 decernente
1707 1055 1942 1111 senatu
1992 1046 2410 1130 triumphum,

199 1135 222 1165 ‘
257 1132 345 1198 Si
381 1137 723 1203 exercitus
769 1142 911 1205 sine
958 1142 1355 1226 imperatore
1396 1148 1796 1231 triumphare
1825 1148 2074 1231 possit,
2104 1153 2230 1232 pro
2262 1150 2407 1212 exi-

200 1234 355 1298 mia
406 1255 492 1303 eo
545 1240 717 1304 bello
766 1262 973 1325 opera
992 1252 1089 1324 ¹.⁷¹
1138 1246 1340 1310 facile
1391 1248 1792 1330 passurum,'
1834 1250 2210 1332 respondit:
2260 1254 2408 1326 ‘'se,

193 1335 477 1400 familia
503 1338 766 1405 funesta
797 1340 885 1421 Q.
917 1345 1114 1410 Fabii
1140 1346 1361 1413 fratris
1393 1357 1633 1427 morte,
1687 1371 1756 1416 re
1795 1352 2071 1435 publica
2102 1361 2190 1415 'ex
2220 1353 2408 1435 parte

205 1437 397 1506 orba·
416 1442 689 1505 consule
721 1444 929 1508 altero
959 1447 1236 1519 amisso,
1291 1451 1567 1531 publico
1612 1452 2028 1536 privatoque·
2049 1451 2409 1517 deformem

203 1537 408 1605 luctu
463 1540 758 1609 lauream
779 1554 809 1592 Υ
832 1585 835 1590 -
862 1566 1021 1611 non·
1050 1552 1516 1633 accepturum?
1602 1553 1803 1620 Omni
1856 1562 2010 1621 acto
2075 1556 2406 1640 triumpho

1135 1713 1316 1736 000000

205 1820 333 1894 tie:
365 1820 742 1888 Doering.—1⁷
776 1826 900 1879 Vid.
928 1829 1053 1881 Not.
1075 1828 1167 1883 inf.

1318 1715 1496 1737 000000

1206 1943 1420 1996 NOTAE

246 2041 253 2047 ·
282 2031 301 2062 ‘
336 2030 414 2079 Ni
449 2032 620 2098 legati]
668 2035 745 2087 M.
772 2036 932 2087 Fabio
961 2039 1171 2089 consule
1211 2041 1275 2090 ad

212 2106 524 2169 recipienda
571 2116 745 2159 eastra
793 2124 1122 2177 properante,
1159 2129 1275 2165 cum

213 2181 453 2246 Etrusci,
491 2185 577 2248 qni
617 2199 679 2234 es
712 2197 1112 2252 occupaverant,
1142 2206 1275 2256 eque

211 2257 485 2319 superiore
520 2260 637 2309 loeo
661 2264 981 2326 pugnabant,
998 2267 1275 2332 Romanos,

214 2330 306 2394 qni
332 2346 433 2382 non
457 2333 531 2383 ita
551 2350 737 2400 magno
769 2353 1002 2403 numero,
1036 2349 1092 2392 et
1119 2343 1275 2393 totius

214 2405 327 2455 diei
367 2407 541 2458 labore
587 2408 794 2475 fatigati
836 2423 1008 2466 castra
1050 2418 1275 2484 undique

216 2482 609 2548 adoriebantur,
640 2501 743 2537 non
777 2504 916 2553 aegre
941 2495 1273 2558 repellerent,

220 2556 546 2624 obsessisque
583 2571 867 2616 castrorum
894 2569 1076 2631 portis,
1094 2583 1159 2618 ex
1181 2571 1273 2621 de-

219 2634 513 2695 speratione
535 2637 780 2688 acerrime
796 2651 1121 2707 pugnarent3
1145 2645 1272 2696 Sici-

217 2707 355 2764 nius,
377 2723 504 2758 unus
518 2725 582 2760 ex
597 2711 784 2776 legatis
806 2718 1046 2776 consulis,
1067 2720 1272 2773 volente

212 2798 287 2851 ‘eo
310 2786 541 2848 receptui
580 2788 696 2837 esni
724 2790 919 2853 jussit;
956 2802 1013 2843 ut
1040 2797 1273 2848 collectis

222 2859 400 2908 animis
414 2861 624 2912 Romani
643 2878 799 2914 unum
818 2865 1089 2933 duntaxat,
1105 2872 1271 2923 minus

222 2934 421 2986 scilieet
436 2938 709 3001 munitum,
728 2948 1010 2995 castrorum
1028 2946 1164 2996 latus
1179 2962 1272 3013 op-

225 3020 529 3073 pugnarent.
615 3013 803 3079 Itsque
844 3026 1057 3083 patente
1108 3023 1272 3088 exitu,

225 3082 429 3135 Etrusci
461 3101 554 3151 per
588 3104 820 3143 aversum
855 3102 1053 3159 portam
1089 3098 1141 3147 in
1176 3115 1270 3150 sus

224 3166 394 3209 castra
414 3176 468 3210 se
490 3174 817 3229 receperunt.

291 3245 315 3270 ¹
354 3237 560 3290 Victoria
600 3245 817 3308 egregia]
847 3245 934 3296 Ita
976 3248 1270 3316 legendum,

228 3327 342 3364 cum
365 3315 644 3374 Gronovio,
680 3322 851 3383 potius
884 3338 1037 3388 quam
1069 3330 1272 3380 victorio

226 3391 407 3453 egregie
432 3398 588 3455 porta.
656 3395 731 3445 Ut
760 3404 816 3446 et
836 3399 924 3450 lib.
944 3414 1027 3451 rx.
1051 3417 1165 3467 cap.
1188 3408 1271 3454 28.

227 3467 394 3532 habet,
453 3470 470 3498 ‘
492 3474 726 3523 consules
787 3479 996 3542 egregia
1053 3481 1269 3530 victoris

229 3543 408 3606 parta?
424 3547 521 3594 διο.
578 3548 744 3600 Notat
769 3552 1050 3618 Dionysius
1073 3557 1163 3605 lib.
1187 3570 1267 3606 rx.

228 3633 471 3683 nunquam
489 3622 555 3671 ad
572 3638 684 3673 earn
703 3633 913 3679 aetstem
929 3624 1124 3681 tantum
1138 3648 1268 3697 prae-

220 3693 347 3766 ⁴lium
380 3710 408 3743 a
443 3697 683 3749 Romanis
725 3705 1046 3757 commissum
1090 3707 1266 3766 fuisse.

231 3769 332 3818 sive
353 3769 650 3824 bellatorum
670 3790 930 3844 numerus,
952 3784 1059 3834 sive
1077 3799 1265 3849 pugnae

233 3844 545 3905 diuturnitas,
593 3859 648 3901 et
691 3855 1071 3910 vicissitudines
1117 3877 1265 3925 spec·

226 3928 409 3991 tentor.
444 3925 609 3976 Fuere
626 3931 819 3995 quippe
839 3934 890 3983 in
912 3938 1145 3989 exercitu
1165 3940 1264 3988 Ro-

235 4011 372 4046 mano
412 4001 640 4062 peditum
698 4009 1038 4073 quadraginta
1085 4014 1267 4079 millia,

222 4075 414 4143 ‘equites
460 4077 824 4144 quadringenti
876 4100 1032 4150 supra
1083 4088 1264 4140 decem

232 4150 392 4198 millia.
443 4152 735 4215 Pugnatum
760 4167 933 4210 aintem
955 4170 1033 4212 est
1057 4165 1120 4214 ad
1143 4166 1266 4216 solis

235 4240 473 4286 occasum,
512 4242 629 4282 cum
662 4237 816 4298 paulo
846 4246 968 4292 ante
998 4242 1265 4295 meridiem

1355 2043 1544 2092 certsri
1565 2050 1791 2109 coeptum
1809 2052 1969 2105 esset,
1987 2052 2043 2094 et
2071 2046 2257 2110 saepius
2275 2062 2410 2110 nnnc

1354 2116 1473 2179 huc,
1513 2132 1651 2167 nunc
1687 2118 1811 2168 illuc
1853 2120 2073 2170 victoria
2124 2111 2407 2172 inclinavit.

1354 2191 1562 2242 Cecidit
1597 2207 1720 2242 vero
1758 2194 1853 2244 Cn.
1877 2194 2103 2245 Manlius
2135 2197 2265 2246 slter
2286 2212 2406 2247 con·

1352 2270 1540 2333 stilum,
1561 2277 1617 2320 et
1641 2270 1709 2321 Q.
1732 2271 1917 2320 Fabius
1951 2272 2237 2335 legatorum
2262 2289 2411 2336 unus,

1355 2345 1545 2409 quibis
1566 2347 1746 2395 consul
1781 2344 1975 2408 fuerat,
2013 2354 2209 2409 prater
2246 2350 2408 2402 tribu-

1354 2436 1447 2472 nos
1469 2422 1901 2486 centurionesque
1923 2424 2232 2487 complures.
2284 2423 2408 2472 Vie-

1355 2497 1487 2546 toria
1504 2505 1675 2546 tamen
1698 2511 1856 2561 penes
1876 2498 2131 2548 Romanos
2152 2497 2311 2550 fuisse
2337 2500 2410 2548 vi-

1354 2587 1414 2625 ss
1450 2581 1551 2631 est,
1573 2573 1713 2639 quod
1749 2575 1955 2624 Etrusci
1984 2577 2222 2640 sequenti
2250 2584 2409 2627 noete

1355 2648 1576 2698 desertis
1609 2649 1792 2699 castris
1826 2649 2081 2706 abierunt,
2114 2667 2227 2717 qna
2251 2668 2283 2702 a
2305 2652 2408 2703 Ro-

1354 2726 1517 2775 msnis
1539 2725 1789 2789 postridie
1808 2734 1929 2777 sunt
1947 2726 2167 2791 direpta.
2202 2720 2408 2780 Deinde

1354 2801 1579 2865 publicis
1604 2801 1864 2861 laudibus,
1902 2801 2154 2867 donisque
2173 2802 2411 2854 militari-

1355 2878 1449 2927 bus
1469 2878 1536 2928 ob
1558 2879 1763 2942 egregie
1801 2886 2041 2928 navatam
2078 2894 2287 2943 operam
2304 2892 2407 2930 'or-

1350 2955 1462 3004 nati
1483 2962 1621 3018 sunt,
1635 2956 1868 3019 inprimis
1890 2956 2256 3008 Coeso'Fsbius
2284 2972 2407 3007 con-

1351 3031 1476 3079 sniis
1514 3028 1704 3093 frater,
1737 3032 1799 3081 T.
1833 3030 2055 3081 Sicinius
2090 3031 2311 3096 legatus,
2352 3041 2408 3083 et

1348 3104 1426 3155 Μ.
1449 3105 1741 3155 Flavoleius
1777 3106 2035 3171 Primipili
2065 3109 2318 3172 centurio,
2340 3108 2408 3160 de

1351 3180 1534 3246 quibus
1558 3189 1681 3232 ante
1702 3181 1898 3231 dictum
1922 3190 2020 3233 est.

1413 3265 1439 3291 '¹
1471 3259 1573 3308 Pro
1606 3259 1783 3309 eximia
1821 3275 1874 3310 eo
1901 3260 2016 3309 bello
2043 3261 2207 3325 opera]
2241 3261 2407 3326 Lege*-

1350 3333 1503 3384 bstur
1543 3334 1599 3384 in
1640 3334 1869 3385 Andreoe
1914 3335 2144 3386 Romano
2186 3337 2405 3401 aliisque

1348 3409 1681 3473 editionibus,
1711 3417 1768 3461 et
1804 3409 2005 3460 duobus
2041 3412 2296 3462 Palatinis
2320 3425 2405 3460 co·

1348 3484 1570 3548 dicibus‚
1595 3501 1682 3547 pro
1704 3486 1885 3534 eximio
1907 3485 2017 3534 belli
2035 3500 2175 3549 opera
2190 3503 2208 3535 .-
2243 3488 2294 3535 in
2316 3500 2401 3535 ve·

1348 3561 1519 3623 tustis,
1534 3575 1622 3623 pro
1643 3561 1771 3609 exim
1793 3575 1921 3622 oque
1936 3561 2078 3610 beuo:
2100 3576 2165 3610 ex
2187 3562 2264 3611 his
2282 3575 2404 3611 con·

1347 3633 1474 3686 flata
1512 3636 1671 3686 lectio
1695 3636 1880 3692 verior,
1900 3651 1988 3699 pro
2016 3638 2193 3689 eximia
2215 3653 2267 3686 eo
2288 3638 2404 3687 bello

1344 3726 1502 3775 opera,
1523 3713 1588 3762 sb
1610 3711 1841 3761 exercitu
1864 3726 2049 3776 nempe
2071 3714 2323 3776 praestita.

1410 3798 1434 3833 r
1463 3786 1743 3850 Deformem
1763 3790 1891 3838 luctu
1910 3790 2140 3853 lauream]
2173 3791 2405 3856 Negavit

1345 3867 1429 3917 M.
1448 3867 1636 3916 Fabius
1661 3865 1837 3917 consul
1862 3867 1940 3914 vel
1963 3864 2039 3915 fas
2067 3867 2148 3914 vel
2180 3867 2267 3930 jus
2288 3862 2404 3917 esse

1347 3944 1398 3991 in
1422 3941 1596 3991 fratris
1637 3949 1693 3991 et
1727 3943 1939 4003 collegae
1965 3939 2229 3990 funeribus
2256 3957 2403 3992 coro-

1345 4032 1464 4074 nam
1488 4019 1715 4067 lauream
1748 4029 1968 4064 sumere.
2033 4015 2218 4081 Itaque
2253 4032 2404 4082 repo.

1346 4094 1458 4143 sitis
1479 4093 1653 4156 signis,
1669 4091 1987 4155 dimissisque
2009 4091 2274 4155 militibus,
2288 4094 2338 4156 ej
2347 4109 2403 4142 u·

1347 4169 1482 4218 ravit
1496 4168 1891 4231 ⁸umgistratum3
1924 4166 2069 4229 cujus
2092 4169 2262 4217 munia
2284 4170 2400 4231 gra}

1346 4245 1400 4294 vi
1421 4244 1634 4296 vulnere
1655 4241 1860 4295 saucius
1882 4241 2029 4294 obire
2051 4257 2153 4296 non
2174 4250 2398 4313 poterat.
