3034 4925
513 395 600 461 40
779 425 794 436 ·
1227 405 1499 455 nnocm
1550 403 1963 454 Aucroamu

514 554 777 619 Deinde
821 551 1163 618 blanditus
1214 557 1322 616 est
1373 551 1540 635 ipse,
1587 554 1660 615 ut
1708 549 2135 633 procederem
2183 548 2466 632 longius.
2556 549 2692 629 Qui

512 676 714 739 quam
755 655 1042 720 disertus
1079 652 1296 730 fuerit,
1337 672 1426 716 ex
1472 652 1601 715 hoc
1650 651 1980 733 intelligas
2023 652 2226 717 licet:
2269 651 2492 717 brevis
2530 652 2693 744 mihi

511 760 702 823 visus
751 763 901 838 est3
963 775 1117 821 cum
1162 761 1342 819 esset
1385 773 1508 817 nec
1553 753 1684 817 mei
1727 771 1851 817 nec
1889 753 1988 817 tui
2038 754 2358 837 corporis,
2406 754 2530 819 sed
2578 755 2691 837 qui

492 851 723 944 ‘primo
747 864 1029 941 aspectu
1053 863 1171 922 aut
1191 857 1275 921 T.
1299 855 1478 920 Livii
1498 861 1619 920 aut
1643 854 1918 939 Epicuri
1941 861 2172 939 posset
2193 855 2421 922 videri.
2473 856 2694 921 Tanta
2760 913 2772 919 -

510 965 732 1048 autem
765 960 1108 1025 dulcedine
1138 980 1245 1024 me
1275 959 1482 1025 tenuit
1511 965 1583 1023 et
1620 959 1843 1037 traxit,
1891 965 1968 1023 ut
2012 959 2201 1024 illum
2240 959 2384 1023 sinc
2412 958 2554 1024 ulla
2591 959 2690 1023 di-

508 1065 760 1136 latione
789 1062 1212 1148 perlegerem.

856 1237 1107 1304 Fabius
1148 1235 1422 1316 Quintil.
1453 1236 1577 1301 lib.
1611 1252 1660 1301 1.
1708 1234 1933 1301 Instit.
1978 1235 2161 1302 Orat.
2194 1256 2254 1302 c.
2282 1236 2349 1301 9.

426 1374 431 1380 ’
542 1437 549 1442 ,
594 1373 953 1456 Peregrina
973 1390 1169 1456 porro
1200 1391 1292 1435 ex
1340 1371 1651 1435 omnibns
1698 1390 1913 1453 prope
1940 1370 2223 1453 dixerim
2252 1369 2578 1454 gentibus,
2617 1379 2692 1436 ut

505 1475 833 1551 homines,
882 1480 971 1542 ut¹
1002 1471 1314 1537 instituta
1360 1472 1562 1536 etiam
1612 1471 1845 1550 multa,
1917 1476 2253 1538 venerunt.
2337 1471 2563 1536 Taceo
2607 1469 2690 1537 de

506 1575 752 1648 Tuscis
772 1581 842 1640 et
869 1574 1136 1641 Sabinis
1177 1580 1250 1638 et
1291 1574 1727 1639 Praenestinis
1777 1593 2096 1659 quoque:
2139 1593 2296 1639 nam
2341 1586 2419 1638 ut
2463 1575 2690 1639 eoi-um

507 1695 811 1752 sermone
835 1681 1117 1742 utentem
1165 1676 1479 1741 Vectium
1513 1677 1825 1742 Lucilius
1854 1677 2235 1754 insectatur,
2264 1675 2691 1760 quemadmo-

505 1776 663 1842 dum
694 1777 920 1843 Pollio
968 1778 1403 1863 deprehendit
1431 1781 1499 1844 in
1526 1779 1721 1845 Livio
1753 1780 2304 1846 Patavinitatem:
2347 1778 2511 1844 licet
2552 1797 2689 1843 om-

505 1878 622 1945 nia
650 1879 892 1945 Italica
912 1900 1033 1965 pro
1059 1881 1321 1948 Latinis
1349 1882 1656 1949 habeam.

1170 2071 1380 2172 ⁸Idem
1401 2071 1519 2136 lib.
1554 2087 1724 2136 vm.
1751 2085 1906 2154 cap.
1932 2070 1997 2134 1.

592 2181 1022 2254 Attica-anus
1044 2189 1590 2307 Theophrastum,
1638 2188 1972 2254 hominem
2025 2187 2280 2273 alioqui
2323 2185 2686 2253 disertissi-

505 2306 708 2366 mum,
760 2295 1078 2355 annotata
1123 2291 1320 2356 nnius
1378 2289 1807 2357 affectatione
1859 2292 2063 2369 verbi,
2096 2290 2422 2374 hospitem
2467 2288 2685 2355 dixit:

504 2409 624 2455 nec
666 2391 799 2456 alio
831 2411 904 2460 se
942 2392 1011 2458 id
1060 2392 1572 2478 deprehendisse
1621 2393 2025 2477 interrogata
2074 2390 2439 2478 respondit,
2486 2409 2687 2477 quam

503 2477 688 2575 quod
721 2496 996 2562 nimium
1025 2495 1258 2562 Attice
1300 2496 1703 2582 loqueretur.
1790 2497 1878 2561 Et
1917 2498 1987 2561 in
2014 2496 2097 2564 Τ.
2130 2495 2349 2574 Livio,
2376 2495 2568 2561 mirae.
2590 2493 2689 2558 fa-

502 2596 758 2660 cundiae
785 2599 951 2678 vir0,
980 2602 1210 2684 putat
1191 2620 1406 2666 inesse
1430 2600 1651 2665 Pollio
1667 2598 1951 2667 Asinius
1977 2598 2318 2683 quandam
2335 2596 2685 2664 Patavini-

503 2701 735 2779 tatem,
761 2702 885 2765 διο.

1306 2839 1454 2903 Lib.
1490 2854 1602 2904 rx.
1647 2858 1800 2922 cap.
1830 2840 1892 2905 2.

588 2949 798 3035 Apud
830 2954 1213 3021 Historicos
1242 2958 1651 3042 reperiuntur
1671 2958 1966 3042 obliquae
1988 2956 2466 3022 allocutiones,
2510 2954 2684 3019 utin

501 3052 588 3118 Τ.
634 3055 814 3119 Livii
844 3058 1058 3141 primo
1090 3061 1317 3125 statim
1348 3061 1563 3127 libro:
1608 3060 1875 3127 ‘Urbes
1907 3079 2196 3146 quoque,
2228 3064 2303 3123 ut
2323 3063 2571 3136 cetera,
2597 3075 2685 3121 ex

502 3156 734 3222 infimo
759 3158 990 3226 nasci!

1298 3317 1448 3383 Lib.
1493 3333 1609 3383 lx.
1642 3337 1794 3400 cap.
1821 3320 1886 3381 4.

584 3429 665 3494 T.
712 3415 955 3497 Livius*
976 3434 1341 3501 hexametri
1363 3437 1643 3503 exordio
1663 3438 1912 3521 caepim
1953 3441 1977 3473 ‘
1999 3436 2422 3503 Facturusne
2452 3454 2679 3522 operae

498 3533 778 3614 pretium
811 3537 978 3600 sim?
1063 3538 1245 3605 Nam
1276 3541 1370 3605 ita
1414 3541 1665 3606 edidit:
1710 3547 1942 3630 estque
1979 3541 2227 3606 melius
2266 3560 2470 3624 quam
2511 3560 2682 3624 quo-

498 3636 699 3701 modo
731 3638 1138 3706 emendatur.

1184 3804 1337 3870 Lib.
1374 3822 1454 3869 11.
1500 3805 1728 3870 Instit.
1761 3826 1909 3889 cap.
1934 3808 1995 3872 4.

587 3915 786 3999 Saepe
813 3919 1016 3983 etiam
1055 3923 1269 4004 quaeri
1302 3923 1498 4002 solet,
1528 3923 1613 3988 de
1644 3931 1963 4007 tempore,
1998 3924 2081 3989 de
2121 3926 2292 4004 lucc,
2325 3944 2462 4008 quo
2494 3931 2683 4006 gesta
2797 3948 2810 3955 ²

500 4036 607 4079 res
645 4018 917 4086 dicitur:
984 4043 1458 4110 nonnunquam
1507 4027 1592 4091 de
1639 4046 1923 4112 persona
1973 4048 2278 4111 quoque:
2348 4028 2526 4092 sicut
2569 4026 2685 4090 Li-

498 4119 645 4183 vius
673 4119 1200 4206 frequentissime
1231 4128 1512 4209 dubitat,
1559 4136 1628 4195 et
1671 4131 1786 4196 alii
1838 4133 1922 4196 ab
1968 4131 2123 4197 aliis
2169 4129 2502 4195 Histmici
2542 4128 2680 4193 dis·

499 4224 813 4290 sentiunt.
