3034 4925
583 354 714 421 636
1521 366 1590 413 T.
1639 366 1821 415 mvn

588 518 695 582 lus
729 513 957 598 Appii,
1004 493 1249 597 puellae
1298 489 1634 576 infelic'em
1681 514 1988 589 formam,
2045 515 2528 579 necessitatem
2582 519 2785 599 patris

488 647 494 652 ·
588 619 947 702 deplorant.
1034 615 1398 698 sequentes
1428 614 1779 679 clamitant
1807 623 2149 693 matronae,
2200 621 2221 653 ‘
2242 617 2511 682 Eamne
2543 619 2782 682 libero-

587 741 732 788 rum
795 717 1341 803 procreandorum
1388 717 1889 783 conditionem‘l
1962 739 2043 786 ea
2097 721 2456 802 pudicitiae
2511 723 2781 803 praemia

590 817 828 889 esse‘l‘
880 828 1254 904 ceteraque,
1305 840 1455 903 quae
1494 821 1564 883 in
1611 821 1729 885 tali
1774 842 1845 887 re
1892 823 2231 888 muliebris
2260 823 2486 897 dolor,
2521 842 2661 905 qno
2686 828 2785 887 est

587 925 888 991 moestior
918 919 1249 990 imbecillo
1278 922 1519 1000 animo,
1549 942 1632 986 eo
1665 925 2072 989 miserabilia
2096 925 2313 1005 magis
2346 924 2783 1007 querentibus

591 1028 881 1112 subjicit.
970 1024 1304 1103 Virorum,
1355 1031 1426 1090 et
1462 1026 1756 1090 maxime
1794 1027 1993 1104 Icilii,
2034 1046 2166 1090 vox
2196 1032 2365 1103 tota,
2396 1027 2782 1091 tribuniciae

586 1131 945 1213 potestatis
968 1141 997 1166 ⁸
1041 1148 1124 1193 ac
1174 1127 1677 1212 provocationis
1723 1128 1807 1192 ad
1862 1128 2180 1211 populum
2225 1133 2519 1209 ereptae,
2568 1127 2785 1211 publi·

588 1251 942 1315 carumque
971 1230 1528 1313 indignationum,
1560 1235 1723 1294 erat.

669 1334 781 1398 49.
827 1333 1210 1398 Concitatur
1239 1331 1599 1397 multitudo
1630 1332 1865 1415 partim
1905 1332 2256 1396 atrocitate
2291 1331 2611 1411 sceleris„
2643 1353 2791 1416 par·

586 1434 706 1498 tim
736 1455 860 1518 spe
886 1454 1010 1519 per
1038 1436 1466 1502 occasionem
1500 1434 1873 1519 repetendae
1905 1433 2247 1498 libertatis.
2302 1435 2595 1517 Appius
2618 1454 2789 1499 nune

587 1538 817 1602 vocari
847 1537 1139 1615 Icilium,
1167 1556 1337 1602 nunc
1362 1542 1825 1602 retractantem
1850 1535 1902 1576 ¹⁸
1942 1536 2142 1619 arripi
2167 1555 2185 1617 ς
2229 1541 2617 1620 postremo,
2644 1556 2788 1601 cnm

587 1639 781 1704 locus
806 1639 1098 1705 adeundi
1127 1639 1623 1723 apparitoribus
1648 1658 1777 1702 non
1806 1638 2086 1714 daretur,
2118 1637 2292 1721 ipse,
2323 1656 2490 1701 cum
2525 1640 2788 1721 agmine

589 1741 1014 1823 patriciorum
1058 1742 1378 1824 juvenum
1414 1761 1532 1825 per
1577 1742 1832 1805 turbam
1869 1739 2152 1817 vadeuS,
2196 1740 2264 1803 in
2299 1740 2601 1804 vincula
2642 1741 2788 1805 duci

578 1840 790 1925 jubet.
876 1843 923 1908 J
928 1863 1036 1908 am
1066 1844 1246 1908 circa
1275 1843 1543 1908 Icilium
1573 1862 1705 1907 non
1747 1844 1961 1907 solum
1992 1841 2385 1919 multitudo,
2420 1841 2551 1905 sed
2585 1842 2788 1906 duces

562 1962 859 2027 *quoque
880 1943 1317 2010 multitudinis
1340 1950 1530 2008 erant
1553 1944 1636 2006 L.
1660 1942 1971 2008 Valerius
1996 1948 2063 2006 et
2086 1942 2187 2006 Μ.
2224 1942 2573 2008 Horatius
2602 1966 2621 2010 ε
2658 1948 2786 2029 qui,

587 2046 856 2127 repulso
883 2047 1138 2124 lictore,
1163 2049 1220 2111 si
1244 2046 1396 2131 jure
1426 2053 1672 2128 ageret,
1693 2046 2026 2110 vindicare
2053 2065 2124 2109 se
2143 2066 2184 2110 a
2202 2047 2470 2129 privato
2493 2045 2796 2112 Icilium‘

590 2147 904 2230 aiebant3
947 2149 1005 2214 si
1036 2152 1171 2213 vim
1214 2150 1441 2214 afferre
1485 2156 1858 2227 conaretur,
1891 2150 1986 2214 ibi
2019 2168 2285 2232 quoque
2318 2167 2394 2212 se
2428 2148 2624 2212 haud
2671 2149 2785 2213 im-

587 2267 790 2330 pares
833 2250 993 2325 fore.
1084 2252 1268 2316 Hinc
1301 2258 1491 2316 atrox
1519 2252 1666 2315 rixa
1701 2252 1928 2317 oritur.
2011 2252 2357 2315 Valerium
2392 2250 2787 2316 Horatium-

589 2369 723 2433 que
773 2351 964 2418 lictor
1021 2351 1378 2419 decemviri
1425 2354 1704 2418 invadit.
1793 2353 2210 2436 Franguntur
2259 2372 2300 2415 a
2360 2352 2785 2417 multitudine

586 2451 839 2519 fasces.
925 2454 1010 2519 In
1038 2455 1426 2520 concionem
1466 2453 1739 2541 Appius
1779 2454 2135 2520 ascendit.⁸
2222 2454 2617 2539 Sequuntur
2648 2454 2786 2521 Ho-

588 2556 797 2619 ratius
827 2555 1298 2641 Valeriusque.
1386 2557 1526 2621 Eos
1559 2557 1797 2621 concio
1832 2555 2050 2621 audit:
2099 2555 2494 2619 decemviro
2525 2557 2784 2619 obstre-

588 2655 793 2738 pitur.
878 2657 925 2722 J
930 2677 1035 2722 am
1089 2650 1212 2743 pro
1273 2658 1553 2742 imperio
1602 2655 1960 2755 Valerius¹¹
2023 2657 2363 2722 discedere
2413 2677 2464 2722 a
2522 2656 2783 2742 privato

650 2842 679 2866 ¹⁸
716 2813 835 2887 Tota
857 2839 1043 2889 illorum
1064 2840 1215 2889 oratio
1234 2838 1473 2903 spectabat
1493 2841 1558 2888 acl
1574 2838 1874 2889 tribuniciam
1892 2844 2188 2903 potestatem,
2214 2841 2294 2901 ᾄσ.

1573 2953 1622 3003 N
1630 2952 1788 3003 OTAE

589 3057 775 3108 gruere
828 3047 961 3101 hanc
1016 3050 1144 3112 reip.
1191 3050 1527 3101 mutationem
1574 3062 1641 3101 ex

590 3117 733 3169 caede
754 3120 999 3183 Virginiae
1039 3137 1154 3172 cum
1192 3138 1254 3173 ea
1292 3141 1408 3189 quae
1443 3141 1509 3176 ex
1536 3125 1640 3177 Lu·

590 3192 769 3243 cretiae
814 3196 957 3247 caede
999 3205 1120 3247 ante
1166 3214 1325 3251 annos
1370 3202 1644 3266 sexaginta

589 3268 913 3333 contigerat:
951 3271 1016 3321 de
1041 3287 1143 3336 qua
1162 3289 1207 3323 c.
1230 3280 1313 3323 59.
1332 3277 1419 3329 lib.
1434 3289 1477 3327 1.

651 3341 672 3377 f
699 3343 759 3397 Sa·
783 3345 898 3408 ,iure
930 3354 1111 3412 ageret,
1138 3350 1375 3404 vindicare
1407 3368 1456 3405 se
1490 3371 1521 3405 a
1541 3356 1641 3418 pri-

587 3427 695 3471 vato
740 3423 953 3487 Icilium]
1004 3426 1273 3477 Privatum
1325 3429 1517 3481 iterum
1561 3432 1643 3481 hic

586 3506 775 3551 vocant
791 3499 1017 3565 Appium
1032 3502 1272 3554 Valerius
1294 3511 1349 3556 et
1371 3506 1643 3569 Horatius,

587 3576 725 3640 quod
769 3590 885 3629 eum
926 3592 1022 3641 pro
1063 3581 1367 3643 magistratu
1412 3596 1514 3635 non
1557 3583 1640 3632 ha-

587 3652 765 3719 beant,
798 3660 857 3703 ut
914 3669 1010 3704 nec
1055 3662 1257 3707 ceteros
1297 3657 1641 3725 decemviros,

587 3745 688 3794 qua
719 3729 785 3779 de
816 3745 872 3780 re
915 3747 1031 3795 cap.
1061 3735 1143 3783 40.
1183 3740 1238 3783 et
1271 3737 1352 3783 41.
1396 3732 1641 3785 Ceterum

586 3806 818 3866 privatus
840 3806 938 3856 sibi
962 3807 1064 3870 ipsi
1089 3808 1178 3872 jus
1202 3809 1375 3859 dicere
1398 3822 1502 3857 non
1524 3817 1638 3873 pot-

591 3888 692 3943 est,
733 3889 822 3947 ant
871 3898 1160 3947 quenquam
1217 3885 1528 3935 anctoritate
1577 3901 1640 3939 ac

587 3964 718 4021 nutu
741 3962 948 4023 proprio
971 3962 1321 4025 prehendere3
1355 3977 1416 4012 ac
1440 3975 1506 4015 ne
1531 3977 1638 4013 rem

587 4030 791 4092 quidem
818 4048 960 4083 suam
985 4037 1136 4085 alteri
1156 4052 1247 4101 per
1265 4038 1363 4091 vim
1385 4038 1634 4102 avellere:

588 4103 681 4153 sed
720 4105 897 4157 horum
947 4113 1171 4162 omnium
1214 4128 1372 4165 causa
1413 4115 1636 4166 eundum

485 4238 494 4249 .
590 4184 671 4230 est
699 4180 764 4235 ad
798 4183 1182 4252 magistratum3
1217 4191 1360 4253 cnjus
1397 4206 1460 4242 ea
1487 4192 1638 4255 jussu

1721 3057 1774 3101 et
1797 3049 2107 3103 alletoritate
2128 3048 2274 3098 fiant.

1784 3135 1810 3170 s
1842 3127 1904 3175 In
1940 3125 2202 3175 concionem
2221 3122 2407 3186 Appius
2444 3119 2691 3182 ascendit]
2724 3120 2782 3169 In

1723 3200 1888 3253 aedem
1910 3199 2155 3264 Vulcani,
2178 3213 2278 3264 quo
2299 3197 2556 3261 populum
2582 3196 2650 3246 ad
2671 3210 2785 3245 con-

1721 3278 1918 3329 cionem
1957 3275 2231 3329 evoeavit:
2288 3273 2382 3325 sed
2423 3273 2584 3337 pauci
2626 3271 2783 3325 secuti

1722 3360 1869 3403 sunt:
1909 3367 2022 3401 nam
2046 3346 2285 3400 Valerius
2303 3364 2421 3398 cum
2447 3349 2556 3398 suis
2575 3349 2783 3399 altem

1722 3425 1825 3479 fori
1878 3433 2077 3493 partem
2133 3423 2432 3487 occupavit,
2475 3430 2781 3486 ostensoque

1722 3502 1975 3565 Virginiae
2016 3515 2233 3563 corpore
2277 3498 2528 3562 majorem
2587 3499 2782 3549 concio·

1721 3592 1839 3629 nem
1863 3575 2209 3643 congregavit.

1788 3653 1811 3686 ¹¹
1847 3655 1943 3702 Pro
1966 3654 2159 3717 imperio
2187 3649 2432 3715 Valerius]
2460 3650 2531 3701 At
2550 3650 2779 3701 Valerius

1725 3731 1954 3795 privatus
1979 3738 2108 3793 erat,
2147 3745 2250 3795 quo
2280 3744 2405 3794 ergo
2431 3729 2557 3793 jure
2586 3744 2679 3795 pro
2700 3730 2779 3777 im·

1725 3808 1870 3870 perio
1915 3807 2106 3871 aliquid
2140 3806 2405 3871 jubebat?
2486 3806 2692 3868 Nempe
2730 3805 2778 3851 in

1723 3885 1837 3944 pari
1877 3897 2051 3945 causa,
2087 3890 2141 3935 et
2171 3897 2237 3933 ex
2273 3883 2623 3946 consequenti
2653 3882 2777 3929 inter

1722 3958 1849 4009 duos
1873 3957 2122 4022 privatos,
2152 3958 2327 4019 potior
2362 3962 2447 4005 est
2485 3967 2776 4018 cansapro·

1720 4034 1962 4084 bibentis.
2028 4035 2201 4096 Etpro
2231 4033 2432 4096 imperio
2463 4033 2657 4096 jubere
2677 4029 2774 4079 dici

1720 4119 1915 4176 potest,
1930 4117 2007 4175 ut,
2028 4111 2173 4174 quasi
2196 4110 2472 4174 imperinm
2496 4124 2658 4173 penes
2677 4109 2771 4156 Vs·

1717 4189 1904 4239 lerium
1937 4187 2140 4250 fuisset,
2162 4187 2238 4237 ita
2259 4199 2327 4237 ex
2351 4200 2524 4237 rerum
2563 4184 2775 4237 necessi-
