3034 4925
589 366 721 435 520

591 547 985 615 oppugnare
1015 525 1277 602 iterum,
1298 523 1534 606 religio
1562 523 1817 589 fuerit.p
1903 520 2145 588 Omnis
2172 522 2275 587 ira
2305 522 2473 587 belli
2492 522 2519 568 ‘¹
2564 522 2650 587 ad
2669 541 2778 606 po-

591 632 1006 721 pulationem
1041 628 1181 711 agri
1208 627 1474 691 vertit.¹⁹
1495 633 1517 663 ¹·
1585 625 1781 691 Alter
1809 625 2047 693 consul
2064 625 2385 691 AEmilius
2407 626 2485 691 iu
2512 626 2777 692 Sabinis

590 735 841 800 bellum
890 733 1111 816 gessit.
1195 730 1289 794 *Et
1338 731 1457 807 ibi,
1503 729 1666 814 quia
1713 729 1929 794 hostis
1978 729 2318 795 moenibus
2365 748 2447 794 se
2501 731 2775 807 tenebat,

589 837 839 903 vastati
869 836 1007 919 agri
1033 841 1210 899 sunt.
1277 833 1617 897 Incendiis
1645 831 1905 908 deinde,
1925 852 2059 895 non
2083 832 2386 897 villarum
2413 831 2651 909 mode,
2672 832 2777 899 sed

587 941 791 1006 etiam
821 941 1137 1014 vicorum,
1174 936 1421 1020 quibus
1470 935 1848 1018 frequenter
1877 935 2349 1010 habitabatur‚⁸
2388 935 2644 1000 Sabini
2683 955 2779 1003 ex·

585 1044 728 1120 citi,
759 1063 909 1108 cum
937 1040 1425 1126 praedatoribus
1455 1038 1920 1115 occurrissent,
1944 1038 2228 1120 ancipiti
2266 1037 2515 1120 praelio
2547 1037 2779 1119 digres-

589 1148 673 1224 si,
726 1154 997 1230 postero
1043 1144 1151 1209 die
1198 1143 1478 1208 retulere
1532 1148 1750 1206 eastra
1799 1143 1867 1206 in
1912 1141 2154 1207 tutiora
2188 1139 2396 1205 loeas⁸
2488 1140 2578 1204 Id
2622 1139 2774 1205 satis

585 1249 844 1314 consuli
870 1249 1113 1325 visum,
1142 1266 1262 1310 eur
1301 1264 1419 1329 pro
1451 1245 1634 1309 vieto
1662 1244 2065 1326 relinqueret
2091 1243 2371 1321 hostem,
2402 1243 2666 1326 integro
2693 1244 2777 1307 in-

582 1353 667 1418 de
697 1351 1024 1417 decedens
1054 1349 1280 1438 bello!

670 1457 777 1520 63.
823 1454 1006 1525 Inter
1049 1448 1195 1537 haee
1233 1452 1431 1525 bella,
1479 1457 1786 1516 manente
1831 1450 2171 1516 discordia
2222 1449 2440 1527 domi,
2491 1449 2584 1514 Τ.
2640 1448 2775 1514 Nu-

584 1550 863 1625 miciusl‘
905 1556 1205 1633 PriscuS,
1238 1554 1321 1621 A.
1353 1553 1706 1637 Virginius
1758 1554 2071 1620 eonsules
2114 1553 2301 1621 faeti.
2390 1552 2566 1616 Non
2615 1553 2773 1616 ultra

582 1636 927 1724 videbatur
951 1659 1169 1722 latura
1197 1657 1427 1741 plebes
1457 1658 1849 1723 dilationem
1875 1656 2152 1739 agrariae
2181 1655 2376 1737 legis,
2409 1653 2772 1739 ultimaque

582 1762 690 1826 vis
755 1762 1142 1844 parabatur,
1189 1779 1368 1835 eum,
1407 1759 1706 1825 Volscos
1758 1759 2020 1835 adesse,
2070 1757 2253 1823 fumo
2317 1776 2411 1820 ex
2463 1757 2775 1820 incendiis

580 1863 884 1929 villarum
911 1862 1200 1945 fugaque
1231 1862 1596 1943 agrestium
1620 1861 1952 1944 cognitum
1982 1866 2105 1925 est.
2190 1857 2294 1923 Ea
2323 1876 2437 1921 res
2457 1863 2772 1922 maturam

572 1965 719 2051 jam
746 1964 1146 2030 sed-itionem
1178 1983 1259 2031 ac
1282 1971 1338 2000 ²0
1380 1984 1592 2049 prope
1614 1970 2067 2047 erumpentem
2090 1961 2436 2045 repressit.
2527 1958 2775 2027 Consu-

1528 376 1600 429 Τ.
1648 375 1837 427 mvn

644 2140 673 2165 ¹⁸
710 2133 882 2182 Castro
903 2136 1029 2183 retro
1051 2133 1400 2182 transtulerunt
1418 2131 1607 2182 Sabini.

644 2205 665 2229 ⁰
701 2199 946 2248 Excedens
966 2213 1027 2247 ex
1048 2197 1241 2248 Sabinis
1262 2198 1380 2247 beno
1401 2213 1495 2246 non
1516 2197 1742 2256 confecto.
1820 2268 1825 2271 Ἦ

1498 2356 1646 2377 ‘0000
1653 2357 1765 2378 0000
1773 2358 1862 2377 ‘O‘

645 2481 707 2527 19
740 2477 803 2527 In
826 2480 930 2529 Με.
953 2479 1133 2529 veith.
1157 2485 1235 2528 est
1253 2481 1471 2531 vertitur.

563 2621 578 2630 „
641 2547 710 2628 20*
737 2543 813 2593 Ac
833 2544 939 2596 del.
962 2544 1284 2596 Gronov.-l
1324 2547 1571 2596 Cerionem
1591 2551 1698 2597 vet.
1716 2545 1807 2595 lib.
1827 2559 1914 2608 ap.
1930 2544 2107 2607 Sigon.

1571 2675 1622 2726 N
1630 2675 1789 2727 01·AE

636 2769 666 2811 ἲ)
699 2764 891 2833 Religio
907 2770 1092 2836 fuerit]
1127 2771 1357 2836 ‘Religio
1392 2772 1630 2824 Deorum

577 2846 721 2895 cultu
758 2849 842 2910 pio
864 2849 1193 2907 continetur,'
1225 2865 1291 2899 ex
1311 2851 1478 2900 Tullio
1499 2865 1538 2901 r.
1564 2852 1631 2900 de

503 2985 518 2998 ,
578 2923 706 2972 Nat.
729 2924 1017 2989 Deorsqua
1040 2925 1091 2974 iu
1113 2940 1169 2974 re
1207 2932 1401 2991 ‘eaput
1436 2935 1516 2976 est
1556 2927 1633 2976 iu·

578 3003 875 3062 terpretari3
895 3015 1011 3066 quae
1037 3003 1275 3052 voluutas
1308 3018 1483 3053 eorum
1517 3018 1630 3054 esse

576 3072 845 3124 videatur:
871 3074 886 3097 ’
919 3084 979 3125 ut
1013 3076 1149 3125 idem
1175 3078 1249 3126 ait
1272 3079 1322 3125 in
1348 3078 1500 3128 Orat.
1538 3093 1632 3143 pro

577 3148 729 3197 domo
767 3165 874 3198 sua.
928 3152 1182 3214 Religioni
1220 3168 1346 3217 ergo
1369 3170 1503 3220 esse,
1539 3164 1634 3205 aut

575 3224 815 3287 religioni
854 3222 974 3273 duci
1006 3226 1200 3291 aliquid
1240 3229 1474 3291 dicimus,
1513 3246 1632 3282 cum

576 3300 690 3364 quis
714 3300 763 3350 id
789 3299 961 3351 faeere
991 3309 1079 3351 aut
1118 3304 1381 3368 suscipere
1405 3303 1630 3365 dubitat

574 3383 716 3428 metu
742 3377 899 3426 divini
923 3378 1161 3430 numiniS.
1232 3381 1405 3437 Quoad
1437 3398 1495 3433 on
1523 3384 1633 3444 soit

573 3454 839 3504 conscience
860 3456 919 3504 de
938 3456 1131 3519 quelque
1153 3457 1305 3507 chose.

637 3538 663 3573 ἰ
703 3531 784 3581 Ira
818 3532 949 3595 beni]
1000 3532 1140 3582 Iram
1183 3533 1306 3583 belli
1357 3532 1489 3584 dixit
1534 3549 1631 3598 per

572 3610 961 3673 metonymiam,
980 3625 1074 3674 pro
1099 3610 1177 3659 ira
1200 3610 1500 3662 bellantium
1527 3613 1630 3662 Ro-

572 3699 856 3740 manorum,
898 3696 990 3736 aut
1033 3702 1127 3751 pro
1180 3687 1477 3780 calamitate
1533 3703 1630 3752 per

573 3758 760 3808 bellum
788 3761 947 3811 illata.

635 3836 769 3885 *Aa
789 3838 1133 3901 populationem
1166 3839 1276 3901 agri
1307 3837 1478 3901 vertit]
1513 3840 1631 3889 Ele-

574 3923 699 3972 gans
737 3919 794 3961 et
834 3915 1029 3963 Nostro
1075 3912 1343 3963 familiaris
1383 3915 1629 3978 loquendi

553 3983 755 4048 ‚fot-ma,
779 4003 877 4051 qua
897 3996 1084 4040 vertere
1117 3991 1423 4041 neutraliter
1445 3998 1499 4040 et
1540 3991 1629 4040 ab·

574 4062 742 4108 solute
760 4064 1036 4126 accipitur,
1062 4079 1152 4129 pro
1167 4081 1229 4114 eo
1247 4066 1383 4131 quod
1404 4074 1484 4115 est
1506 4082 1629 4117 con·

578 4139 707 4187 verti
749 4147 836 4187 aut
879 4143 1061 4205 redigi,
1100 4149 1157 4192 ut
1191 4145 1281 4195 lib.
1316 4159 1369 4195 v.
1407 4159 1525 4208 cap.
1546 4149 1629 4194 49.

571 4216 710 4278 ‘jam
737 4223 966 4267 verterat
986 4218 1227 4281 fortuna,'
1262 4221 1340 4285 (id
1380 4231 1480 4281 est,
1521 4237 1628 4271 mu·

574 4298 689 4341 tata
710 4292 869 4358 erat,)
885 4299 901 4323 ‘
906 4293 1015 4357 jam
1036 4297 1269 4346 Deorum
1286 4313 1428 4362 opes.
1450 4299 1627 4348 huma-

1712 2786 1884 2837 naque
1902 2771 2123 2822 consilia
2154 2783 2266 2819 rem
2309 2768 2594 2817 Romanam
2628 2759 2776 2827 adju·

1714 2848 1945 2901 vabant!

1774 2935 1795 2961 ⁸
1851 2924 2035 2983 Quibus
2076 2917 2079 2920 ’
2097 2924 2377 2988 frequenter
2436 2913 2775 2979 habitabatur]

1711 3002 1853 3056 Quid
1874 3000 2238 3052 habitabatur?
2262 2998 2569 3047 Sabinorum
2592 3003 2779 3054 nempe

1712 3081 1871 3144 regio.
1937 3080 2042 3129 Sed
2066 3077 2248 3127 maluit
2264 3075 2436 3124 Livius
2457 3074 2780 3135 impersona-

1711 3156 1834 3205 liter
1857 3162 1911 3206 et
1934 3156 2125 3221 absque
2149 3153 2354 3202 nomine
2377 3148 2586 3200 efferre.
2658 3147 2775 3196 Ele·

1711 3233 1921 3297 gumias
1957 3248 2021 3282 an
2061 3231 2260 3285 durius,
2302 3225 2640 3291 pronuntiare
2680 3235 2777 3271 non

1711 3309 1893 3359 ausim.
1963 3308 2109 3369 virg.
2151 3306 2358 3371 quidem
2402 3304 2522 3352 Ecl.
2569 3315 2606 3349 ι.
2642 3299 2779 3348 dixit

1709 3388 1726 3415 ⁸
1744 3383 1967 3449 undique
2003 3383 2130 3433 totis
2152 3384 2330 3447 Usque
2352 3378 2484 3428 adeo
2526 3376 2777 3425 turbatur

1712 3459 1903 3522 εει-ἰδέ·
1951 3459 2054 3509 Sed
2077 3459 2177 3508 hoe
2199 3471 2316 3506 mea
2335 3454 2601 3504 sententia
2621 3452 2776 3513 longe

1712 3534 2053 3586 tolerabilius.

1716 3621 1721 3624 “
1775 3612 1792 3645 i
1828 3612 1884 3661 T.
1909 3607 2183 3671 Numicius]
2209 3606 2273 3657 Α.
2293 3602 2591 3669 Virgiuinm
2629 3597 2776 3652 Pris-

1709 3704 1826 3739 cum
1883 3694 1937 3739 et
1990 3689 2057 3737 T.
2107 3683 2400 3735 Numicium
2461 3682 2777 3730 Montanum

1709 3763 1947 3814 eonsules
1971 3764 2023 3820 in
2044 3776 2228 3811 annum
2246 3763 2361 3809 284.
2375 3756 2490 3824 (qni
2512 3757 2568 3806 in
2593 3757 2779 3826 Olym·

1714 3840 1918 3905 piadem
1950 3843 2034 3889 78.
2064 3835 2355 3900 Theagride
2374 3833 2600 3883 Athenis
2642 3833 2777 3895 pria·

1713 3918 1854 3981 cipe,
1877 3913 2086 3979 incidit)
2107 3920 2345 3964 suctores
2362 3910 2617 3976 produnt.
2670 3910 2775 3959 Νι·

1710 3995 1903 4044 micium
1925 3999 2116 4053 autem,
2137 3990 2274 4042 sieut
2295 3988 2594 4044 Minuciam,
2630 4000 2728 4049 per
2752 4000 2778 4034 c

1711 4068 2042 4119 scribendum
2063 4066 2242 4129 Sigon.
2280 4063 2577 4113 annotavit.
2643 4063 2775 4112 Eum

1711 4146 1855 4195 Fasti
1895 4144 2071 4195 Groeci
2104 4143 2565 4200 Caelimontanam,
2592 4137 2777 4201 Cuspi.

1711 4223 1854 4274 niani
1880 4223 2287 4276 Nomentanum,
2308 4216 2699 4282 cognominant.
