3034 4925
1119 420 1561 473 nis'romcAE.
2338 402 2467 476 iss

277 573 515 636 exilium
545 572 775 638 Rutilii.
855 578 957 653 (V.
985 577 1059 636 ad
1093 592 1146 636 a.
1172 577 1247 637 U.
1277 580 1444 652 654.)
1488 578 1655 659 syna
1687 577 1999 658 Tigranem
2032 578 2277 659 expellit
2304 581 2465 661 Οὔρ-

275 669 551 751 padocia.
635 674 725 735 Μ.
758 674 902 735 Livii
944 674 1124 735 Drusi
1153 676 1403 736 oratoris
1431 676 1763 737 'tribunatus
1792 686 1854 737 et
1896 677 2246 757 leges—Qu
2280 678 2467 739 AElius

271 771 506 832 Tubero
534 771 646 832 JC.
1512 820 1581 879 ⁹

741 971 816 1030 U.
846 970 917 1030 G.
947 972 1087 1031 661.
1132 972 1205 1030 A.
1237 971 1308 1030 C.
1340 968 1438 1032 91.
1485 971 1584 1031 Ol.
1619 980 1886 1033 cnxxrr.
1918 976 1978 1033 2.

351 1083 432 1145 L.
467 1085 746 1146 Marcius
781 1086 1117 1166 Philippus
1157 1098 1375 1160 oraton
1405 1087 1537 1149 Sex.
1567 1089 1776 1149 Julius
1804 1090 2022 1175 Caeyar.
2104 1091 2338 1150 Drusus
2367 1107 2466 1150 so·

274 1180 496 1241 ciorum
524 1193 810 1260 patronus
858 1183 1016 1244 domi
1059 1186 1318 1246 occisus.
1402 1187 1477 1246 A.
1509 1187 1582 1246 C.
1631 1187 1841 1247 91-88.
1886 1187 2107 1246 bellum
2153 1186 2371 1246 sociale
2415 1207 2464 1247 s.

276 1279 600 1340 Marsicum
640 1291 700 1341 et
739 1283 1457 1356 Italicum.·-Ss.dducoei‚
1485 1283 1796 1359 Pharisoei‚
1829 1285 2054 1358 Esseni,
2087 1284 2462 1366 synedrium.

274 1376 339 1437 L.
371 1376 690 1439 Cornelius
721 1380 975 1440 Sisenna
1006 1379 1147 1442 hist.

756 1593 828 1654 U.
859 1593 931 1654 C.
961 1595 1104 1655 662.
1135 1552 1220 1656 A.
1250 1592 1321 1655 C.
1348 1597 1445 1656 90.
1492 1594 1594 1656 Ol.
1623 1604 1893 1656 enxxn.
1924 1599 1981 1658 3.

350 1720 428 1779 L.
451 1719 659 1782 Julius
685 1722 907 1798 Coesar,
943 1725 1022 1785 P.
1046 1717 1320 1787 Rutilius
1349 1722 1584 1807 Lupus.
1668 1722 1748 1785 Hi
1777 1722 1932 1787 male
1964 1746 2056 1788 res
2086 1734 2299 1807 gerunt
2323 1710 2461 1787 adv.

273 1817 489 1890 socios,
518 1827 582 1877 at
627 1821 777 1881 bene
827 1822 1078 1895 Marius,
1109 1824 1294 1904 Sylla,
1342 1824 1459 1886 Cn.
1508 1823 1827 1905 Pompeius
1874 1834 1935 1884 et
1983 1824 2109 1886 Ser.
2140 1824 2461 1903 Sulpicius.

272 1913 695 1977 Ariobarzanes
724 1929 786 1978 et
815 1914 1172 1983 Nicomedes
1203 1924 1402 2002 reguis
1431 1923 1585 2002 pulsi
1615 1941 1649 1982 a
1679 1920 2048 1982 Mithridate.
2135 1921 2260 1982 Lex
2285 1921 2467 1983 Varia

273 2012 344 2080 Q.
371 2012 539 2073 Varii
566 2015 852 2094 Hybridse
880 2018 1017 2080 trib.
1058 2020 1140 2099 pl.
1173 2019 1249 2081 de
1277 2020 1589 2099 majestate
1617 2039 1635 2089 ς
1678 2029 1740 2083 et
1768 2019 1805 2079 J
1811 2018 1933 2078 ulia
1959 2017 2035 2079 de
2064 2018 2302 2081 civitate
2329 2034 2466 2080 cum

271 2109 341 2173 iis
370 2111 552 2172 sociis
592 2115 1112 2190 communicanda,
1156 2119 1260 2198 qui
1304 2118 1473 2180 fundi
1522 2117 1688 2196 (huie
1727 2114 1872 2197 legi)
1896 2117 2129 2191 floreum·
2155 2116 2291 2203 iae.
2335 2116 2465 2197 ejus

231 2274 254 2292 ,
270 2207 557 2272 beneficio
584 2211 673 2272 uti
697 2212 942 2275 vellent.

713 2401 790 2464 U.
819 2403 892 2464 C.
924 2401 1065 2464 663.
1108 2403 1183 2462 A.
1215 2403 1287 2465 C.
1318 2404 1419 2465 89.
1504 2403 1607 2464 01.
1638 2416 1911 2468 chxu.
1940 2407 2005 2465 4.

349 2515 460 2576 Cn.
492 2517 822 2597 Pompeius
852 2517 1091 2590 Straba,
1137 2516 1348 2597 Magni
1394 2527 1583 2597 pater,
1614 2518 1695 2578 L.
1726 2517 1992 2577 Porcius
2023 2516 2190 2590 Caro.
2273 2512 2465 2592 Leges

272 2610 543 2686 Plautiae,
575 2615 660 2675 M.
686 2614 905 2674 Plautii
954 2615 1179 2674 Silvani
1224 2615 1361 2675 triba
1400 2615 1484 2695 pl.
1533 2614 1609 2674 de
1650 2612 1897 2693 judiciis
1922 2632 2057 2673 cum
2084 2612 2381 2692 equitibus
2408 2621 2471 2670 et

273 2722 475 2772 senatu
508 2711 1041 2784 communicandis,
1070 2724 1133 2773 et
1158 2713 1233 2772 de
1264 2713 1318 2773 vi
1367 2712 1607 2772 armatis
1648 2710 2005 2770 hominibuS.
2090 2711 2211 2769 Lex
2235 2708 2470 2769 Plautia

273 2804 510 2886 Papiria
539 2811 612 2870 C.
654 2810 872 2891 Papirii
893 2811 1184 2871 Carbonis
1211 2812 1372 2889 (trib.
1402 2810 1517 2889 pl.)
1545 2809 1619 2869 de
1649 2807 1885 2869 divitate
1915 2807 2093 2868 sociis
2117 2806 2342 2870 danda.
2388 2807 2462 2868 P.

274 2904 530 2967 Licinius
567 2907 823 2967 Crassus
855 2916 917 2968 et
942 2907 1008 2967 L.
1038 2908 1236 2969 Julius
1277 2909 1483 2969 Coesar
1509 2926 1788 2967 censores
1820 2906 2037 2978 socios,
2075 2925 2261 2966 novos
2287 2905 2467 2979 cives,

273 3003 538 3083 rejiciunt
577 3005 637 3064 in
681 3026 871 3066 novas
906 3018 1357 3086 postremasque
1398 3005 1604 3066 tribuS.
1689 3006 1766 3065 A.
1820 3004 2200 3083 Sempronius
2240 3003 2467 3064 Asellio
2595 3035 2605 3046 ·

274 3114 482 3181 proetor
512 3104 643 3163 urb.
677 3104 887 3164 Romae
916 3123 953 3164 a
978 3103 1451 3176 foeneratoribus,
1480 3105 1555 3165 A.
1590 3103 1927 3164 Postumius
1962 3101 2210 3162 Albinus
2230 3100 2466 3180 legatus

276 3201 345 3259 ab
372 3202 633 3273 exercitu
666 3220 797 3274 suo,
826 3210 885 3261 et
914 3201 1066 3260 Cato
1093 3201 1304 3261 consul
1333 3202 1394 3261 in
1437 3201 1640 3281 praelio
1670 3221 1706 3261 a
1738 3200 1811 3259 C.
1846 3197 2020 3258 Marii
2047 3198 2170 3259 filio
2199 3212 2465 3260 necatur.

276 3297 345 3358 A.
374 3299 446 3358 C.
476 3300 693 3360 89-62.
721 3295 944 3359 bellum
977 3289 1467 3360 Mithridaticum.

717 3499 791 3559 U.
821 3497 895 3557 C.
925 3498 1063 3558 664.
1091 3497 1163 3557 A.
1191 3498 1264 3555 C.
1296 3497 1397 3556 88.-
1483 3493 1584 3556 ol.
1618 3501 1923 3556 chxrri.
1955 3498 2009 3556 l.

352 3611 428 3672 L.
459 3614 771 3674 Cornelius
814 3593 1005 3691 syna,
1038 3613 1113 3683 Q.
1145 3597 1471 3691 Pompeius
1500 3609 1726 3691 Rufus.
1809 3601 1882 3668 Ρ.
1917 3603 2159 3685 Sulpicii
2196 3603 2336 3661 Rufi
2365 3599 2467 3660 tri-

277 3706 550 3781 bunatuS‚
579 3710 742 3790 leges
770 3713 864 3788 (ut
890 3708 1095 3769 exules
1124 3716 1492 3779 revocentur,
1521 3717 1589 3765 ut
1615 3704 1753 3766 novi
1783 3706 1941 3766 cives
1971 3715 2032 3762 et
2058 3699 2314 3760 libertini
2343 3697 2467 3759 dis-

279 3804 599 3866 tribuantur
644 3828 748 3887 per
791 3808 996 3880 tribus,
1040 3819 1225 3885 utque
1273 3804 1492 3865 bellum
1537 3802 1806 3864 Mithrid.
1859 3798 2042 3880 Syllae
2095 3796 2466 3871 mandatum,

282 3899 463 3964 Mario
491 3905 871 3978 decernatur)
914 3915 974 3965 et
1020 3919 1198 3964 morS.
1285 3903 1520 3963 Bellum
1562 3900 1730 3962 civile
1760 3903 1912 3959 inter
1961 3897 2216 3957 Marium
2246 3905 2308 3956 et
2333 3894 2467 3975 Syl-

280 3996 410 4058 lm.
496 4002 612 4061 Hic
640 4002 1011 4061 adversarios
1040 4002 1202 4061 Urbe·
1224 4000 1414 4082 pellit,
1442 4009 1502 4059 et
1530 4000 1592 4058 in
1623 3998 1821 4058 Asiam
1848 3995 2259 4076 proficiscitur.
2331 3993 2463 4053 Ma-

280 4095 394 4156 tius
420 4117 554 4160 cum
581 4100 708 4159 filio
740 4100 799 4157 in
829 4100 1089 4160 Africam
1118 4099 1301 4159 venit.
1389 4099 1466 4167 Q.
1495 4096 1840 4176 Pompeius,
1870 4101 2110 4156 auctore
2139 4092 2256 4152 Cu.
2286 4090 2464 4156 Pom,-

280 4195 424 4273 pelo,
448 4205 511 4255 et
535 4197 695 4258 filius
739 4195 887 4276 ejus,
917 4217 1099 4277 gener
1127 4197 1333 4277 Syllae,
1362 4216 1398 4255 a
1427 4195 1699 4275 Sulpicio
1745 4193 2003 4252 occisus.
2086 4187 2463 4252 Mithridates

286 4290 385 4352 Μ’.
404 4294 726 4374 Aquillium
749 4312 1074 4375 omnesque
1106 4297 1438 4368 Romanos,
1461 4294 1520 4351 in
1553 4292 1699 4352 Asia
1743 4291 2141 4372 negotiante8‚
2181 4283 2463 4345 trucidari
