3034 4925
958 362 1134 411 virs
1186 361 1277 408 m·
1325 359 1688 410 msrouu
1737 361 1919 410 unu.
2419 343 2512 410 26

322 508 508 575 acies
532 508 855 574 instructa
880 526 1235 593 pugnaque
1265 508 1649 586 commissa,
1678 507 1923 593 quibus
1952 502 2253 580 consiliis
2277 505 2350 596 et
2375 525 2513 591 qua

322 614 577 677 ratione
627 611 1080 677 memorabilis
1121 630 1230 676 res
1268 620 1426 677 acta
1466 612 1580 689 sit,
1627 613 1747 695 qui
1772 611 1917 696 ejus
1945 616 2232 676 eventus
2259 616 2328 675 et
2351 609 2543 696 quse·
2629 692 2635 698 q

324 714 529 798 hujus
561 733 791 779 causae
818 713 1082 792 fuerint,
1113 734 1231 780 seu
1254 733 1478 793 casuS,
1506 734 1631 779 seu
1659 714 2079 790 temeritatis,
2108 730 2224 777 sen
2246 714 2514 797 sapien-

326 815 463 890 tioe,
492 815 658 899 quid
687 816 755 879 in
801 815 1147 899 republica
1179 817 1666 896 constituenda,
1707 816 2236 883 administranda
2263 824 2336 881 et
2372 836 2513 883 mu-

325 918 555 998 tanda,
584 918 749 1001 quid
793 918 865 983 in
893 918 1197 1001 eligendo
1243 938 1486 1008 campo
1514 919 1801 1004 locoque
1832 926 2221 997 castrorum,
2250 919 2415 1002 quid
2446 919 2517 984 in

327 1020 692 1086 ordinanda
718 1022 895 1100 acie,
935 1023 1006 1087 in
1046 1022 1372 1088 subsidiis
1402 1022 1861 1106 disponendis,
1890 1022 1958 1088 in
2001 1039 2329 1106 procursu
2360 1039 2519 1086 con-

330 1142 643 1203 cursuve,
671 1123 738 1188 in
768 1125 1029 1209 impetu
1058 1126 1274 1191 hostis
1303 1126 1706 1209 excipiendo
1722 1131 1787 1191 et
1806 1125 2213 1209 repellendo,
2236 1121 2399 1209 quid
2427 1124 2519 1189 ab

328 1226 638 1310 equitatu
666 1234 738 1291 et
763 1227 1094 1311 peditatu,
1116 1228 1446 1313 hujusque
1475 1233 1547 1294 et
1571 1228 1756 1294 illius
1778 1234 1990 1314 parte,
2006 1229 2177 1292 bene
2205 1234 2321 1292 aut
2345 1225 2522 1291 male

333 1330 423 1393 sit
454 1329 728 1407 factum,
760 1331 931 1396 scite
962 1340 1034 1398 et
1061 1332 1433 1397 luculenter
1461 1330 1851 1398 declaravit.
1938 1329 2116 1410 Qnae
2161 1330 2522 1413 praecipuae

333 1441 497 1497 sunt
555 1435 842 1498 virtutes
898 1433 1193 1500 historiae
1232 1439 1642 1521 πραγματικῆς
1699 1443 1771 1500 et
1828 1434 2258 1513 &nobum-mig:
2326 1432 2523 1517 cujus

334 1534 452 1599 ille
504 1536 895 1621 exemplum
942 1557 986 1603 a
1037 1537 1323 1623 Polybio
1365 1545 1721 1617 sumserat,
1762 1544 1829 1604 et
1874 1538 1959 1603 ad
2002 1537 2199 1622 cujus
2227 1533 2525 1601 normam

338 1636 695 1704 Sallustius
722 1639 992 1722 quidem
1017 1646 1084 1707 et
1111 1641 1349 1706 deinde
1381 1642 1500 1708 alii
1534 1642 1679 1727 jam
1716 1642 2015 1725 singulas
2052 1640 2353 1706 historiae
2379 1637 2528 1702 Ro·

336 1759 558 1805 manae
588 1746 817 1824 partes
846 1731 1442 1823 conformaverunt,
1491 1745 1728 1811 Livius
1768 1765 1949 1817 vero,
1988 1743 2172 1829 quod
2202 1743 2528 1817 sciamus,

339 1849 557 1908 totam
588 1844 844 1928 primus
873 1847 1432 1913 accommodavit.
1521 1848 1701 1913 Haec
1722 1849 1949 1913 omnia
1969 1849 2030 1913 si
2058 1844 2412 1930 exemplis,
2441 1855 2533 1907 ex

338 1964 428 2009 eo
459 1947 712 2030 petitis,
728 1948 1072 2036 'illustrare
1114 1950 1354 2016 vellem
1380 1957 1450 2016 et
1492 1952 1835 2029 evincere3
1880 1952 2111 2017 charta
2153 1953 2223 2014 ct
2260 1954 2534 2030 tempus

341 2067 450 2112 me
478 2049 681 2115 citius
710 2051 1097 2131 deficerent,
1125 2074 1326 2138 qnam
1366 2057 1575 2120 oratio
1602 2061 1669 2120 et
1696 2056 2022 2121 materies.

431 2150 541 2215 De
573 2152 777 2233 Livii,
805 2155 1105 2221 historici
1122 2159 1420 2224 omnium
1443 2158 2010 2245 eloquentissimi,
2031 2156 2336 2221 oratione
2360 2151 2535 2237 ejus-

344 2273 479 2338 que
529 2255 756 2321 indole
797 2263 865 2323 et
892 2267 1153 2336 ornatu,
1183 2279 1322 2325 non
1351 2266 1476 2340 est,
1507 2260 1685 2346 quod
1732 2262 1941 2327 multa
1969 2257 2213 2324 addam
2242 2256 2350 2332 iis,
2383 2273 2538 2340 quae

342 2355 483 2442 jam
513 2377 717 2441 supra
755 2360 790 2444 §
822 2376 940 2426 111.
984 2361 1154 2428 dixi.
1245 2364 1370 2429 Est
1399 2383 1483 2430 ea
1531 2384 1660 2428 non
1696 2365 1914 2429 minus
1963 2360 2262 2446 pulchra,
2310 2376 2541 2421 nume-

348 2480 537 2538 rosa,
570 2464 844 2546 elegans
875 2472 943 2531 et
994 2467 1229 2546 nitida,
1272 2487 1475 2554 quam
1525 2468 1769 2546 dulcis,
1791 2465 2119 2553 jucunda,
2165 2467 2453 2528 venusta
2480 2464 2547 2527 et

349 2566 647 2645 urbana3
691 2572 795 2630 est
822 2568 1148 2646 dilucida,
1181 2570 1475 2654 simplex
1505 2575 1574 2634 et
1600 2568 1982 2653 aequabilis,
2012 2567 2215 2630 rebus
2245 2569 2315 2628 et
2343 2560 2546 2629 affec·

348 2667 532 2731 tibus
578 2671 1018 2753 couveniens3
1062 2672 1130 2736 in
1161 2672 1604 2737 concionibus
1635 2671 1882 2735 diserta
1910 2674 1976 2734 et
2020 2668 2262 2751 gravis,
2306 2665 2547 2730 verbo-

344 2788 494 2863 rum
548 2791 738 2856 saepe
789 2772 1399 2858 sententiarumque
1441 2772 1721 2838 floribus
1763 2789 2152 2855 conspersa,
2201 2767 2431 2851 figuris
2475 2772 2547 2831 et

351 2872 901 2940 translationibus
939 2875 1287 2955 distincta,
1325 2895 1801 2960 nonnunquam
1834 2880 1906 2938 et
1946 2868 2258 2958 poetica3
2289 2874 2362 2934 nt
2381 2887 2546 2954 pau·

350 2974 451 3037 cis
473 2974 689 3040 multa
707 2977 1144 3061 complectar,
1166 2978 1363 3062 plane
1400 2978 1691 3043 oratoria
1714 2985 1786 3041 et
1824 2975 2298 3042 Ciceroniana:
2343 2986 2549 3056 quam

353 3077 521 3140 bene
559 3082 585 3111 ‘
604 3079 830 3142 miram
876 3072 1265 3145 facundiam
1287 3087 1356 3145 et
1385 3080 1673 3147 lacteam
1695 3081 2064 3144 ubertatem
2086 3076 2104 3104 ’
2133 3076 2307 3141 dixit
2337 3073 2550 3153 Quin-

356 3180 452 3244 til.
498 3179 669 3244 Inst.
715 3179 831 3244 Or.
884 3199 1044 3246 vul.
1074 3184 1139 3247 1.
1164 3183 1229 3247 3.
1275 3189 1340 3249 et
1386 3200 1465 3248 x.
1508 3184 1574 3247 1.
1619 3183 1728 3247 32.
1772 3183 1890 3247 ubi
1934 3181 2134 3247 etiam
2182 3179 2217 3263 §
2254 3179 2408 3242 101.
2453 3176 2552 3239 ita

347 3280 722 3375 judicavit:
791 3290 810 3320 ‘
837 3282 1148 3351 Historia
1186 3305 1321 3350 non
1389 3286 1666 3350 cesserit
1713 3282 2000 3361 Graecis,
2049 3301 2171 3346 nec
2215 3298 2550 3364 opponere

356 3383 741 3470 Thucydidi
765 3385 1155 3453 Sallustium
1181 3408 1447 3455 verear:
1500 3407 1627 3453 nec
1667 3377 2039 3471 indignetur
2074 3383 2205 3449 sibi
2245 3380 2551 3449 Herodo-

358 3494 468 3552 tus
499 3489 761 3570 oequari
788 3489 873 3553 Τ.
898 3489 1185 3571 Livium,
1226 3511 1377 3556 cum
1421 3492 1491 3555 in
1512 3490 1844 3556 narrando
1881 3489 2065 3554 mirae
2105 3483 2554 3571 jucunditatis

361 3590 850 3676 clarissimique
897 3590 1237 3674 candoris,
1283 3602 1422 3661 tum
1460 3596 1529 3659 in
1589 3592 2050 3671 concionibus,
2098 3608 2306 3681 supra
2350 3605 2556 3670 quam

362 3695 657 3759 enarrari
680 3702 931 3778 potest,
963 3696 1419 3782 eloquentem:
1465 3699 1566 3762 ita
1587 3697 1897 3763 dicuntur
1919 3695 2143 3760 omnia
2165 3711 2319 3756 cnm
2336 3690 2556 3765 rebus,

362 3803 499 3862 tum
528 3800 836 3881 personis
865 3801 1391 3866 accommodata.
1479 3801 1618 3866 Sed
1662 3800 1945 3865 affectus
1985 3794 2278 3881 quidem,
2324 3794 2559 3877 praeci-

364 3919 498 3982 pue
516 3919 662 3980 eoS,
680 3900 796 3985 qui
819 3908 973 3966 sunt
993 3902 1344 3977 dulciores,
1366 3912 1441 3970 ut
1456 3904 1855 3988 parcissime
1879 3901 2119 3972 dicam,
2135 3916 2329 3962 nemo
2349 3896 2559 3962 histo·

365 4002 651 4068 ricorum
669 4002 1158 4070 commendavit
1173 4007 1414 4089 magis.
1442 4005 1739 4089 Ideoque
1763 4003 2201 4069 immortalem
2213 4000 2398 4067 illam
2411 4000 2560 4066 Sal-

691 4223 711 4249 r
747 4215 829 4269 ef.
855 4215 1040 4282 Polyb.
1067 4232 1106 4271 ι.
1130 4221 1177 4268 2.
1196 4221 1276 4268 35.
1294 4233 1356 4270 n.
1380 4223 1460 4273 37.
1484 4232 1569 4269 ιιι.
1596 4224 1640 4269 1.
1659 4222 1713 4270 7.
1732 4221 1815 4271 31.
1838 4221 1919 4268 32.
1944 4232 2017 4269 vr.
2040 4222 2088 4277 6.
2114 4229 2189 4266 ix.
2206 4220 2254 4266 2.
