3034 4925
2308 379 2432 451 581

244 547 396 606 tero
425 539 554 606 die‘
579 538 876 620 Fabius,·
900 559 1028 605 non
1062 543 1461 625 permixtam
1483 537 1510 576 ‘¹
1559 559 1754 606 uuam
1796 541 2124 607 sociorum
2156 541 2436 609 civium-

235 662 404 727 que,
436 642 555 707 sed
583 644 777 708 trium
808 643 1205 728 populorum
1228 650 1361 709 tres
1389 641 1747 726 separatim
1771 641 1953 707 acies
1976 644 2156 709 circa
2180 644 2433 709 vallum

235 745 543 810 hostium
573 746 900 810 instruxit.
972 746 1138 829 Ipse
1155 752 1296 810 erat
1324 745 1580 809 medius
1610 762 1760 808 cum
1785 745 2152 827 legionibus
2185 745 2430 811 Roma·

235 847 380 910 nis.
468 845 506 910 Ι
507 846 636 911 nde
682 845 947 928 signum
979 847 1331 912 observare
1358 844 1592 930 jussit,
1621 854 1702 910 ut
1730 847 1969 930 pariter
1996 855 2066 912 et
2096 849 2262 913 socii
2291 868 2431 913 rem

233 949 634 1033 inciperent,
657 948 1099 1032 referrentque
1115 949 1379 1032 pedem,
1398 949 1457 1012 si
1473 950 1768 1032 receptui
1788 951 2160 1017 cecinisset.
2222 951 2431 1037 Equi·

236 1057 354 1117 tes
379 1052 537 1116 item
568 1070 709 1115 snoe
741 1051 1027 1135 cuique²
1069 1052 1246 1136 parti
1269 1059 1293 1089 ⁶
1336 1055 1494 1135 post
1537 1052 1866 1136 principia
1900 1052 2244 1119 collocat!
2322 1053 2432 1118 Ita

235 1153 569 1219 trifariam
603 1152 876 1218 adortus
906 1159 1131 1219 castra
1172 1154 1639 1220 circumvenit:
1686 1161 1778 1233 et,
1821 1174 1976 1220 cum
2006 1157 2300 1240 undique
2331 1156 2431 1220 in-

239 1260 471 1333 staret,
528 1274 659 1319 non
718 1254 1109 1321 sustinentes
1164 1257 1482 1341 impetum
1540 1255 1838 1322 Volscos
1883 1256 2063 1323 vallo
2107 1256 2428 1324 deturbat.

239 1357 735 1442 Transgressus
763 1356 920 1421 inde
948 1359 1375 1437 munitioneS,
1398 1359 1717 1443 pavidam
1735 1361 1993 1435 turbam
2011 1359 2427 1444 inclinatam-

236 1463 472 1544 quein
502 1467 755 1544 partem
786 1480 986 1525 unam
1019 1462 1259 1527 castris
1289 1460 1589 1547 expellit.
1662 1462 1831 1527 Inde
1860 1461 2073 1527 effuse
2090 1461 2427 1544 fugientes

237 1582 478 1647 eques,
513 1564 624 1628 cui
666 1582 977 1647 superare
1021 1564 1268 1630 vallum
1312 1563 1492 1629 haud
1538 1564 1736 1630 facile
1778 1565 2015 1643 fuerat,
2059 1583 2208 1628 eum
2240 1563 2327 1629 ad
2356 1563 2428 1628 id

239 1669 590 1759 spectator
640 1684 884 1750 pugnas
943 1668 1291 1743 astitisset,
1345 1666 1560 1732 libero
1602 1685 1846 1767 campo
1894 1666 2197 1750 adeptus,
2238 1670 2425 1749 parte

235 1766 545 1833 victoriae
585 1767 842 1846 fruitur,
873 1769 1138 1834 territos
1168 1768 1507 1835 caedendo.
1510 1768 1537 1806 ⁸
1622 1756 1875 1852 Magna
1899 1769 2014 1833 et
1994 1788 2064 1832 m
2092 1767 2330 1833 eastris
2360 1777 2429 1832 et

237 1875 436 1935 extra
462 1871 876 1937 munimenta
902 1871 1130 1936 caedes
1159 1869 1554 1954 rugientium
1577 1871 1739 1936 fuit:
1780 1871 1902 1936 sed
1928 1871 2158 1955 praeda
2179 1868 2432 1954 major,

235 1973 408 2056 quia
435 1974 549 2038 vix
583 1993 766 2038 arma
789 1993 1013 2038 secum
1039 1972 1266 2038 efferre
1292 1972 1505 2048 hostis
1537 1974 1781 2056 potuit.
1872 1972 2284 2055 Deletusque
2308 1990 2425 2035 ex·

236 2075 484 2139 ercitus
513 2076 709 2154 foret,
737 2076 809 2140 ni
836 2075 1164 2159 fugientes
1195 2075 1403 2159 sylvae
1436 2076 1780 2140 texissent.
1890 2144 1895 2149 ,

327 2176 437 2265 23.
482 2180 660 2244 Dum
693 2179 776 2243 ad
806 2177 1078 2244 Antium
1105 2180 1254 2244 haec
1282 2185 1611 2259 geruntur,
1639 2177 1892 2242 interim
1920 2176 2158 2259 AEqui,
2186 2176 2429 2241 robore

225 2276 618 2361 juventutis
635 2279 1012 2363 praemisso,
1041 2299 1260 2346 arcem
1290 2278 1742 2344 Tusculanam
1763 2287 1790 2326 ⁸
1832 2279 2204 2364 improviso
2232 2285 2428 2347 nocte

1010 397 1156 448 mn.
1204 396 1316 451 ιιι.
1362 397 1527 446 eAr.
1570 377 1683 446 23.

308 2443 331 2478 ὃ
351 2446 641 2510 Equitum,
675 2464 780 2497 cum
811 2447 1034 2498 haetenus
1050 2462 1225 2511 pugne
1248 2451 1471 2511 tanquam
1488 2450 1724 2511 spectator
1742 2449 1927 2496 tautum
1957 2444 2300 2508 intervenisset,
2325 2443 2432 2496 hos-

231 2516 311 2560 tes
326 2512 577 2574 fugientes
593 2528 679 2576 per
696 2528 882 2578 campos
898 2529 989 2563 non
1009 2514 1255 2578 impeditos
1273 2517 1530 2577 mutus,
1551 2515 1632 2576 &¹0-

1159 2657 1188 2677 O
1193 2655 1527 2678 eeeeeeeeeu

231 2757 368 2805 inter
387 2769 437 2804 se
456 2754 651 2819 perlitis
668 2755 951 2818 provincias,
975 2754 1145 2814 Fabio,
1165 2759 1235 2809 ut,
1248 2758 1331 2819 &¹0-
1334 2758 1427 2803 -1
1450 2754 1611 2817 Vulg.
1648 2753 1914 2816 Cornelius,
1932 2756 1989 2801 ut
2009 2751 2190 2803 Romae.
2194 2754 2288 2801 -2
2320 2749 2435 2802 Alii

234 2818 518 2870 emendant
540 2836 623 2870 m
638 2821 817 2886 cuique,
841 2822 905 2871 ai.
924 2836 1034 2872 suos
1056 2790 1145 2871 vef
1159 2834 1257 2869 suoe
1278 2834 1502 2885 quemque
1524 2827 1613 2869 aut
1634 2832 1730 2868 suoe
1751 2832 1963 2882 quosque.

1226 2949 1441 3002 No'r-AE.

301 3047 328 3081 ὖ
364 3047 474 3108 Non
488 3036 797 3113 permixtam]
818 3048 1068 3099 Sciebant
1090 3047 1293 3114 quidem

230 3123 445 3189 pedites
481 3124 780 3189 equitesque
820 3126 1073 3174 sociorum
1111 3123 1163 3173 in
1191 3124 1294 3174 duo

231 3201 382 3250 velut
405 3215 624 3264 corpora
646 3199 861 3249 distrahi
895 3207 1103 3250 anctore
1140 3200 1294 3265 Poly-

229 3276 327 3326 bio
352 3284 407 3326 et
430 3276 625 3325 Nostro
645 3276 870 3339 pluribus
906 3279 1031 3327 locis
1056 3293 1073 3327 e
1106 3277 1181 3327 ita
1219 3286 1294 3326 ta·

233 3367 361 3404 men
400 3361 457 3402 ut
494 3365 647 3402 uuam
675 3366 790 3402 cum
839 3353 1082 3403 Romanis
1129 3353 1292 3403 aciem

234 3429 637 3493 constituerent,
658 3435 927 3495 essentque
949 3429 1181 3494 ejusdem
1203 3444 1292 3479 ex·

225 3504 434 3555 'ercitus
459 3514 650 3569 partes.
724 3507 879 3558 Nunc
902 3515 1075 3556 autem
1113 3507 1164 3555 in
1187 3514 1310 3555 tres*

231 3582 376 3633 acies
412 3581 602 3631 divisus
635 3583 898 3650 exercitus
943 3597 972 3631 a
1006 3581 1182 3631 Fabio.
1247 3580 1299 3629 11

223 3658 393 3708 ‘divisa
408 3674 495 3709 soa
515 3659 671 3710 armbe
692 3674 750 3709 en
780 3659 899 3709 trois
918 3673 1070 3723 corps.

303 3742 329 3769 Φ
360 3729 476 3786 Suae'
505 3738 668 3801 cuique
702 3736 859 3801 parti]
896 3731 1079 3786 Potuit
1117 3734 1294 3785 Liviu-

236 3812 490 3870 scribere,
522 3822 576 3863 et
618 3828 703 3862 sua
740 3814 905 3883 cuique
941 3813 1098 3878 parti,
1125 3820 1185 3863 ut
1227 3812 1290 3861 ad

235 3888 494 3951 principia
563 3888 818 3949 refer-ren·
869 3889 1296 3955 quemadmodum

221 3961 356 4036 'vuit
394 3965 559 4017 Gron.
594 3975 648 4018 et
686 3982 796 4017 suos
832 3969 995 4032 cuique
1025 3966 1178 4035 parti,
1208 3973 1298 4016 aut

237 4057 338 4092 ενα
357 4057 555 4108 quosque
571 4044 719 4106 parti,
741 4044 925 4108 supple
942 4043 1160 4108 equites.
1225 4044 1300 4092 At

239 4118 427 4171 maluit
448 4134 550 4170 αντε
580 4119 742 4182 cuique
779 4120 933 4183 parti,
952 4110 1018 4168 'ut
1044 4116 1299 4183 significa·

175 4229 180 4232 -
225 4199 330 4241 *ret
345 4193 546 4258 equites
570 4194 825 4244 Hernicos
843 4195 889 4244 ei
908 4195 1164 4244 exercitus
1183 4208 1300 4257 par-

241 4268 306 4331 ti,
333 4283 448 4335 quae
487 4269 754 4334 peditibus
790 4270 1052 4334 Hernicis,
1089 4270 1299 4320 Latinos

1374 3047 1421 3097 ei
1458 3061 1574 3113 quae
1614 3046 1835 3109 Latinis,
1867 3047 2123 3096 Romanos
2146 3044 2192 3094 ei
2216 3058 2331 3110 quoe
2351 3044 2424 3095 ie·

1374 3124 1611 3193 giouiims
1627 3130 1914 3187 constaret,
1941 3123 2200 3186 subjectos
2234 3121 2396 3173 fuisse
2412 3138 2430 3173 τ

1373 3215 1588 3266 eamque
1628 3200 1833 3264 phrasin
1875 3199 2146 3259 confirmat
2184 3200 2326 3249 loeus
2358 3198 2429 3248 ab

1373 3277 1485 3342 ipso
1531 3278 1795 3329 Gronovio
1834 3277 2029 3328 relatus
2073 3291 2137 3326 ex
2175 3277 2262 3328 lib.
2293 3288 2427 3325 xxv.

1372 3357 1613 3417 cap.1⁷.
1667 3351 2030 3440 ‘Motibnsque
2083 3355 2338 3401 armorum
2377 3357 2433 3399 et

1372 3443 1647 3493 corporum
1690 3442 1796 3477 suae
1835 3428 2024 3492 cuique
2069 3428 2215 3491 genti
2254 3440 2430 3476 essue·

1372 3503 1480 3554 tis!

1438 3580 1458 3615 f
1483 3581 1606 3630 Post
1632 3579 1870 3643 principia
1902 3579 2120 3644 collocat]
2149 3578 2429 3628 Sumuntur

1371 3657 1470 3708 hoc
1511 3657 1629 3706 loco
1668 3655 1921 3719 principia
1959 3665 2052 3719 pro
2091 3653 2431 3744 principibus.

1374 3734 1541 3783 Erant
1563 3740 1735 3782 autem
1756 3732 2018 3797 principes
2037 3732 2121 3796 qui
2146 3729 2428 3780 secundum

1374 3810 1430 3860 in
1455 3809 1567 3859 acie
1588 3810 1756 3859 iocum
1779 3809 1888 3858 sive
1909 3806 2156 3868 ordinem,
2179 3812 2292 3869 post
2315 3803 2433 3853 has·

1377 3894 1512 3937 tatos
1537 3887 1753 3942 sciiicet,
1775 3883 2098 3934 obtinebant.
2130 3883 2321 3950 Itaque
2341 3894 2431 3929 no-

1378 3981 1443 4016 vo
1481 3971 1623 4016 mo‘re
1658 3965 1860 4031 equites
1898 3977 1998 4012 nou
2036 3962 2103 4010 ad
2130 3962 2316 4021 latera,
2338 3957 2430 4008 sed

1380 4050 1502 4091 aute
1523 4041 1729 4091 triarios
1751 4039 2001 4103 cujusque
2023 4037 2153 4087 aciei
2177 4042 2329 4086 extra
2351 4049 2434 4083 or*

1371 4117 1553 4172 dinem
1576 4115 1750 4165 iocati.

1443 4201 1469 4237 8
1502 4193 1674 4242 Arcem
1719 4188 2052 4253 Tusculanam]
2098 4188 2216 4238 Nou
2259 4199 2432 4237 arcem

1380 4266 1554 4334 modo,
1577 4267 1668 4317 sed
1702 4276 1755 4317 et
1784 4262 2041 4331 oppidum
2068 4263 2132 4315 ab
2162 4262 2433 4327 AEquornm
