3034 4925
2338 429 2469 496 565

259 582 347 647 id
390 581 656 662 malum,
701 589 777 647 et
814 603 932 667 per
967 583 1243 648 aliorum
1294 584 1586 667 quietem
1627 571 1943 649 malorum
1992 590 2259 671 semper
2305 610 2464 656 exo-

260 686 477 762 rienS‚
509 694 779 770 tumque
807 705 961 750 esse
992 686 1335 770 peregrino
1365 692 1605 750 terrore
1630 688 1927 771 sopitum
1952 689 2328 755 videbatur.
2368 691 2464 757 At

262 788 347 854 id
369 797 416 828 ¹¹
463 808 672 872 prope
702 808 907 853 unum
936 785 1229 852 maxime
1250 788 1591 852 inclinatis
1618 790 1819 854 rebus
1850 789 2204 855 incubuit!
2286 793 2463 859 Tanz

261 898 389 956 tus
433 890 608 956 enim
646 891 944 955 tribunos
986 891 1164 955 furor
1196 890 1446 970 tenuit,
1473 897 1550 955 ut
1600 912 1727 956 non
1768 893 2039 970 bellum,
2081 894 2203 957 sed
2231 915 2463 963 vanarn

261 994 625 1075 imaginem
653 994 836 1070 belli,
867 992 955 1057 ad
994 986 1398 1059 avertendos
1431 995 1517 1057 ab
1551 994 1717 1076 legis
1751 1010 1906 1059 cura
1936 994 2153 1076 plebis
2182 997 2462 1075 animos,

261 1094 684 1180 Capitolium
734 1094 1059 1159 insedisse
1109 1095 1623 1160 contenderent:
1678 1097 2103 1180 patriciorum
2162 1099 2464 1182 hospites

261 1185 713 1282 clientesque,
743 1198 803 1261 si
834 1198 1091 1281 perlata
1119 1198 1267 1279 lege
1296 1196 1541 1265 frustra
1558 1199 2002 1263 tumultuatos
2033 1219 2185 1263 esse
2211 1220 2283 1264 se
2312 1210 2464 1265 'sen-

264 1303 459 1379 tiant,
490 1301 769 1384 majore,
801 1319 1005 1383 quam
1036 1301 1348 1377 venerint,
1380 1300 1648 1366 silentio
1681 1301 1996 1365 abituros.
2082 1299 2461 1367 Concilium

262 1403 427 1468 inde
466 1404 597 1485 legi
643 1401 1049 1486 perferendae
1090 1403 1359 1481 habere,
1388 1410 1676 1525 avocato
1700 1410 1750 1441 ¹2
1796 1402 2053 1486 populo
2084 1405 2170 1467 ab
2205 1402 2461 1471 armis?

1036 438 1182 486 mn.
1232 437 1347 486 111.
1392 438 1556 515 ομ).
1602 425 1707 490 16.

330 1589 359 1625 ὅ
391 1592 576 1641 Malum
594 1557 712 1643 illud
732 1594 883 1643 lenius
901 1594 1168 1654 videbatur,
1198 1595 1318 1658 quod
1339 1599 1524 1644 tuntum
1555 1609 1618 1644 ex
1651 1595 1850 1645 aliorum
1881 1594 2274 1644 incommodorum
2311 1607 2461 1643 cessu-

261 1655 395 1705 tione
415 1659 547 1707 nasci
566 1659 755 1708 solitum
791 1665 945 1717 esset;
976 1675 1032 1708 ac
1066 1664 1177 1708 tunc
1214 1666 1407 1709 externo
1444 1665 1622 1710 terrore
1660 1660 1908 1709 videbatur
1944 1663 2191 1709 sedatum.-
2221 1659 2302 1707 sed
2338 1659 2461 1707 illud

243 1720 365 1779 fere
386 1724 531 1771 solum
554 1738 646 1780 res,
666 1725 843 1787 alioqui
862 1724 1066 1773 mmme
1084 1721 1340 1788 depressas,
1361 1724 1557 1789 qfflixit.

1182 1869 1301 1890 0600
1306 1869 1448 1889 O‘ON
1454 1870 1477 1890 O
1483 1871 1543 1889 UO

255 1979 480 2046 jectam,
511 1997 571 2031 eo
605 1983 849 2035 fidentius
875 1984 1064 2049 delevi,
1095 2000 1209 2035 cum
1235 1982 1322 2033 iila
1346 2000 1513 2049 neque
1538 1985 1588 2033 in
1613 1978 1718 2035 v'et.
1743 1984 1832 2033 lib.
1859 1983 1995 2046 apud
2019 1984 2194 2047 Sigon.
2215 1998 2382 2046 neque
2406 1982 2456 2032 in

263 2047 420 2096 codd.
456 2047 603 2097 Harl.
626 2064 729 2097 sec.
750 2057 802 2099 et
834 2050 1064 2103 Haverk.
1091 2049 1226 2114 apud
1252 2050 1422 2098 Drak.
1445 2056 1760 2112 compareat.
1826 2048 2068 2098 Ceterum
2091 2048 2338 2099 observa
2327 2064 2461 2096 mso

262 2112 499 2175 lentiam,
521 2128 619 2177 qua
642 2114 692 2162 in
716 2130 771 2164 uc
783 2115 1132 2175 emergentibus
1156 2121 1347 2178 praeter
1371 2126 1563 2162 morem
1587 2115 1894 2176 optimorum
1919 2114 2225 2175 scriptorum
2247 2128 2303 2160 ac
2334 2122 2456 2163 aute

263 2179 497 2225 vocalem
520 2178 738 2255 positum
758 2179 873 2229 est!
906 2181 1139 2242 Deering.
1208 2180 1552 2228 ‘Mansuetum
1570 2178 1624 2226 id
1644 2179 1831 2231 malum,
1857 2178 2036 2237 lenius,
2069 2183 2146 2225 et.
2196 2178 2459 2240 ,exer-iens,

264 2245 455 2304 tumque
475 2257 571 2292 esse
591 2244 790 2306 sopitum
804 2244 1069 2294 videbatur.
1137 2244 1225 2293 Ita
1247 2243 1378 2292 bene
1403 2245 1668 2293 cobaerent
1691 2244 1801 2290 liaec
1824 2242 1999 2302 verba,
2023 2256 2117 2289 nec
2138 2256 2352 2291 necesse
2377 2254 2460 2291 est

260 2306 443 2368 legere
476 2311 579 2356 tum
598 2322 690 2370 pro
710 2315 920 2395 tumque,
948 2310 1027 2359 vel
1050 2323 1166 2358 cum
1192 2309 1455 2357 Schelle-ro
1491 2314 1594 2356 tum
1622 2308 1805 2370 quiesse
1829 2308 1909 2356 vel
1943 2308 2209 2369 quiescere,
2242 2309 2338 2355 etsi
2363 2308 2459 2356 hoc

257 2369 500 2420 arridere
521 2373 724 2435 possit!
760 2374 964 2441 Καρσί.
968 2379 1092 2424 -11
1129 2375 1235 2422 Pro
1266 2376 1335 2423 At
1366 2374 1417 2422 id
1446 2373 1497 2421 in
1531 2374 1632 2421 Ms.
1655 2373 1834 2419 Veith.
1858 2372 2074 2434 perinde
2106 2386 2168 2419 uc
2202 2372 2456 2435 plerisque

259 2435 479 2499 reliquis
514 2438 647 2487 Mss.
683 2444 739 2488 et
776 2432 949 2488 niiiliis'
989 2438 1123 2489 Edd.
1160 2445 1239 2489 est
1272 2438 1355 2488 Aa
1374 2440 1444 2488 id.
1447 2441 1579 2487 -12
1610 2440 1628 2466 ‘
1651 2437 1835 2487 Plures
1856 2435 2010 2486 codd.
2032 2437 2289 2495 aduncum,-
2320 2437 2455 2487 haud

255 2501 416 2557 male,
435 2515 506 2551 sc.
529 2503 583 2552 in
603 2504 910 2555 concilium.⁹
942 2504 1176 2566 θυσίης.
2425 2541 2430 2548 .

1250 2617 1464 2668 No'rAE

258 2707 419 2773 dixit,
452 2711 674 2778 ‘vixque
714 2689 994 2765 concordia
1030 2715 1144 2764 sisti
1174 2710 1317 2763 vide·

256 2781 450 2837 batur·
456 2804 647 2852 posse;
652 2790 951 2857 ’siqnidem
983 2806 1134 2843 nemo
1158 2791 1313 2855 patri-

251 2864 458 2916 ciorum
499 2866 703 2930 plebem
733 2868 1018 2919 ιιίιιιεῑιιιιεὲ
1079 2868 1138 2918 Si
1180 2868 1316 2918 enim

256 2940 413 3004 plebs
450 2953 552 2993 non
589 2944 886 3008 timebatur,
918 2943 1069 2994 fliciie
1105 2944 1316 2992 retineri

256 3023 475 3080 poterat
496 3021 773 3072 concordia
789 3022 928 3071 inter
951 3020 1158 3071 ordines
1179 3038 1191 3069 ε
1227 3026 1319 3069 aut

255 3096 304 3145 si
351 3099 623 3148 concordia
661 3115 767 3151 non
807 3100 1082 3150 videbatur
1121 3099 1317 3149 servari

256 3187 433 3237 posse,
456 3175 669 3225 timendi
698 3177 1034 3226 senatoribus
1056 3176 1267 3240 plebeii,
1289 3192 1319 3225 a

251 3250 443 3314 quibus
483 3251 745 3301 discordia
786 3260 839 3300 et
882 3253 1070 3303 seditio
1111 3267 1318 3317 semper

255 3326 543 3377 oriebatur.
610 3328 728 3379 Nisi
774 3329 1097 3380 concordiam
1148 3344 1318 3379 servo·

255 3416 376 3451 rum
409 3418 521 3453 cnm
557 3404 778 3453 dominis
801 3405 1005 3456 Auctor
1036 3406 1314 3468 intelligit:

255 3478 549 3541 quod'sane
578 3480 745 3530 minus
781 3481 988 3543 proprie
1017 3480 1213 3529 dictum
1239 3481 1318 3528 vi-

249 3553 471 3615 deatur-3
492 3562 576 3604 est
595 3557 731 3605 enim
749 3556 1025 3617 concordia
1037 3570 1315 3604 consensus

251 3629 396 3678 inter
428 3630 806 3689 quodammodo
843 3631 1017 3696 pares,
1051 3632 1141 3695 qui
1172 3632 1316 3681 velut

253 3703 486 3766 ejusdem
510 3707 740 3768 corporis
770 3706 999 3756 membra
1018 3713 1315 3756 censentur.

324 3778 347 3811 ‘¹
380 3780 590 3831 Anocato
629 3784 795 3845 populo
836 3782 898 3831 ub
937 3781 1109 3844 armis]
1151 3779 1314 3832 Jubet

233 3853 536 3908 ,Rhenanus
572 3857 728 3906 scribi
765 3859 1005 3919 advocato,
1028 3864 1089 3907 nt
1124 3856 1311 3906 subau-

245 3929 446 3986 diatur,
465 3932 530 3981 ad
547 3934 853 3994 concilium;
886 3932 1312 3997 quemadmodum

249 4003 408 4061 infra,
425 4008 611 4071 inquit,
642 4012 659 4039 ‘
679 4009 952 4073 propositis
965 4009 1144 4058 decem
1164 4009 1313 4058 tabu·

250 4080 318 4129 lis
358 4084 605 4145 populum
647 4085 712 4134 ad
757 4076 1058 4136 concionem
1099 4099 1311 4135 vocave-

253 4157 411 4206 runt-⁹
474 4160 577 4210 Sed
609 4174 714 4211 non
733 4163 916 4212 eadem
941 4172 1023 4211 est
1042 4164 1309 4227 utriusque

248 4233 357 4282 loci
394 4237 545 4286 ratio.
612 4239 749 4287 Nam
770 4253 883 4302 cap.
905 4243 987 4288 34.
1010 4240 1309 4289 Decemviri

223 4323 360 4362 ..non
381 4310 502 4360 alibi
526 4323 835 4377 occupatum
859 4318 1103 4380 populum
1120 4324 1311 4366 vocant

1399 2712 1464 2762 ad
1500 2715 1830 2763 concionem:
1864 2712 1950 2761 hic
1979 2717 2152 2761 autem
2195 2711 2261 2760 ab
2300 2713 2455 2762 armis

1398 2797 1452 2840 et
1476 2787 1784 2839 stationibus
1818 2795 2055 2838 evocant.
2121 2788 2285 2837 Paulo
2306 2789 2457 2838 aliter

1393 2868 1504 2918 haec
1521 2872 1794 2916 narrantur
1809 2866 1873 2914 ab
1892 2865 2321 2915 Halicarnasseo:
2343 2866 2455 2914 Tri-

1396 2943 1579 3004 bunos,
1626 2941 1874 2992 concione
1919 2942 2192 3001 advocata,
2230 2948 2454 2991 testatos

1396 3018 1607 3084 quidem
1641 3031 1756 3067 esse
1795 3018 1948 3072 nolle,
1972 3031 2029 3065 se
2066 3017 2276 3067 obstare
2319 3019 2453 3070 bono

1393 3095 1632 3159 publico;
1667 3108 1842 3143 verum
1884 3093 2174 3157 postulasse
2215 3101 2272 3142 ut
2306 3095 2454 3159 plebi

1393 3170 1736 3235 periculosum
1769 3168 2020 3222 subitum
2052 3176 2318 3220 certamen
2338 3185 2453 3220 cer·

1390 3255 1501 3297 tum
1528 3256 1908 3311 proponeretur
1930 3247 2217 3308 premium,
2241 3248 2451 3309 promit-

1391 3329 1709 3387 teretnrqne,
1745 3321 2090 3384 jurejurando
2130 3323 2454 3384 interposito,

1390 3397 1503 3446 fore
1543 3404 1621 3458 ut,
1656 3397 1754 3444 hoc
1796 3396 1932 3444 bello
1970 3395 2135 3455 finito,
2173 3397 2454 3443 decemviri

1390 3472 1679 3523 scribendis
1721 3472 1919 3530 iegibus
1957 3478 2292 3519 crearentur=
2328 3470 2452 3519 alio-

1394 3549 1484 3612 qui
1507 3548 1631 3595 nihil
1655 3561 1766 3595 esse
1789 3561 1882 3594 cnr
1906 3545 2093 3607 plebeii
2125 3553 2179 3593 sc
2215 3546 2266 3594 in
2300 3560 2449 3608 aper-

1393 3629 1502 3670 tum
1529 3619 1806 3669 discrimen
1829 3619 2033 3675 darent,
2055 3613 2195 3668 nullo
2219 3620 2448 3678 victorini

1391 3695 1568 3745 fructu
1606 3695 1670 3744 ad
1700 3710 1789 3744 eos
1827 3696 2076 3745 redituro.
2142 3697 2273 3746 Tum
2297 3697 2451 3745 Clau·

1389 3774 1530 3823 dium
1556 3786 1772 3836 negasse
1796 3771 1982 3824 talibus
2007 3772 2284 3821 auxiliariis
2313 3787 2448 3822 nunc

1393 3864 1523 3914 opus
1555 3863 1689 3904 esse,
1711 3848 1799 3911 qui
1833 3862 1933 3896 non
1965 3848 2063 3896 nisi
2100 3861 2285 3911 magna
2317 3864 2448 3897 mer-

1391 3927 1522 3980 cede
1541 3926 1734 3975 vellent
1756 3922 1937 3987 patriae
1961 3937 2109 3987 opem
2131 3921 2287 3973 ferre.
2335 3924 2448 3974 ltn-

1393 4020 1477 4056 ros
1537 3996 1654 4051 cum
1702 4000 1979 4050 clientibus
2034 4007 2090 4050 et
2122 4001 2447 4052 ‚voluntariis

1393 4080 1639 4147 patricios
1675 4078 1738 4125 ad
1774 4075 2122 4139 recipiendam
2155 4091 2345 4140 arcem,
2373 4086 2446 4139 et,

1389 4161 1434 4209 si
1455 4172 1585 4220 opus
1622 4154 1798 4211 fuerit,
1823 4163 2123 4205 vocaturum
2149 4170 2206 4205 se
2233 4157 2469 4217 barinos⁴

1390 4242 1446 4285 et
1468 4231 1742 4286 Hernicos,
1764 4232 1923 4298 servis
1945 4247 2147 4298 quoqne
2171 4233 2445 4295 promissu-

1391 4326 1503 4362 rum
1539 4307 1856 4370 libertatem,
1891 4307 2184 4374 quorumvis
2222 4307 2443 4370 denique
