3034 4925
597 363 730 430 640

1531 391 1600 440 T.
1648 393 1770 445 mv
1782 396 1838 444 11
1892 415 1899 420 ·

600 521 746 600 lori,
768 541 889 588 nec
921 544 1066 592 suae
1086 525 1379 596 libertati
1407 550 1481 597 se
1508 534 1900 606 defuturos!
1983 542 2074 610 Et
2100 546 2398 617 immixti
2424 555 2647 622 turbae
2676 559 2790 624 mi-

601 622 791 690 litum
822 628 1052 708 togati,
1084 647 1236 708 cum
1263 631 1497 702 eadem
1517 637 1635 704 illa
1662 642 2017 724 querendo,
2046 645 2527 738 docendoque,
2550 668 2788 740 quanto

599 725 774 803 visa,
804 746 1009 810 quam
1033 730 1287 811 audita,
1317 734 1692 819 indigniora
1713 746 2083 828 potuerint⁷
2127 751 2373 833 videri,
2404 758 2610 828 simul
2649 781 2789 845 pro·

598 826 890 911 fligatam
912 829 1059 915 jam
1087 853 1225 899 rem
1252 838 1623 916 nuntiando
1649 842 1894 914 Romae
1921 867 2072 915 esse
2094 871 2112 932 ;
2144 852 2613 942 insecutique,
2637 864 2787 947 qui⁸

600 926 901 1014 Appium
919 932 938 967 ²
989 954 1200 1018 prope
1247 929 1671 1009 interemtum
1719 945 1791 1012 in
1839 951 2119 1024 exilium
2161 958 2397 1028 abisse
2448 962 2787 1047 dicereut3

595 1033 1051 1115 perpulerunt,
1073 1043 1147 1101 ut
1174 1038 1256 1103 ad
1282 1060 1461 1118 arma
1483 1047 2031 1133 conclamaretur,
2056 1056 2525 1146 vellerentque
2549 1066 2791 1150 signa·

596 1139 671 1197 et
697 1132 984 1204 Romam
1014 1139 1619 1221 proficiscerentur.
1708 1150 2088 1223 Decemviri
2116 1160 2322 1234 simul
2343 1171 2372 1198 ¹
2414 1164 2592 1243 his,⁹
2642 1188 2789 1251 quse

593 1233 928 1320 videbant,
958 1241 1154 1308 simul
1181 1244 1308 1324 hie,
1348 1266 1502 1330 quse
1532 1256 1687 1318 acta
1718 1253 1958 1328 Romae
1985 1261 2357 1343 audierant,
2389 1271 2793 1350 perturbati,

1501 1428 1622 1452 0000
1628 1431 1869 1456 decemo

592 1533 624 1580 7
659 1531 810 1600 Conj.
847 1534 1095 1604 Doering.
1131 1542 1492 1599 debuerim—8
1526 1548 1543 1577 ‘
1564 1550 1893 1619 laneumque
1915 1557 2049 1609 Edd.
2073 1566 2194 1612 ante
2228 1562 2500 1614 clericum
2527 1574 2586 1617 et
2610 1578 2795 1631 praeter

589 1608 746 1647 unum
768 1613 944 1653 omnes
970 1604 1099 1655 Mss.
1123 1607 1303 1669 quibus
1327 1612 1530 1663 accedit
1554 1615 1660 1668 Ms.
1681 1618 1873 1670 veithss
1903 1622 2089 1676 Stroth
2152 1626 2260 1677 Pro
2280 1630 2368 1694 qni
2388 1632 2541 1696 conj.
2572 1632 2793 1699 Rupert.

1579 1795 1792 1849 NOTAE

658 1887 675 1922 θ
706 1888 1000 1959 Insecuaeiqie
1035 1897 1414 1971 [isset-ittonae}
1446 1910 1529 1972 qui
1545 1910 1646 1974 Ap-

581 1963 740 2031 piam]
781 1969 900 2020 Non
925 1974 1096 2035 placet
1117 1977 1385 2036 Gronovio
1421 1999 1530 2044 eos,
1561 1989 1646 2053 qui

588 2053 704 2091 cnm
723 2043 958 2110 virginio
982 2062 1249 2118 venerant,
1267 2072 1476 2110 narrare
1497 2078 1646 2114 secu-

589 2123 670 2167 tos
706 2119 851 2186 alios,
891 2124 977 2187 qui
1013 2126 1268 2182 referrent
1291 2132 1520 2198 Appium
1541 2139 1644 2190 isse

587 2195 869 2260 exulatum,
886 2200 1084 2265 aliaque
1101 2214 1219 2267 post
1235 2207 1511 2261 discessum
1528 2214 1647 2264 Vir·

587 2267 714 2330 ginii
736 2279 883 2321 acta:
919 2278 1053 2327 unde
1082 2294 1184 2330 non
1216 2283 1306 2333 abs
1343 2300 1399 2336 re
1434 2290 1647 2354 conjicit

588 2345 861 2413 scripsisse
883 2352 1082 2405 Livium
1110 2357 1162 2407 in
1185 2361 1500 2417 nominativo
1522 2367 1646 2418 inse-

583 2421 771 2486 cutique
796 2426 878 2490 qni
919 2429 1144 2495 Appium,
1175 2438 1258 2499 ξε.
1292 2444 1352 2488 ut
1384 2439 1644 2495 hominum

586 2499 640 2548 in
664 2503 837 2552 castra
860 2518 925 2553 ex
947 2507 1090 2558 Urbe
1114 2512 1467 2572 profectorum
1487 2535 1644 2582 gene·

506 2586 511 2593 ·
588 2588 647 2624 ra
668 2575 772 2629 duo
797 2580 990 2633 rectius
1028 2583 1451 2657 distinguantur3
1485 2602 1644 2665 atque

586 2649 651 2700 ad
673 2653 896 2721 priores,
922 2658 1008 2722 qni
1029 2675 1146 2711 cum
1164 2663 1400 2729 virginio
1423 2669 1646 2722 advene-

583 2725 709 2788 rint,
751 2728 1011 2785 referatur
1051 2750 1172 2800 pars
1213 2742 1456 2809 longioris
1491 2750 1641 2814 hujus

586 2801 786 2863 periodi
838 2808 998 2875 prior,
1047 2812 1161 2866 haec
1203 2818 1271 2868 ad
1314 2824 1643 2884 posteriores.

473 2906 478 2911 .
582 2875 688 2926 Sed
720 2895 821 2944 qua
843 2886 1042 2939 ratione
1062 2888 1172 2942 fieri
1196 2897 1369 2958 potuit
1390 2905 1449 2948 ut
1468 2900 1642 2966 Virgi-

583 2952 699 3002 nius
733 2964 788 3007 et
823 2961 973 3025 primi
997 2966 1109 3028 ejus
1132 2971 1345 3021 comites
1379 2982 1551 3027 actum
1575 2978 1642 3039 de

584 3026 889 3087 decemviris
926 3053 1040 3094 esse
1076 3046 1409 3114 nuntiarent;
1443 3067 1560 3107 cum
1582 3055 1643 3105 il·

580 3103 644 3151 lis
664 3106 1047 3167 discedentibus
1068 3118 1273 3185 Appius
1290 3140 1386 3190 pro
1397 3128 1641 3182 tribunali

581 3179 788 3232 sederet
826 3192 1035 3242 armatis
1076 3205 1273 3260 septus,
1307 3205 1513 3255 nemine
1549 3208 1639 3260 ad·

582 3254 684 3306 huc
702 3259 1005 3316 seditionem
1029 3281 1210 3334 aperte
1233 3291 1509 3348 movente3
1544 3287 1642 3340 nisi

580 3334 716 3401 qnod
741 3352 822 3388 res
845 3349 901 3391 et
925 3352 1047 3397 vota
1080 3363 1174 3401 sua
1205 3355 1374 3407 solent
1403 3359 1640 3417 homines

577 3410 630 3461 in
655 3415 822 3480 majus
849 3421 1011 3473 etiam
1040 3441 1158 3477 cum
1183 3433 1449 3486 mendacio
1470 3444 1637 3492 extol-

578 3488 716 3539 lere?
777 3495 1061 3552 'l'entabam
1093 3518 1213 3555 num
1247 3509 1484 3565 detracta
1514 3532 1636 3569 con·

570 3564 843 3631 junctione
877 3589 984 3638 que,
1020 3586 1077 3629 et
1109 3586 1396 3645 posteriore
1430 3594 1633 3654 periodi

579 3650 731 3704 parte
773 3649 831 3711 (a
868 3653 1132 3715 particula*
1165 3661 1332 3728 simul)
1364 3669 1528 3719 relata
1568 3672 1634 3722 ad

579 3732 670 3769 eos
694 3723 780 3787 qui
815 3728 994 3779 ultimo
1030 3733 1145 3784 loco
1182 3738 1520 3811 advenerant,
1552 3761 1634 3798 res

577 3795 652 3843 sic
695 3801 945 3864 explicari
990 3819 1182 3872 posset,
1226 3821 1285 3865 ut
1321 3816 1521 3870 insecuti
1553 3823 1634 3886 qni

575 3871 784 3933 Appium
828 3893 974 3944 prope
1018 3885 1317 3942 interemtum
1346 3896 1399 3946 iu
1436 3897 1634 3949 exitium

573 3946 746 3999 abiisse
778 3954 1010 4014 dicebant,
1042 3961 1194 4014 iidem
1227 3970 1370 4021 sem
1404 3974 1633 4038 prqaiga-

575 4026 677 4070 tam
698 4025 806 4084 jam
832 4046 934 4081 rem
952 4038 1230 4100 seminudo,
1253 4057 1371 4108 post
1395 4050 1520 4100 alios
1542 4052 1632 4115 qui

575 4103 843 4163 superiora
881 4110 1309 4187 lamentabantur,
1337 4129 1632 4192 perpulsi-iat

573 4179 752 4229 milites
767 4187 820 4229 ut
835 4186 897 4232 ad
911 4201 1044 4240 arma
1061 4199 1427 4255 conclamarent*
1457 4205 1631 4258 Quod·

573 4254 618 4304 si
659 4258 744 4307 cui
786 4260 1056 4314 retinenda
1089 4271 1294 4326 videtur
1327 4281 1629 4345 conjunctio

1719 1913 1826 1972 illa,
1851 1916 2044 1980 poterit
2065 1918 2231 1969 adhuc
2261 1920 2370 1971 levi
2392 1924 2705 1977 mutatione
2723 1929 2789 1980 sic

1719 2006 1822 2044 non
1854 1995 2177 2048 incommode
2210 1999 2402 2050 scribi:
2437 2003 2597 2054 simul
2627 2007 2790 2072 profi-

1712 2070 1996 2132 gatamjam
2013 2087 2112 2123 rem
2128 2076 2352 2125 nuntiato
2372 2078 2552 2132 Rom
2572 2096 2698 2145 esse,
2722 2084 2790 2134 ia-

1718 2145 1977 2209 seeutisque
2016 2149 2098 2212 qui
2135 2149 2365 2215 Appiano,
2406 2158 2499 2218 ξε.
2556 2157 2786 2208 dicerent.

1716 2220 1915 2271 Tritum
1949 2224 2085 2273 enim
2123 2225 2319 2279 Nostro
2350 2235 2410 2277 ut
2447 2244 2513 2278 ea
2544 2232 2786 2295 loquenifi

1717 2294 1881 2359 figura
1903 2306 2096 2362 utatur,
2131 2303 2371 2369 ιιιαιιίαέο,
2401 2318 2508 2368 pro
2535 2322 2655 2360 cuns
2675 2323 2783 2358 aaa·

1717 2373 1889 2424 ὲίαἰιιιπ
1907 2381 2044 2426 esset.
2110 2377 2214 2427 Sed
2239 2393 2337 2430 nec
2358 2381 2538 2446 omnia
2568 2398 2692 2447 qne
2708 2385 2783 2434 hie

1717 2457 2006 2507 narrantur,
2042 2450 2106 2503 iis
2146 2453 2335 2504 ascribi
2370 2471 2530 2519 posse
2562 2474 2783 2522 negave-

1717 2525 1830 2588 rim,
1866 2528 1954 2592 qui
1991 2528 2141 2592 primi
2179 2529 2235 2579 in
2269 2539 2446 2581 castra
2473 2547 2779 2596 pervenere.

1717 2601 1911 2654 Quidni
1932 2605 2067 2656 enim
2097 2604 2313 2657 diversis
2351 2609 2685 2673 temporibus
2706 2611 2777 2661 di-

1716 2679 1878 2741 gressi
1899 2695 1963 2731 eo
1991 2682 2140 2748 simul
2164 2683 2441 2746 pervenire
2479 2688 2777 2749 potueriat?

1715 2754 1909 2807 Quidni
1929 2756 2084 2820 pauci
2105 2757 2307 2823 qnidam
2331 2772 2396 2809 ea
2425 2759 2545 2823 ipsa
2568 2762 2640 2812 de
2660 2776 2777 2811 caa-

1713 2842 1772 2879 sa
1800 2830 2039 2895 insecuti,
2065 2838 2122 2883 ut
2155 2831 2318 2898 Appii
2357 2833 2536 2900 fugam
2574 2838 2771 2888 nantia·

1713 2912 1847 2963 rent,
1883 2914 2154 2973 postquam
2191 2910 2363 2959 citatis
2401 2914 2553 2977 equis
2578 2923 2772 2979 postre-

1713 2993 1848 3033 mum
1883 2996 2067 3047 agmen
2106 2985 2514 3047 praecedentium
2552 2989 2770 3041 assecuti

1712 3063 1879 3119 erant,
1908 3059 2209 3125 respiraturi
2251 3075 2316 3109 ex
2354 3060 2666 3126 fatigatione
2698 3067 2770 3117 le·

1712 3145 1829 3181 cum
1883 3132 1997 3182 aliis
2051 3133 2292 3185 dederint
2338 3138 2624 3190 nuntiandi
2675 3155 2769 3205 per

1711 3216 2020 3275 castraque
2042 3211 2110 3261 ab
2131 3212 2229 3262 illis
2251 3213 2571 3266 audiissent?

1775 3286 2097 3352 Ivi-secutique]
2138 3289 2225 3339 Sic
2247 3288 2448 3339 edimus
2472 3294 2646 3343 secuti
2662 3307 2770 3343 eer-

1710 3367 1818 3413 tam
1860 3364 2271 3415 emendationem
2308 3366 2363 3417 J.
2400 3367 2462 3416 F.
2498 3369 2770 3426 Gronorii,

1709 3452 1824 3489 cum
1848 3440 2007 3490 lectio
2022 3441 2243 3504 vulgaris
2259 3442 2582 3507 insecutosque
2594 3452 2769 3495 careat
2808 3478 2819 3487 ·

1706 3531 1876 3566 sensu.
1908 3518 1965 3566 J.
1992 3517 2219 3567 Clericus.

1771 3601 1795 3627 ¹¹
1856 3590 2177 3657 Veneremque
2211 3592 2376 3657 signa]
2423 3595 2767 3647 Manifestum

1701 3667 1971 3721 seditionis
2013 3668 2258 3719 indicium
2305 3668 2413 3718 fixa
2468 3671 2523 3719 in
2582 3673 2766 3722 castris

1705 3745 1851 3809 sigua
1873 3745 2118 3797 militaria
2138 3744 2337 3807 injussu
2349 3744 2501 3796 ducis
2519 3748 2765 3807 evellere,

1704 3836 1837 3886 quat·
1856 3835 1952 3871 nec
1983 3820 2080 3871 nisi
2116 3823 2339 3886 captatis
2361 3824 2595 3888 auguriis
2616 3824 2764 3875 evelli

1704 3911 1819 3953 mos
1837 3904 1970 3947 erat.

1767 3982 1795 4017 ὲ·
1828 3973 2118 4036 Decemviri,
2146 3973 2308 4031 aaut,
2326 3975 2435 4039 ἔσο]
2468 3975 2550 4025 Μ·
2576 3976 2760 4033 00¹⁸&-

1704 4050 1820 4115 lius,
1841 4052 2030 4117 aliique
2046 4050 2156 4115 ejus
2173 4051 2391 4116 collegae
2415 4059 2654 4116 quatuor,
2674 4052 2759 4115 qai

1702 4124 1958 4181 exercitui
1974 4126 2241 4176 adversus
2279 4128 2473 4194 AEquos
2505 4137 2757 4194 preerant

1701 4205 1840 4270 apud
1863 4203 2127 4268 Algidum.
