3034 4925
578 374 710 445 268
953 422 962 427 «
1509 391 1581 439 Τ.
1630 389 1822 439 mvn

577 544 773 620 pater
822 538 1123 620 patratus
1148 531 1169 570 f
1223 532 1458 619 populi
1521 532 1817 600 Romani
1862 529 2227 612 Quiritium
2265 532 2443 616 patri
2501 534 2756 617 patrato

578 640 950 723 priscorum
999 638 1376 704 Latinorum
1416 636 1931 721 hominibusque
1977 635 2224 720 priscis
2270 634 2561 714 Latinis,
2590 652 2757 721 quas

582 762 689 809 res
718 742 886 822 dari,
915 742 1082 820 fieri,
1117 740 1292 806 solvi
1342 740 1663 825 oportuit,
1715 758 1886 824 quas
1939 757 2046 803 res
2094 757 2220 803 nee
2268 737 2617 817 dederunt,
2643 759 2759 805 nec

580 845 906 925 fecerunt,
935 865 1055 910 nec
1082 845 1439 925 solverunt,
1477 842 1636 923 dic‚’
1672 843 1893 929 inquit
1937 841 2027 921 ei,
2070 861 2273 927 quem
2302 842 2599 928 ,primum
2628 861 2760 907 sen-

585 949 862 1014 tentiam
915 948 1210 1031 rogabat,
1239 951 1260 981 ‘
1278 947 1436 1033 quid
1468 964 1697 1026 censes
1714 945 1767 1012 Υ
1853 945 2029 1011 Tum
2055 944 2208 1011 ille:
2252 949 2275 980 ‘
2307 945 2495 1012 Puro
2521 946 2764 1029 pioque

585 1050 846 1119 duello*
873 1050 1259 1138 quaerendas
1289 1070 1551 1129 censeo,
1574 1051 1804 1136 itaque
1831 1049 2203 1130 consentio,
2230 1046 2763 1133 consciscoque:

585 1155 756 1221 Inde
805 1156 1037 1223 ordine
1095 1156 1209 1221 alii
1270 1155 1704 1241 rogabantur:
1750 1152 2158 1240 quandoque
2213 1172 2371 1238 pars
2412 1151 2635 1237 major
2658 1170 2765 1216 eo-

581 1274 752 1339 rum,
782 1259 898 1345 qui
928 1259 1225 1336 aderant,
1269 1259 1338 1323 in
1382 1257 1662 1324 eandem
1696 1256 2098 1323 sententiam
2141 1255 2311 1334 ibat,
2350 1254 2606 1322 beilum
2633 1260 2768 1321 erat

583 1369 994 1429 eonsensu.¹⁵
1010 1370 1037 1409 ⁸
1145 1361 1327 1427 Fieri
1371 1361 1661 1438 solitum,
1712 1365 1790 1424 ut
1836 1359 2087 1425 fetialis
2135 1358 2397 1426 hastam
2453 1357 2766 1424 ferratam

582 1472 705 1529 aut
731 1463 1203 1549 sanguineam*
1232 1470 1593 1550 praeustam
1614 1463 1667 1505 ¹⁶
1696 1462 1781 1530 ad
1811 1463 1981 1529 fines
2007 1483 2236 1530 eorum
2264 1463 2487 1542 ferret,
2517 1468 2613 1542 et,
2642 1482 2766 1528 non

582 1567 804 1632 minus
834 1567 1049 1633 tribus
1102 1568 1463 1652 puberibus
1507 1567 1980 1652 praesentibus,
2026 1565 2318 1633 diceret:
2364 1571 2386 1605 ‘
2407 1565 2618 1647 Quod
2655 1587 2767 1653 po-

583 1668 726 1753 puli
776 1671 1142 1754 priscorum
1209 1671 1597 1737 Latinorum
1666 1671 2106 1755 hominesque
2139 1678 2193 1720 ¹⁷
2261 1669 2469 1756 prisci
2546 1670 2768 1737 Latini

585 1772 909 1839 adversus
950 1774 1274 1858 populum
1307 1773 1690 1842 Romanum
1719 1772 2077 1854 Quiritium
2122 1775 2440 1853 fecerunt,
2476 1774 2766 1859 delique-

583 1881 753 1953 runt,
784 1876 968 1961 quod
1013 1877 1305 1963 populus
1358 1876 1716 1943 Romanus
1750 1876 2109 1959 Quiritium
2140 1877 2389 1943 bellum
2421 1897 2581 1944 cum
2609 1880 2769 1965 pris-

586 1979 689 2045 cis
722 1979 982 2049 Latinis
999 1981 1205 2067 jussit
1243 2001 1416 2063 esse,
1464 1988 1881 2068 senatusque
1927 1982 2162 2069 populi
2209 1981 2499 2048 Romani
2558 1981 2771 2063 Quiri-

582 2082 747 2148 tium
797 2084 1087 2163 censuit,
1134 2085 1499 2163 consensit,
1545 2085 1891 2166 conscivit,
1933 2095 2012 2152 ut
2056 2086 2304 2152 bellum
2343 2105 2495 2151 cum
2537 2086 2771 2172 priscis

583 2182 849 2251 Latinis
879 2186 1062 2252 fieret
1091 2206 1111 2268 3
1155 2189 1244 2253 ob
1271 2208 1419 2255 eam
1440 2208 1601 2255 ·rem
1630 2208 1756 2273 ego
1786 2191 2211 2275 populusque
2254 2189 2615 2255 Romanus
2655 2209 2770 2274 po-

584 2286 769 2369 pulis
808 2288 1181 2371 priscorum
1230 2290 1613 2357 Latinorum
1660 2292 2178 2377 hominibusque
2225 2294 2470 2377 priscis
2521 2291 2772 2357 latinis

583 2388 834 2455 bellum
866 2390 1092 2458 indico
1144 2392 1502 2479 facioque.’
1590 2393 1677 2461 Id
1720 2396 1838 2462 ubi
1883 2395 2192 2477 dixisset,
2221 2394 2581 2462 hastamin
2616 2394 2773 2460 fines

584 2511 814 2562 eorum
855 2496 1217 2564 emittebat.
1330 2497 1492 2565 Hoc
1552 2505 1694 2566 tum
1757 2498 1962 2566 modo
2015 2501 2106 2567 ab
2158 2499 2420 2567 Latinis
2468 2498 2771 2583 repetita

582 2615 718 2675 res,
767 2617 850 2665 ac
895 2600 1154 2666 bellum
1190 2600 1553 2668 indictum:
1627 2621 2010 2688 moremque
2069 2622 2221 2668 eum
2279 2601 2533 2687 posteri
2590 2619 2772 2666 acce-

581 2706 835 2783 perunt.
866 2719 872 2724 ·

668 2800 778 2867 33.
822 2801 1079 2882 Ancus,
1113 2802 1516 2870 demandata
1561 2824 1725 2871 cura
1763 2824 2107 2871 sacrorum
2145 2803 2527 2871 flaminibus
2563 2824 2774 2871 sacer·

648 2964 666 2996 ⁶
698 2967 979 3029 Beltojmo
1003 2976 1051 3020 et
1071 2976 1247 3021 sancto.

1498 3083 1863 3108 ueemeem

583 3180 713 3227 -14
745 3178 886 3232 Duk.
908 3181 1040 3245 legit
1061 3187 1314 3248 qum—15
1350 3183 1580 3238 Crevier.
1619 3202 1651 3238 e
1687 3188 1803 3239 cod.
1824 3189 2057 3250 Florem.
2083 3204 2374 3251 consensum,
2397 3189 2534 3256 quod
2558 3195 2615 3239 et
2644 3186 2769 3237 forte

582 3242 860 3305 legendum
904 3252 1051 3297 notat
1085 3249 1304 3312 Rupert.
1375 3249 1863 3329 Interpunetionem
1896 3257 2141 3322 majorem
2179 3263 2298 3319 post
2335 3270 2558 3307 consensu
2590 3254 2770 3305 tonent

584 3306 720 3358 Edd.
745 3309 1075 3377 πείρᾳ-16
1105 3313 1259 3378 Vuig.
1279 3329 1587 3378 summm
1607 3324 2110 3384 autproemm.-1r
2144 3320 2232 3372 Al.
2253 3321 2534 3373 honam.

1583 3465 1799 3517 NOTAE

583 3550 693 3602 118
709 3552 787 3602 dic
819 3554 934 3618 qnid
962 3569 1134 3606 censes.
1200 3556 1284 3608 De
1312 3558 1644 3614 condictione
1723 3580 1840 3615 nem
1860 3565 1940 3616 hic
1954 3565 2183 3619 Gronov.
2206 3565 2387 3616 inserit
2406 3582 2422 3617 ε
2444 3535 2505 3615 ut
2522 3564 2607 3625 sit»
2620 3575 2770 3628 ‹1⁰⁸⁰-

581 3625 757 3708 legum
778 3628 991 3681 foederis
1023 3631 1164 3683 facts
1198 3648 1231 3685 a
1260 3642 1413 3700 patre
1434 3646 1645 3704 patrato
1724 3640 1791 3691 do
1834 3643 2001 3708 major
2039 3657 2158 3709 pars
2196 3643 2271 3692 its
2303 3649 2557 3706 senserat,
2587 3642 2768 3692 bellun

585 3706 704 3755 vide
728 3723 774 3757 e.
792 3711 873 3759 24.
903 3711 958 3759 J.
985 3713 1219 3770 Clericus.
1723 3724 1855 3781 erat,
1888 3719 2105 3782 perinde
2130 3732 2192 3769 ac
2213 3719 2257 3767 si
2282 3732 2535 3769 consensu
2555 3717 2767 3768 omnium

648 3779 668 3815 ἴ
702 3783 932 3839 Condixit
965 3794 1106 3853 puter
1141 3791 1386 3855 matus]
1437 3792 1502 3843 Id
1547 3799 1643 3852 est,
1723 3793 1990 3845 decretum
2012 3801 2169 3845 esset.
2235 3796 2366 3846 Quae
2391 3801 2672 3861 sequnntur
2685 3807 2768 3842 uo-

584 3856 910 3914 denuntiavit
942 3864 1183 3931 Feciaiis,
1214 3883 1246 3917 a
1279 3883 1402 3933 rege
1432 3869 1516 3920 vei
1540 3884 1644 3919 ma·
1724 3885 1804 3920 ναι
1848 3871 2062 3935 periodo
2105 3872 2368 3937 assignat:
2419 3872 2558 3922 Fieri
2591 3871 2768 3920 mmm

586 3934 804 3999 gistrstn
822 3941 1056 4014 deiectus
1078 3947 1253 4008 populi
1270 3946 1484 3997 Romani
1504 3948 1644 4013 legs·
1721 3952 1778 3997 ut
1804 3949 2028 3998 Fecistis.
2076 3953 2085 3966 '

584 4018 688 4063 tns.
756 4015 852 4066 Est
884 4019 1020 4070 enim
1050 4022 1292 4073 condicere
1313 4023 1511 4073 solenni
1540 4026 1643 4075 ritu
1785 4022 1810 4056 ¹¹
1844 4011 2305 4087 Hast'amsemtam
2339 4030 2425 4076 aut
2449 4018 2767 4089 sanguinem]

584 4088 895 4142 denuntiare
919 4111 932 4143 ε
990 4097 1203 4148 verbum
1247 4100 1640 4153 Jurisconsuitis
1724 4097 1877 4150 Ante
1897 4102 2192 4166 sanguineis
2213 4100 2512 4163 fruticibus,
2535 4107 2620 4151 aut
2649 4098 2764 4146 dsta

582 4167 845 4218 usitatum.
906 4170 975 4220 V.
997 4173 1152 4222 Turn.
1175 4188 1315 4226 xxx.
1340 4181 1421 4228 29.
1720 4192 1883 4243 opera
1899 4185 2220 4228 cruentatam
2241 4177 2307 4227 ad
2319 4179 2581 4229 horrorem
2599 4184 2650 4227 et
2668 4181 2762 4224 ter-

647 4251 673 4286 t
707 4243 896 4295 Bellum
917 4254 1019 4298 erat
1047 4252 1289 4315 consensu]
1323 4254 1637 4306 Distinctio-
1723 4270 1925 4317 rorem;
1949 4256 2107 4306 Turn.
2132 4269 2258 4306 vm.
2281 4259 2365 4306 24.
