3034 4925
1060 421 1203 469 mn.
1252 422 1302 473 1.
1346 423 1513 476 cst».
1557 410 1664 477 17.
2334 423 2469 490 219

280 571 487 636 regem
517 547 852 627 volebant.
941 561 1237 633 Romani
1267 577 1524 635 veteres
1564 576 1981 658 peregrinum
2026 599 2250 664 regem
2270 590 2312 620 ¹¹¹
2357 605 2466 651 as-

277 661 734 738 pernabantur.
825 664 905 729 In
934 670 1134 734 variis
1165 672 1625 741 voluntatibus
1662 682 1916 762 regnari
1963 688 2183 749 tamen
2229 706 2464 756 omnes

276 759 681 842 volebant,¹¹²
721 767 1049 835 libertatis
1088 772 1438 841 dulcedine
1481 781 1778 847 nondum
1826 792 2150 870 experta.‘
2235 791 2466 858 Timor

276 865 508 933 deinde
536 869 773 935 Patres
802 872 1106 955 incessit,
1134 897 1220 944 ne
1244 880 1583 949 civitatem
1605 886 1744 950 sine
1768 887 2071 973 imperio,
2091 895 2463 967 exercitum

275 970 412 1035 sine
456 972 649 1049 duce,
680 976 1036 1042 multarum
1083 980 1265 1046 circa
1312 983 1691 1051 civitatium
1740 988 2015 1056 irritatis
2062 995 2327 1076 animis,
2357 999 2463 1065 vis

273 1073 498 1157 aliqua
545 1082 820 1144 externa
871 1082 1256 1150 adoriretur.
1344 1086 1435 1152 Et
1484 1109 1642 1154 esse
1692 1092 1889 1175 igitur
1937 1096 2209 1180 aliquod
2255 1109 2463 1185 caput

268 1178 614 1262 placebat3
656 1189 726 1246 et
762 1203 955 1249 nemo
998 1187 1195 1253 alteri
1237 1186 1615 1258 concedere
1646 1196 1714 1260 in
1744 1197 2041 1263 animum
2079 1200 2462 1269 inducebat.

269 1277 373 1343 Ita
392 1287 417 1316 ²
461 1301 603 1346 rem
622 1291 649 1320 ⁰
691 1283 860 1351 inter
888 1307 964 1353 se
996 1297 1257 1358 centum
1287 1294 1585 1375 Patres,¹'
1615 1298 1850 1365 decem
1878 1302 2176 1368 decuriis
2202 1304 2459 1384 factis,‘¹

266 1382 679 1469 singulisque
709 1389 775 1453 in
802 1391 1100 1474 singulas
1132 1396 1441 1464 decurias
1474 1403 1740 1479 creatis,
1770 1406 1888 1488 qui
1929 1425 2209 1473 summae
2240 1427 2456 1474 rerum

264 1497 646 1568 praeessent,
672 1496 1091 1562 consociant.
1168 1499 1428 1568 Decem
1451 1505 1944 1588 imperitabant,
1967 1527 2143 1607 unus
2174 1529 2328 1576 curn
2357 1513 2456 1577 in·

321 1682 336 1711 ‘
370 1683 553 1748 Regem
573 1702 599 1737 e
617 1704 809 1742 suorum
828 1709 1022 1745 numero
1041 1697 1175 1760 eligi.

1174 1827 1536 1853 ‘mn

262 1915 286 1962 1
319 1911 567 1966 Quaedam
605 1918 913 2001 eddsregem
943 1931 1101 1978 tamen
1134 1945 1291 1981 onmes
1322 1939 1470 1985 v.—-2
1504 1936 1675 2000 ltaque
1707 1936 1841 1988 Edd.
1867 1936 1934 1989 ab
1959 1936 2081 1991 Atd.
2119 1939 2186 1990 ad
2220 1941 2454 1992 Drah—

1246 2079 1459 2133 NOTAE

254 2156 460 2213 Sabinos
501 2166 645 2217 inter
673 2175 727 2218 et
762 2170 1026 2226 Romanos
1054 2180 1309 2243 composi·
1454 2191 1477 2216 ⁰
1511 2184 1595 2234 Ila
1632 2199 1732 2235 rem
1755 2218 1768 2234 .
1796 2216 1812 2234 .
1832 2217 1846 2233 .
1871 2221 1884 2235 .
1909 2185 2039 2236 inter
2075 2201 2127 2235 se
2157 2184 2451 2249 consociant]

256 2240 376 2297 tum,
398 2239 678 2293 videbatur
700 2247 930 2312 exigere,
954 2261 1031 2315 ut,
1054 2254 1207 2305 Tatio
1232 2256 1307 2304 in·
1389 2258 1707 2310 Societatem
1753 2260 1957 2325 imperii
2002 2261 2218 2312 tenendi
2272 2276 2452 2312 omnes

253 2317 485 2379 teremto,
530 2320 664 2370 alius
699 2338 765 2372 ex
796 2326 1103 2380 Sabinorum
1152 2340 1306 2397 gente

252 2389 642 2459 subrogaretur,
672 2401 761 2465 qui
793 2405 905 2467 pari
942 2420 1058 2456 cum
1084 2408 1305 2459 Romulo

250 2474 506 2529 potestate
532 2486 794 2539 regnaret.
875 2483 1028 2535 Quod
1057 2501 1172 2536 curn
1197 2487 1305 2540 fac-

252 2550 354 2595 tum
387 2563 488 2599 non
513 2561 673 2610 esset,
700 2556 878 2607 Sabini
902 2575 931 2609 e
956 2563 1060 2611 suis
1081 2565 1306 2630 aliquem

250 2626 406 2673 creari
429 2641 615 2692 regern
657 2634 1012 2700 postulabant,
1047 2648 1107 2689 ut
1133 2641 1178 2689 si
1202 2657 1305 2692 non

248 2712 344 2749 una
387 2717 503 2752 eum
553 2706 801 2773 Romano,
854 2713 1039 2765 saltem
1092 2718 1306 2770 alternis

247 2787 368 2826 unus
401 2793 429 2827 e
467 2795 687 2832 numero
725 2777 951 2850 ipsorum
988 2790 1055 2840 ad
1091 2806 1305 2856 regnum

247 2861 529 2917 vocaretur,
555 2871 623 2908 ne
639 2861 847 2912 omnino
863 2865 1172 2919 exciderent
1188 2884 1302 2934 reg-

246 2923 296 2974 ni
315 2933 659 2990 possessione.
727 2936 919 2989 Contra
941 2956 1067 2994 vero
1085 2945 1303 2998 Romani

245 3009 439 3056 veteres
463 3011 854 3064 contendebant
891 3019 1085 3082 regiam
1125 3031 1300 3085 potes·

244 3082 395 3140 tatem
417 3085 578 3134 Tatio
610 3087 702 3137 soli
739 3090 986 3148 delatam,
1012 3109 1114 3146 non
1148 3099 1301 3150 Sabi-

243 3167 413 3209 norum
437 3163 610 3225 genti,
647 3180 761 3230 quae
789 3183 908 3218 cum
931 3171 1162 3224 Romana
1183 3191 1300 3228 coa-

243 3234 452 3288 unisset„

298 3320 335 3346 ¹¹
366 3316 691 3379 Peregrinum
734 3328 916 3392 regem]
963 3327 1014 3378 Si
1056 3343 1155 3380 non
1184 3332 1297 3396 jam

241 3384 517 3455 domicilio,
554 3395 789 3459 (qnando
828 3401 1135 3455 Sabinorum
1178 3422 1298 3470 pars

241 3461 448 3518 Romam
472 3471 836 3540 migraverat,)
867 3482 1049 3531 saltem
1078 3485 1299 3548 origine.

300 3550 323 3575 ¹
355 3546 580 3608 Regnari
598 3548 806 3619 [regem]
836 3561 994 3607 tamen
1029 3575 1185 3611 omnes
1216 3578 1296 3611 vo·

237 3616 410 3686 hiant]
459 3624 687 3676 Quidam
724 3631 933 3682 codices
966 3636 1161 3686 habent
1188 3654 1296 3701 reg·

239 3707 362 3752 nare,
395 3701 532 3763 quod
572 3704 805 3755 mutabat
832 3710 1032 3772 Lipsius
1057 3713 1108 3762 in
1134 3717 1295 3777 passi·

240 3782 349 3821 vum
370 3779 585 3838 regnari.
632 3782 703 3831 Et
726 3783 939 3836 Tacitus
961 3790 1169 3854 quidem
1184 3807 1293 3855 reg-

237 3850 340 3899 nari
359 3862 543 3914 gentes
566 3856 700 3908 dixit
723 3875 824 3910 non
861 3868 1042 3928 semel,
1077 3876 1133 3918 et
1159 3869 1291 3919 Nos·

238 3930 315 3973 ter
357 3931 406 3977 in
449 3930 557 3981 fine
600 3934 747 3999 liujus
788 3940 926 4004 libri,
964 3944 1291 4007 ‘Regnatnm

240 4000 406 4057 Romae
445 4009 512 4057 ab
550 4013 762 4063 condita
787 4016 969 4068 Urbe.’
1035 4022 1141 4071 Sed
1165 4024 1290 4089 quid

239 4081 421 4133 attinet
492 4087 752 4152 subjicere
817 4096 986 4146 minus
1044 4099 1290 4150 usitatam

235 4159 431 4219 phrasin
463 4164 686 4231 (regnari
722 4173 962 4239 volebant)
992 4178 1105 4227 loco
1129 4179 1289 4228 notis-

239 4232 370 4285 sima·
391 4255 552 4301 regem
569 4246 802 4312 volebat,
818 4265 932 4315 quai
951 4254 1171 4305 eandem
1186 4270 1289 4305 om·

240 4308 356 4360 nino
378 4314 476 4364 vim
501 4316 693 4368 babet?

1387 2335 1669 2387 Senatores
1687 2337 1883 2401 ineunt,
1903 2347 1962 2387 ut
1978 2353 2072 2387 sua
2086 2338 2301 2403 quisquo
2319 2339 2455 2398 vice,

1387 2429 1582 2481 suoque
1628 2416 1829 2480 ordine,
1862 2431 2075 2467 summa
2111 2431 2282 2467 rerum
2320 2430 2453 2480 pne-

1385 2501 1585 2542 esseut.

1448 2578 1476 2612 Ρ
1512 2573 1717 2622 Centum
1763 2572 1964 2636 Patres]
2010 2573 2176 2622 Immo
2218 2570 2456 2632 ducenti,

1386 2647 1454 2695 ad
1486 2656 1696 2697 centum
1737 2649 1931 2712 primos
1970 2647 2193 2711 adjectis
2231 2646 2450 2697 totidem
2552 2697 2567 2706 ,

1384 2735 1505 2791 post
1545 2726 1768 2777 Sabinos
1803 2728 1856 2777 in
1894 2727 2162 2777 civitatem
2194 2732 2454 2787 receptos,

1383 2803 1428 2853 si
1451 2819 1555 2868 qua
1571 2802 1704 2852 fides
1727 2803 2006 2867 Dionysio,
2028 2802 2118 2866 qui
2141 2801 2226 2851 hic
2245 2814 2449 2864 quoque

1381 2880 1688 2930 nominatim
1715 2880 1967 2930 ducentos
2002 2884 2170 2929 notat.
2239 2878 2448 2927 Plutar-

1381 2957 1505 3007 chus
1528 2958 1667 3009 inter
1702 2959 1905 3008 Livium
1932 2965 1987 3007 et
2011 2957 2316 3021 Dionysium
2344 2955 2448 3003 vei-

1380 3039 1441 3083 nt
1475 3034 1678 3084 medius
1713 3042 1921 3086 centum
1954 3032 2331 3098 quinquaginta
2354 3032 2448 3082 Se-

1380 3117 1585 3161 natores
1620 3119 1739 3176 post
1774 3109 1978 3162 Romuli
2014 3119 2234 3160 mortem
2269 3124 2447 3160 nurne-

1380 3194 1493 3236 rat:
1532 3187 1640 3236 sive
1666 3188 1804 3251 quod
1828 3188 2207 3253 quinquaginta
2225 3187 2447 3237 duntax-

1378 3269 1434 3313 at
1455 3264 1651 3329 adjecti
1684 3279 1750 3314 ex
1779 3264 1980 3315 stedere
2000 3265 2197 3316 Sabino
2220 3265 2448 3325 fuerant,

1379 3339 1491 3389 sive
1510 3340 1649 3404 quod
1675 3341 1725 3390 in
1747 3341 1918 3391 locum
1939 3355 2141 3402 eornm,
2159 3341 2243 3405 qui
2264 3348 2447 3404 postea

1377 3420 1568 3466 mortui
1593 3425 1787 3482 esseut,
1810 3417 2008 3468 nullum
2026 3419 2323 3481 sublegerat
2347 3418 2446 3466 Ro·

1378 3494 1565 3542 mulus.

1442 3576 1468 3611 (Ι
1522 3570 1702 3619 Decem
1741 3570 1948 3621 decuriis
1974 3570 2159 3635 factis]
2215 3566 2442 3619 Decurioe

1377 3660 1563 3695 nomen
1583 3648 1725 3696 varie
1745 3647 1999 3698 sumitur:
2029 3648 2331 3711 plerumque
2348 3657 2443 3707 pro

1377 3722 1584 3774 decima
1613 3731 1764 3788 parte
1788 3725 2043 3774 centuriae
2077 3730 2165 3772 aut
2194 3721 2442 3781 Urbanae,

1376 3808 1467 3850 aut
1507 3802 1759 3851 militaris.
1827 3801 1933 3851 Hic
1968 3806 2140 3850 autern
2172 3811 2441 3847 numerum

1376 3876 1636 3939 significat
1684 3877 1868 3926 decem
1928 3876 2253 3929 Senatorum,
2302 3871 2442 3923 sacta

1376 3953 1536 4003 totius
1572 3955 1767 4004 ordinis
1805 3952 2170 4003 distributione
2207 3953 2346 4001 inter
2384 3966 2439 4002 se

1374 4030 1812 4092 conjunctorum3
1882 4044 2043 4093 penes
2101 4044 2231 4095 quos
2299 4034 2442 4078 esset

1373 4119 1572 4154 summa
1606 4108 1734 4170 reip.
1769 4105 2166 4157 administratio.
2233 4106 2285 4155 Si
2327 4105 2440 4168 plu-

1349 4196 1456 4249 ,res
1499 4190 1710 4232 centum
1745 4183 2083 4234 Senatoribns
2122 4182 2288 4241 fuere,
2325 4183 2439 4243 plu-

1372 4272 1452 4306 res
1501 4272 1704 4323 quoque
1759 4259 1941 4310 decem
1998 4259 2224 4309 decuriis
2271 4255 2436 4306 factas

1367 4340 1597 4396 oportet.
2051 4342 2060 4350 ‘
