3034 4925
963 387 1140 436 vrrs
1194 386 1286 435 nr
1333 384 1696 435 ms‘ronm
1747 385 1926 434 nou.
2456 370 2544 435 29

341 534 638 600 maxime
666 534 948 619 physica
974 551 1169 598 veras
1197 551 1411 597 rerum
1439 529 1847 596 naturalium
1878 547 2126 595 causas
2145 531 2543 615 investigare

341 657 469 703 nos
494 639 744 715 docuit,
768 644 838 701 et
865 636 1066 720 hujus
1087 636 1347 719 generis
1369 653 1625 700 errores
1645 634 1894 698 exemit
1914 634 2256 700 hominum
2279 635 2541 700 animis.

342 740 482 804 Sed
511 759 647 804 non
677 751 803 819 est,
840 739 1019 824 quod
1054 739 1225 804 vitio
1253 743 1596 803 vertantur
1623 738 1924 821 antiquis
1953 757 2164 803 rerum
2197 737 2545 803 Romana·

340 862 489 910 rum
517 843 936 909 auctoribus.
1022 840 1203 907 Nam
1234 843 1302 907 hi
1333 848 1404 906 et
1435 842 1699 925 placere
1721 842 2075 925 cupiebant
2099 841 2544 926 popularibus

343 947 513 1023 suis,
566 947 687 1029 qui
731 963 966 1010 omnes
1015 945 1182 1010 iram
1216 944 1513 1010 Deorum
1545 943 1867 1028 prodigiis
1898 944 2201 1029 portendi
2228 928 2545 1028 piaculis·

344 1068 480 1133 que
509 1057 592 1120 et,
605 1047 1210 1131 supplicationibus
1250 1047 1671 1113 avertendam
1705 1067 1855 1112 esse
1886 1049 2236 1132 putabant,
2261 1046 2545 1133 (quibus

341 1149 771 1233 opinionibus
820 1148 1025 1214 etiam
1086 1149 1626 1233 sapientissimos
1676 1148 1886 1214 fuisse
1935 1151 2245 1226 imbutos,
2292 1152 2402 1215 vel
2454 1169 2546 1215 ex

342 1252 695 1317 Ciceronis
732 1252 819 1317 de
870 1252 1279 1317 divinatione
1306 1251 1496 1317 libris
1541 1251 1977 1335 intelligitur,)
2011 1257 2077 1317 et
2119 1253 2549 1319 movebantur

342 1361 489 1420 tum
526 1355 852 1436 gravitate
879 1354 1112 1418 harum
1143 1353 1712 1437 superstitionum,
1745 1373 1901 1438 quae
1931 1372 2240 1436 magnam
2264 1354 2398 1418 vim
2429 1354 2547 1421 ha·

343 1458 599 1523 bebant
627 1458 696 1522 in
725 1457 1009 1523 consilia
1048 1458 1318 1543 publica
1359 1475 1711 1541 rerumque
1750 1456 2182 1541 gerendarum
2212 1463 2547 1536 eventum,

346 1567 491 1624 tum
538 1562 934 1626 auctoritate
979 1560 1401 1644 antiquitatis
1430 1567 2135 1644 monumentorumque
2161 1566 2481 1638 veterum,
2508 1578 2548 1624 e

342 1663 596 1747 quibus
625 1668 881 1728 tantum
910 1681 1045 1726 non
1067 1663 1295 1728 omnia
1320 1662 1738 1739 hauriebant,
1762 1664 1832 1727 in
1862 1662 2098 1746 primis
2114 1662 2440 1727 fastorum
2469 1669 2544 1727 et

344 1765 684 1831 annalium
717 1765 1138 1851 pontificum,
1166 1765 1238 1830 in
1266 1765 1516 1858 quibus
1545 1766 1854 1850 prodigia
1878 1785 2030 1832 cum
2060 1765 2549 1849 procurationi·

342 1868 478 1933 bus
506 1868 870 1952 diligenter
913 1875 1102 1935 erant
1142 1869 1563 1952 consignata.
1651 1868 1861 1949 Quod
1897 1870 1958 1933 si
1998 1887 2158 1935 vero
2202 1867 2444 1933 Livius
2475 1869 2544 1933 in

345 1970 455 2036 his
483 1972 1078 2038 commemorandis
1104 1972 1373 2038 modum
1402 1973 1726 2051 excessit,
1748 1973 1974 2037 minus
2005 1978 2183 2037 certe
2213 1989 2546 2054 peccasse

341 2071 613 2138 videtur
635 2093 837 2157 quam
862 2074 1218 2160 PolybiuS,
1240 2077 1354 2160 qni
1384 2076 1596 2142 semel
1621 2082 1872 2142 tantum
1890 2075 2046 2161 (ιιι.
2067 2071 2259 2158 112.)
2278 2074 2550 2139 brevem

341 2194 571 2239 eorum
618 2179 1017 2243 mentionem
1070 2179 1272 2244 fecit:
1337 2199 1490 2245 nam
1541 2200 1630 2246 ex
1678 2180 1962 2246 historia
2008 2177 2342 2252 Romana,
2394 2196 2547 2261 quae

343 2278 512 2344 talia
541 2293 736 2362 paene
765 2281 1028 2346 silentio
1079 2282 1550 2365 praetermittit,
1597 2302 1729 2349 non
1773 2289 2099 2348 accurata
2141 2280 2551 2363 percipietur

342 2381 641 2464 cognitio
667 2401 949 2464 morum,
978 2384 1390 2468 opinionum,
1421 2384 2009 2469 institutorumque
2053 2383 2253 2467 hnjus
2284 2381 2549 2468 populi.

343 2483 508 2568 Ipse
535 2485 773 2552 Livius
800 2507 934 2553 non
963 2488 1136 2554 male
1173 2508 1345 2566 eam,
1377 2508 1581 2574 quam
1613 2493 1887 2554 secutus
1915 2493 2042 2565 est,
2071 2486 2394 2551 rationem
2427 2485 2547 2550 lib.

347 2602 582 2652 xmu.
611 2589 722 2656 13.
751 2589 1050 2656 defendit
1079 2591 1184 2657 his
1213 2592 1474 2657 verbis:
1524 2596 1543 2626 ‘
1576 2590 1644 2656 N
1649 2609 1737 2655 on
1777 2609 1922 2654 sum
1969 2587 2266 2665 nescius,
2309 2587 2394 2651 ab
2435 2606 2551 2651 ea·

341 2688 493 2755 dem
552 2691 971 2776 negligentia,
1019 2713 1154 2778 qua
1205 2692 1373 2758 nihil
1424 2692 1621 2757 Deos
1670 2674 2071 2777 portendere
2121 2689 2327 2771 vulgo
2377 2707 2549 2753 nunc

341 2792 665 2870 credunt‚'
688 2814 787 2860 sc.
817 2795 1146 2874 homines,
1178 2793 1410 2861 edocti
1441 2815 1483 2860 a
1523 2793 1966 2879 philosopbiS,
1996 2792 2295 2858 Deorum
2324 2792 2554 2877 provi-

341 2894 635 2965 dentiam
663 2899 1084 2979 negantibus,
1127 2905 1148 2937 ‘
1182 2917 1400 2982 neque
1442 2899 1727 2963 nuntiari
1767 2895 2124 2961 admodum
2157 2894 2297 2960 ulla
2325 2894 2551 2978 prodi-

341 2998 454 3078 gia
479 2999 547 3062 in
574 3000 944 3082 publicum,
972 3019 1195 3084 neque
1227 3002 1293 3065 in
1323 3000 1603 3066 annales
1632 3001 1875 3065 referri.
1947 2998 2260 3064 Ceterum
2287 3005 2358 3063 et
2385 2996 2551 3063 mihi

342 3107 652 3165 vetustas
675 3119 786 3166 res
812 3102 1131 3167 scribenti
1158 3103 1390 3169 nescio
1418 3122 1554 3186 quo
1581 3108 1784 3186 pacto
1809 3104 2126 3185 antiquus
2152 3101 2231 3166 fit
2258 3101 2548 3177 animus,

343 3209 416 3267 et
444 3203 758 3287 quaedam
787 3204 1016 3288 religio
1041 3210 1249 3284 tenet,
1281 3225 1436 3290 quae
1464 3206 1568 3271 illi
1598 3205 2107 3290 prudentissimi
2129 3205 2257 3270 viri
2278 3204 2550 3288 publice

343 3306 780 3389 suscipienda
821 3309 1232 3398 censuerint,
1263 3328 1348 3375 ea
1378 3329 1502 3394 pro
1534 3307 1752 3391 dignis
1788 3309 2032 3374 habere
2068 3326 2220 3391 quae
2265 3308 2335 3371 in
2364 3325 2551 3371 meos

345 3410 632 3477 annales
662 3409 978 3477 referam?
1066 3411 1259 3477 Idem
1292 3413 1447 3477 aliis
1490 3413 1664 3477 loeis
1703 3420 1885 3478 recte
1917 3410 2182 3494 judicat
2208 3410 2292 3474 de
2323 3409 2551 3493 prodi-

345 3511 495 3592 giis,
531 3532 598 3576 v.
634 3533 694 3577 c.
748 3528 924 3577 xx1.
966 3513 1076 3579 62.
1123 3531 1354 3580 xxiv,
1404 3516 1511 3580 10.
1563 3515 1670 3581 44.
1719 3523 1788 3579 et
1840 3530 2101 3579 xxvu.
2148 3512 2257 3577 23.
2308 3512 2552 3594 quibus

345 3613 533 3691 dicit,
580 3602 788 3680 multa
833 3617 1176 3681 oculorum
1218 3618 1612 3701 auriumque
1651 3616 1963 3692 ludibria,
1993 3615 2192 3680 motis
2236 3613 2441 3677 semel
2476 3611 2547 3674 in

342 3717 728 3801 religionem
762 3718 1026 3796 animis,
1056 3726 1301 3784 temere
1337 3740 1461 3804 pro
1519 3721 1695 3785 veris
1736 3720 1953 3783 fuisse
1997 3715 2276 3793 credita,
2307 3721 2374 3778 et
2395 3734 2550 3798 pra-

344 3820 498 3884 'vam
522 3820 907 3903 religionem
932 3821 1135 3887 etiam
1167 3822 1461 3889 minimis
1492 3822 1863 3885 inseruisse
1897 3820 2110 3884 Deos,

434 3923 653 3989 Fuere
682 3924 889 3988 etiam
915 3930 985 3989 et
1012 3924 1211 3990 olimc
1256 3932 1329 3990 et
1374 3923 1595 4002 hodie,
1624 3925 1736 4007 qui
1765 3922 2041 3987 nimium
2071 3920 2396 3985 orationis
2443 3941 2549 3985 or·

348 4212 355 4221 ·
409 4200 433 4225 ⁶
465 4192 531 4241 V.
555 4205 604 4243 e.
631 4193 885 4243 Lucianus
909 4195 973 4244 de
997 4196 1150 4246 scrib.
1187 4195 1308 4246 hist.
1344 4206 1423 4246 rx.
1458 4198 1539 4246 ὅτ.
1561 4199 1618 4244 et
1651 4193 1804 4256 impr.
1828 4192 2093 4243 Diodorus
2127 4192 2231 4243 Sic.
2265 4188 2547 4241 Orationes
