3034 4925
1057 328 1202 377 mn.
1250 326 1331 381 n.
1378 327 1544 377 esp.
1586 313 1694 379 40.
2340 314 2473 380 455

259 475 654 555 consilium,
684 493 769 541 an
798 474 1146 542 muliebris
1179 474 1417 542 timor¹
1440 475 1662 556 fuerit,
1691 495 1930 561 parum
1957 476 2243 546 invenio.
2307 478 2471 545 Per·

236 575 495 646 'vicere
524 584 726 658 certe,
765 587 844 645 ut
880 587 948 645 et
973 578 1284 654 Veturia,
1316 598 1560 663 magno
1590 586 1755 645 natu
1784 581 2041 660 mulier,
2085 587 2154 648 et
2171 578 2471 647 'Volum-

253 685 406 761 nia,
445 682 616 752 duos
647 703 893 768 parvos
931 703 1019 749 ex
1052 682 1316 749 Marcio
1356 682 1572 747 ferens
1622 683 1819 763 filios,
1871 704 2100 750 secum
2125 686 2197 750 in
2242 692 2471 751 castra

252 786 561 853 hostium
598 788 811 854 irent:
858 792 949 865 et,
997 805 1199 872 quam
1245 786 1450 851 armis
1502 786 1631 851 viri
1677 786 2026 853 defendere
2069 790 2295 854 urbem
2338 809 2480 854 non

255 895 576 974 possent,
611 890 916 956 mulieres
961 889 1277 973 precibus
1317 888 1766 974 lacrymisque
1796 890 2240 958 defenderent.
2326 891 2471 957 Ubi

250 992 355 1060 ad
385 998 604 1058 castra
647 997 913 1058 ventum
941 997 1068 1071 est,
1111 990 1621 1075 nuntiatumque
1658 992 2039 1073 Coriolano,
2084 993 2323 1060 adesse
2364 997 2468 1060 in-

250 1115 432 1179 gens
490 1095 835 1161 mulierum
882 1114 1148 1180 agmen,
1205 1094 1275 1160 in
1325 1094 1539 1180 primo
1559 1101 1653 1132 ²0⁸
1693 1093 1807 1181 (ut
1856 1097 1971 1181 qui
2017 1116 2139 1162 nec
2190 1097 2471 1182 publica

253 1200 620 1286 majestate
658 1199 1023 1284 inlegatiS,
1051 1219 1174 1265 nec
1205 1200 1273 1265 iu
1304 1198 1768 1266 sacerdotibus
1798 1206 1991 1267 tanta
2016 1202 2230 1268 offusa
2259 1204 2471 1269 oculis

257 1302 621 1387 animoque
649 1302 965 1387 religione
985 1309 1207 1369 motus
1237 1305 1445 1382 esset)
1473 1303 1692 1368 multo
1724 1304 2123 1370 obstinatior
2150 1304 2471 1372 adversus

255 1404 605 1491 lacrymas
650 1407 1006 1472 muliebres
1056 1411 1216 1472 erat.
1303 1404 1482 1470 Dein
1531 1404 1961 1473 familiarium
2010 1408 2303 1493 quidam,
2353 1411 2471 1493 qui

249 1507 583 1592 insignem
605 1509 936 1576 moestitia
973 1511 1137 1575 iuter
1164 1515 1424 1576 ceteras
1453 1516 1863 1593 cognoverat
1886 1509 2260 1591 Veturiam,
2290 1513 2471 1577 iuter

250 1630 497 1677 nurum
541 1617 952 1698 nepotesque
978 1618 1287 1691 stantem,
1338 1610 1542 1677 ‘Nisi
1593 1633 1702 1678 me
1738 1612 2192 1691 frustrantur,'
2217 1614 2472 1700 ·inquit

254 1718 280 1749 ‘
302 1715 515 1795 oculi,
555 1721 763 1782 mater
782 1717 909 1781 tibi
934 1716 1320 1801 conjuxque
1348 1729 1420 1781 et
1446 1717 1636 1782 liberi
1665 1716 1958 1784 adsunt!
2044 1716 2471 1798 Coriolanus,

253 1837 478 1902 prope
524 1823 599 1883 ut
647 1837 900 1898 amenS,
952 1823 1422 1886 consternatus
1444 1825 1464 1857 ¹
1508 1821 1596 1885 ab
1645 1818 1805 1886 sede
1857 1821 2029 1898 sua,t
2072 1840 2222 1886 cum
2267 1820 2473 1886 ferret

254 1919 459 1985 matri
489 1922 710 1988 obviae
742 1922 1197 2005 complexum,
1240 1920 1475 1986 mulier
1500 1921 1764 1988 initam
1788 1942 1878 1987 ex
1905 1923 2220 2006 precibus
2254 1943 2472 2003 versa,

257 2025 277 2056 ‘
305 2022 498 2102 Sine,
517 2030 544 2060 ²
573 2025 961 2109 priusquam
984 2024 1413 2109 complexum
1452 2026 1773 2110 accipio,¹¹
1803 2023 2061 2104 sciam‚'
2083 2025 2319 2111 iuquit,
2352 2025 2472 2092 ‘ad

1395 2190 1451 2211 00
1457 2191 1548 2211 060

224 2273 229 2278 ⁴
324 2292 393 2339 2⁰
422 2288 1708 2367 Vulg.umen‚prino.conj·Bsue1-.sgnes,is
1735 2293 1908 2359 μήπω.
1973 2290 2037 2341 In
2061 2292 2167 2343 Ms.
2187 2291 2367 2344 Velm.
2389 2298 2474 2343 est

252 2353 370 2405 inde
386 2355 559 2420 prino.
561 2360 657 2406 -1
674 2356 778 2407 Alii
795 2364 914 2423 post
928 2363 1255 2410 mdermus
1275 2374 1474 2411 comma
1499 2366 1717 2425 ponunt,
1735 2360 2064 2425 junguntque
2081 2356 2241 2408 verba
2263 2359 2372 2423 leq.
2374 2362 2473 2407 —2

1247 2525 1470 2579 NOTAE

324 2627 346 2653 ¹
375 2618 459 2670 Au
480 2621 721 2672 mliebris
753 2621 923 2685 tim]
956 2625 1027 2675 Et
1064 2622 1326 2674 muliebris
1469 2633 1489 2658 ⁸
1523 2625 1587 2675 Is
1617 2623 1797 2689 prino]
1829 2621 1971 2673 Editi
2009 2620 2199 2672 habent
2225 2618 2399 2684 prin-0,
2418 2624 2475 2671 st

256 2696 434 2755 timor,
465 2706 521 2747 et
559 2699 824 2762 publicum
846 2699 948 2752 fuit
970 2701 1262 2766 consilium,
1278 2701 1324 2753 si
1404 2702 1487 2766 qui
1521 2716 1608 2752 nec
1637 2701 1827 2767 publica
1858 2699 2123 2760 mafiensis.
2206 2696 2314 2748 Sed
2347 2697 2475 2746 Mss.

260 2773 515 2837 Dionysio
537 2774 684 2825 tides.
754 2777 1036 2844 Postquam
1060 2779 1196 2829 euim
1220 2778 1322 2829 Va-

257 2850 407 2909 leria,
463 2866 581 2902 cum
637 2853 847 2920 reliquis
889 2853 1136 2905 metronis
1177 2863 1322 2905 metu

256 2928 619 2984 consternatis,
646 2936 864 2980 matrem
898 2937 952 2981 et
983 2945 1193 2980 uxorem
1220 2931 1321 2981 Co·

256 3003 443 3059 riolaui
467 3004 729 3070 adierunt,
762 3006 841 3057 11ae
864 3007 1072 3073 quidem
1095 3007 1323 3073 ipsarum

257 3079 507 3144 precibus
540 3082 852 3147 aliquantum
883 3092 1007 3135 sunt
1031 3083 1324 3148 reluctstae,

255 3157 396 3224 quod
435 3158 498 3222 is,
535 3167 654 3223 post
685 3160 938 3210 indictum
972 3161 1184 3212 exilium
1219 3162 1325 3212 suis

256 3236 375 3292 vale
419 3234 618 3302 dicens,
663 3251 719 3287 se
755 3238 971 3302 posthac
1014 3252 1183 3303 neque
1227 3237 1325 3289 fili·

257 3326 365 3375 um,
411 3323 578 3378 neque
613 3314 872 3378 maritum,
909 3328 1074 3379 neque
1125 3322 1329 3379 patrem

254 3386 489 3438 futurum
531 3388 793 3453 professus
844 3398 1027 3452 esset3
1070 3406 1168 3442 uec
1208 3404 1331 3442 vero

256 3465 536 3532 quicquam
583 3467 660 3516 eis
703 3475 822 3519 toto
876 3469 1053 3534 elapso
1105 3467 1330 3519 triennio

257 3543 573 3607 scripsisset,
596 3552 686 3596 aut
709 3545 1022 3598 mandasset.
1086 3545 1191 3596 Sed
1216 3552 1330 3596 tau·

256 3617 377 3668 dem
408 3618 724 3682 legationem
770 3634 1063 3686 suscepere.
1132 3621 1250 3674 Qus
1273 3633 1331 3670 re

259 3694 561 3746 consulibus
598 3697 856 3760 nuntiata,
891 3697 944 3747 iu
977 3697 1194 3754 Senatu,
1218 3703 1336 3761 post

255 3773 465 3835 longam
502 3772 944 3831 deliberationem,
985 3774 1117 3826 vicit
1157 3787 1335 3825 eorum

260 3851 539 3916 sententia,
589 3853 678 3917 qui
727 3851 1109 3918 profectionem
1149 3858 1339 3902 matro-

260 3940 443 3977 narum
468 3927 773 3992 probabant.
815 3928 1264 3980 senatusconsulti
1287 3928 1340 3978 iu

259 3997 316 4052 id
347 4000 474 4054 facti
506 4005 876 4057 auctoritatem
910 4007 1131 4072 populus
1160 4005 1214 4056 in
1246 4019 1334 4056 co·

263 4078 407 4128 mitio
447 4087 659 4130 secutus
693 4088 812 4132 est=
866 4089 921 4133 et
976 4082 1218 4134 mulieres
1252 4082 1335 4141 lu·

264 4154 414 4242 ssnbri
444 4154 627 4207 habitu
661 4158 714 4208 in
753 4166 926 4212 castra
968 4161 1191 4213 hostiurn
1221 4172 1334 4210 car-

267 4236 438 4296 penus
462 4238 647 4283 vectae.

1405 2793 1506 2830 non
1546 2780 1698 2844 pauci
1740 2776 1877 2842 apud
1916 2774 2235 2828 Gronovium
2282 2773 2485 2822 diserte

1403 2853 1598 2906 habent
1635 2856 1687 2905 in
1726 2854 1912 2920 privum·
1945 2867 2059 2918 quoe
2102 2851 2262 2902 lectio
2292 2848 2481 2900 confir·

1407 2931 1536 2982 mari
1560 2938 1736 2998 potest
1768 2946 1834 2981 ex
1866 2929 1960 2980 lib.
1994 2942 2052 2979 x.
2085 2929 2101 2956 ⁸
2128 2927 2285 2979 Arma
2309 2928 2482 2992 signa-

1410 3022 1512 3073 que
1556 3022 1652 3072 per
1697 3006 1952 3065 turbidam
1992 3005 2162 3056 lucem
2209 3004 2263 3054 in
2312 3003 2480 3068 primo

1411 3082 1778 3149 apparebant,'
1823 3089 1879 3134 et
1921 3080 2013 3132 lib.
2060 3093 2269 3131 xxxvi.
2321 3079 2486 3129 ‘levis

1412 3168 1691 3213 armatura
1716 3166 1921 3226 purtem
1942 3164 2066 3209 ante
2086 3157 2279 3208 vallum
2306 3155 2358 3205 in
2381 3156 2489 3219 pri·

1406 3252 1492 3289 mo
1515 3237 1746 3290 locavit.’
1811 3236 1902 3288 Sic
1916 3236 2126 3285 Sallust.
2150 3234 2202 3283 in
2225 3233 2362 3284 bello
2379 3234 2482 3286 Ju-

1411 3316 1584 3379 gurrh.
1620 3316 1636 3344 ‘
1665 3315 1751 3379 qui
1780 3313 1834 3363 in
1859 3312 2026 3377 primo
2047 3310 2205 3361 locuti
2232 3308 2478 3360 fueraut)

1412 3392 1513 3443 His
1537 3393 1638 3443 elia
1668 3390 1909 3456 exempla
1926 3391 1990 3440 sb
2014 3389 2198 3439 eodem
2223 3387 2480 3452 adjiciun-

1411 3477 1517 3524 tur,
1539 3482 1605 3518 ex
1627 3467 1815 3533 quibus
1833 3466 2041 3530 probari
2060 3465 2282 3525 videtur,
2300 3477 2480 3528 quem-

1410 3544 1688 3595 admodum
1708 3545 1762 3593 in
1785 3543 1972 3607 primis,
1992 3556 2086 3605 pro
2109 3540 2482 3604 iuter-primos,

1410 3621 1485 3672 lta
1507 3622 1562 3671 in
1594 3622 1748 3686 primo
1775 3620 1963 3670 Latine
1997 3617 2117 3673 dici,
2143 3623 2249 3665 tum
2288 3628 2381 3677 pro
2414 3627 2480 3665 eo

1413 3697 1553 3763 quod
1578 3698 1731 3747 aliter
1764 3695 1984 3746 dicimus
2015 3694 2239 3758 primum,
2273 3691 2324 3740 iu
2345 3690 2479 3753 prin-

1413 3774 1537 3839 cipio
1558 3775 1669 3824 sive
1700 3773 1861 3834 initio,
1883 3771 2106 3833 Gallice,
2132 3770 2165 3818 d
2166 3765 2347 3830 ’,abord
2368 3774 2479 3818 tum

1418 3865 1512 3917 pro
1528 3852 1683 3915 primo
1701 3852 1818 3911 loco,
1838 3852 1868 3898 ὰ
1893 3850 1941 3898 la
1962 3846 2076 3897 tdte.

1480 3929 1500 3960 ²
1531 3927 1610 3977 Ab
1639 3928 1750 3981 sede
1775 3924 1886 3988 suc]
1919 3924 2144 3975 Miratus
2180 3920 2362 3972 matris
2388 3919 2482 3971 sd·

1414 4012 1627 4056 ventum
1671 4002 1903 4055 Marcius
1965 4016 1996 4050 e
2050 3998 2175 4063 sede
2224 3999 2483 4065 prosiluit,

1416 4083 1673 4146 matrique
1721 4087 1969 4144 tanquam
2024 4075 2278 4143 superiori
2309 4074 2480 4127 fasces

1415 4157 1688 4218 summisit,
1708 4154 1847 4221 apud
1873 4155 2092 4219 Dionys.

1482 4242 1505 4267 ⁰
1539 4233 1674 4297 Sine,
1685 4233 1960 4297 priusquam
1976 4233 2266 4296 complexum
2278 4226 2482 4304 accipio]
