3034 4925
989 399 1133 448 mn.
1181 396 1263 447 tt.
1310 397 1475 447 cu.
1519 380 1622 447 53.

193 542 590 630 periculum
634 515 925 613 andacia
964 544 1311 613 discussit.

2297 380 2426 451 49²

1398 542 1599 611 Juvit
1639 550 1707 610 et
1731 541 2082 643 Virginius
2113 544 2426 629 collega,y

196 649 414 715 testis
459 647 858 733 productus,
888 649 1354 734 participando
1383 648 1660 713 landes:
1704 649 1923 730 magis
1952 656 2171 713 tamen
2199 648 2429 714 Mene-

193 753 490 817 niannm
513 752 710 831 (adeo
738 758 1202 817 mutaverant⁸
1233 751 1556 832 animum)
1583 750 1836 834 profuit
1853 749 2208 834 judicium.

292 853 417 919 53.
466 851 853 919 Certamina
896 853 1081 918 domi
1129 853 1336 918 finita.

200 956 469 1040 quibus
521 956 757 1022 Sabini
813 975 999 1021 arma
1050 954 1564 1040 conjunxerant.

1426 851 1730 918 Veiens⁵
1783 853 2032 919 bellum
2071 860 2427 937 exortum3

1671 955 1751 1022 P.
1798 954 2115 1021 Valerius
2164 957 2426 1034 consul,

203 1059 466 1123 accitis
509 1058 898 1123 Latinorum
951 1057 1528 1141 Hernicorumque
1573 1057 1877 1136 auxiliiS,
1920 1078 2076 1123 cum
2120 1058 2426 1124 exercitu

201 1158 439 1225 Veios
467 1162 765 1238 ιιιίειειιενι,ι
793 1164 1014 1225 castra
1043 1157 1348 1236 Sabina,b
1377 1178 1535 1243 quae
1568 1177 1690 1242 pro
1721 1159 2054 1224 moenibus
2093 1158 2429 1241 sociorum

202 1261 451 1328 locata
502 1268 711 1341 erant,
770 1262 1127 1328 confestim
1186 1260 1603 1344 aggreditur3
1673 1266 2063 1344 tantamque
2131 1260 2427 1344 trepida-

204 1363 472 1428 tionem
519 1364 767 1448 injecit,
796 1371 894 1443 ut,
926 1363 1083 1430 dum
1128 1361 1420 1451 dispersi
1452 1364 1569 1429 alii
1600 1363 1737 1427 alia
1767 1362 2228 1447 manipulatim
2248 1359 2280 1401 ⁶
2308 1383 2431 1428 ex·-

207 1474 495 1532 currunt
543 1466 632 1533 ad
691 1467 1051 1533 arcendam
1088 1467 1378 1533 hostium
1436 1466 1599 1545 vim,
1651 1487 1736 1532 ea
1788 1473 2007 1551 porta,
2061 1464 2174 1531 cui
2233 1465 2431 1546 signa

208 1570 509 1653 primum
549 1570 891 1648 intulerat,
920 1575 1287 1654 caperetur.

1383 1568 1572 1635 Intra
1604 1568 1852 1634 vallum
1901 1567 2148 1632 deinde
2195 1565 2428 1633 caedes

208 1674 462 1757 magia,
517 1692 744 1759 qnam·
775 1671 1101 1758 praelium,
1153 1691 1330 1738 esse.
1413 1671 1776 1737 Tumultus
1833 1691 1872 1735 e
1926 1671 2173 1738 castris
2232 1675 2302 1735 et
2355 1671 2425 1766 in

117 1817 121 1821 <
212 1776 454 1840 urbem
498 1783 822 1861 penetrat.
906 1774 1257 1859 Tanquam
1290 1772 1479 1839 Veiis
1520 1776 1780 1859 captia,
1797 1774 1897 1840 ita
1922 1774 2150 1859 pavidi
2183 1772 2429 1838 Veien-

213 1883 323 1944 tes
374 1880 458 1945 ad
501 1898 684 1945 arma
726 1887 1022 1961 currunt.
1109 1878 1281 1945 Pars
1329 1878 1603 1944 Sabinis
1650 1885 1808 1944 eunt
1859 1879 2208 1959 subsidi03
2267 1892 2429 1961 pars

1150 2063 1301 2089 teme
1306 2061 1520 2082 meoee

290 2187 322 2231 5
362 2181 633 2232 Cer-tamine
651 2183 778 2232 dom·
801 2182 972 2248 finito,
1002 2182 1190 2238 Veiens,
1222 2182 1301 2242 ὅτ.
1337 2179 1394 2230 in
1417 2180 1520 2229 Ma.
1541 2178 1720 2229 Veith.
1744 2184 1800 2229 et
1821 2178 1895 2228 sie
1918 2192 2021 2227 uno
2045 2173 2228 2239 spiritu
2252 2171 2429 2234 legen-

221 2246 351 2315 dum
371 2247 509 2311 conj·
528 2247 581 2300 J.
606 2248 667 2299 F.
689 2247 1019 2299 Granum—6
1052 2244 1184 2297 Dum
1204 2247 1408 2310 dispersi
1437 2245 1545 2302 alii,
1580 2247 1668 2295 alii
1701 2244 2030 2309 manipulatim
2061 2242 2167 2293 Ms.
2190 2239 2433 2291 vemt.—

1220 2406 1436 2459 NOTAE

229 2522 560 2588 proditionis,
591 2529 681 2574 ant
711 2522 932 2587 ignsviae
968 2531 1196 2586 accuset,
1230 2538 1290 2575 se

228 2601 424 2665 quippe
457 2601 636 2650 eadem
672 2601 844 2664 ipsum
876 2616 992 2653 cnm
1033 2601 1289 2652 militibus

230 2677 465 2741 pericula
487 2676 694 2726 adiisse.
729 2676 870 2729 Quid
889 2692 1017 2740 ergo
1036 2692 1202 2727 cansae
1217 2676 1290 2726 vi·

232 2754 367 2819 deri,
379 2769 469 2804 cur
490 2755 539 2805 in
554 2754 811 2819 judicium
826 2755 995 2804 vocari
1018 2752 1292 2805 debuerit?

233 2831 470 2897 Denique
512 2833 716 2883 etiamsi
756 2832 977 2882 consilia
1017 2833 1292 2886 eventibus

235 2910 500 2960 metienda
550 2925 653 2960 non
699 2910 826 2972 sint,
883 2908 1102 2973 ideoque
1139 2919 1294 2960 nemo

233 2988 461 3051 priorum
485 2986 691 3043 ducum,
717 2985 914 3050 magnis
940 2986 1172 3039 cladibus
1205 3000 1291 3037 ue·
1335 3001 1340 3006 ·

236 3066 421 3127 ceptis,
454 3062 720 3113 infortunii
754 3077 934 3127 poenas
971 3060 1198 3119 dederit.
1235 3076 1291 3112 se

235 3149 405 3191 tamen
429 3157 528 3191 non
552 3155 790 3192 recusare
816 3140 941 3206 quin
974 3141 1026 3190 in
1051 3139 1291 3205 disquisi-
1332 3183 1341 3199 ,

235 3216 427 3266 tionem
449 3215 655 3266 fortuna
677 3230 881 3281 quoqne
905 3223 1139 3266 vocetur.
1191 3216 1291 3266 His

234 3295 444 3348 aliorum
488 3293 676 3344 ducum
706 3294 945 3357 exempla
969 3293 1173 3358 majoris
1201 3309 1291 3343 su·

235 3370 396 3419 daciae
415 3370 654 3434 subjecit,
674 3385 890 3434 quornm
923 3384 1079 3419 cause
1098 3370 1291 3424 nemini

239 3447 381 3496 dicta
400 3443 556 3495 fuerit
579 3445 709 3496 dies.
781 3447 965 3512 Neque
980 3446 1061 3495 bis
1077 3452 1293 3496 conten·

240 3531 327 3574 tus
369 3523 570 3587 plebem
613 3538 674 3573 ac
720 3523 950 3573 tribunos
1005 3522 1293 3586 redarguit,

240 3599 378 3665 quod
416 3599 480 3649 ob
519 3600 728 3663 privata
761 3613 853 3648 sua
897 3599 1164 3649 commode
1200 3610 1293 3648 aut

240 3674 551 3739 cupiditates
589 3676 914 3740 insurgerent
946 3673 1001 3723 in
1023 3674 1293 3736 Senatum,

242 3753 327 3817 qni
353 3753 562 3816 publicis
576 3751 884 3804 utilitatibus
900 3750 1085 3801 sedulo
1108 3750 1290 3814 invigi-

244 3831 394 3879 latet.

305 3913 332 3939 ¹
366 3904 511 3968 cnjus
526 3904 684 3970 patris
704 3905 913 3969 munere]
946 3905 1030 3954 De
1053 3902 1294 3967 Agrippa

242 3983 483 4034 Menenio
525 3989 697 4046 patre,
733 3981 951 4046 ejusque
991 3983 1041 4036 in
1085 3980 1294 4044 plebem

241 4057 439 4119 officiis,
455 4059 648 4107 dictum
673 4071 833 4120 supra
852 4071 899 4107 c.
920 4060 1003 4106 32.
1029 4063 1083 4105 et
1105 4059 1188 4106 38.

308 4144 328 4188 ‚¹
358 4134 497 4184 duait
528 4141 576 4184 et
621 4133 872 4197 Virginius
902 4134 1102 4198 collega]
1133 4132 1187 4183 Is
1226 4129 1291 4181 de

246 4211 441 4261 Servilii
482 4225 605 4262 casu
644 4211 781 4262 ultra
820 4214 989 4275 ipsum
1040 4210 1290 4274 collegam

247 4291 438 4356 dolens,
460 4306 523 4341 eo
562 4288 776 4341 laudato
813 4292 881 4341 ob
902 4288 1290 4351 fortitudinem,

1368 2522 1523 2585 dixit,
1540 2523 1583 2573 si
1602 2523 1863 2572 Romanos
1886 2518 2005 2568 belli
2028 2516 2184 2581 hujus
2200 2528 2303 2564 non
2325 2529 2429 2579 poe-

1369 2600 1586 2662 niteret,
1609 2597 1860 2649 ambobus
1882 2594 1980 2643 sibi
2005 2591 2293 2642 habendam
2312 2605 2428 2655 gra·

1369 2678 1525 2739 tism;
1581 2678 1658 2727 sin
1704 2676 1892 2730 minus.
1950 2672 2126 2722 ambos
2173 2685 2238 2719 ex
2281 2684 2432 2735 aequo

1364 2751 1719 2818 plectendos3
1784 2746 2179 2801 communicatis
2235 2747 2430 2810 quippe

1364 2830 1596 2880 consiliis
1633 2826 1890 2891 factisque
1922 2824 2181 2874 fortunam
2223 2834 2430 2887 quoque

1367 2896 1691 2957 communem
1718 2903 1900 2955 fuisse.
1939 2932 1943 2938 v

1426 2991 1447 3016 ²
1480 2981 1613 3033 Adeo
1636 2977 1963 3042 mutaverant]
1991 2974 2198 3026 Plebeii
2224 2988 2431 3040 nempe,

1366 3068 1423 3109 nt
1450 3066 1574 3108 sunt
1598 3057 1738 3120 vulgi
1757 3054 1974 3105 mobiles
1998 3051 2170 3120 animi.

1427 3144 1452 3171 ⁸
1489 3136 1613 3185 Cum
1635 3134 1852 3185 exercita
1881 3130 2020 3180 Veios
2040 3128 2234 3193 mm]
2285 3128 2431 3179 Dum

1363 3212 1619 3262 Veientes
1700 3211 2020 3274 reliquorum
2089 3206 2429 3255 Etruscorum

1365 3291 1554 3340 auxilia
1589 3290 1897 3352 expectant,
1929 3284 2249 3347 Romamque
2283 3279 2434 3331 brevi

1366 3373 1777 3430 expugnaturos,
1815 3370 1906 3411 aut
1944 3358 2084 3409 fame
2107 3358 2173 3407 ad
2208 3358 2434 3408 deditio·

1366 3456 1483 3490 nem
1504 3440 1860 3503 compulsuros
1891 3444 2124 3498 sperant,
2150 3434 2433 3497 occupavit

1365 3517 1604 3565 Valerius
1626 3514 1822 3573 consul,
1842 3512 1940 3561 sub
1957 3524 2232 3574 vesperam
2258 3524 2432 3571 egres·

1366 3607 1453 3641 sus
1479 3591 1645 3651 Urbe,
1666 3588 1885 3639 Sabinos
1919 3586 2198 3634 Veientum
2244 3584 2432 3646 socios,

1364 3667 1460 3717 hos
1501 3668 1643 3732 ipsos
1666 3662 1858 3714 deinde
1900 3662 2010 3711 sine
2045 3675 2188 3710 mora
2220 3659 2434 3710 adortus

1368 3751 1470 3793 est.

1429 3818 1455 3854 t>
1491 3820 1665 3869 Castra
1688 3813 1893 3878 Sabina]
1937 3816 2071 3865 Post
2100 3809 2431 3877 profligatum

1341 3881 1435 3945 ¹ab
1492 3895 1730 3945 Etruscis
1767 3892 2093 3952 Menenium,
2146 3895 2432 3950 communi·

1368 3980 1581 4036 tumque
1604 3972 1655 4021 in
1679 3969 1921 4021 Janiculo
1945 3962 2265 4033 praesidinm,
2290 3970 2435 4021 Sabi-

1365 4049 1418 4100 ni
1459 4049 1527 4099 de
1572 4046 1818 4098 Romanis
1858 4054 2034 4095 actum
2073 4045 2194 4107 rati,
2231 4044 2431 4095 foedere

1364 4130 1522 4193 inito,
1560 4128 1809 4178 Etruscos
1843 4123 2044 4188 magnis
2066 4123 2247 4188 ,copiis
2276 4125 2433 4188 juva,

1366 4208 1513 4269 bant,
1540 4206 1753 4255 seorsim
1776 4200 1843 4252 ab
1865 4201 1966 4252 illis
1984 4216 2096 4252 non*
2112 4202 2292 4265 procul
2321 4208 2430 4249 ten·

1366 4286 1573 4342 dentes«
