3034 4925
537 378 671 444 660
1475 392 1543 439 τ.
1597 390 1785 440 mvn

539 538 783 623 posse!
857 536 1081 615 Erant,
1110 555 1279 622 quos
1306 541 1604 600 moveret
1631 551 1759 600 sua
1788 536 2003 620 magis
2035 538 2317 621 pietate,
2350 551 2575 622 quam·
2598 538 2771 622 ejus,-

538 661 658 727 pro
700 661 835 726 quo
879 642 1143 723 agebat,
1172 657 1402 703 causa.
1490 637 1626 702 Sed
1658 637 2030 721 Virginius,
2063 644 2082 673 ‘
2113 641 2223 704 sui
2257 642 2508 724 potins
2538 648 2625 705 ut
2651 642 2759 705 mi-

536 741 946 822 sererentur‚’
989 743 1246 820 orabat,
1277 746 1296 775 ‘
1319 740 1657 825 filiaeque:
1701 760 1827 806 nec
1856 741 2074 824 gentis
2105 742 2465 821 Claudiae,
2492 753 2762 825 regnum

536 847 605 912 in
650 848 912 931 plebem
949 845 1252 922 sortitae,‘¹
1293 843 1413 909 sed
1441 844 1973 909 necessariorum
2004 844 2332 927 Virginiae
2361 853 2438 910 et
2459 854 2511 893 ¹³
2564 848 2762 914 trium

535 951 982 1016 tribunorum‘
1026 966 1262 1033 preces
1293 948 1639 1029 audirent3
1684 949 1828 1032 qui,
1859 948 1946 1013 ad
1978 948 2319 1014 auxilium
2344 949 2595 1032 plebis
2627 968 2763 1012 cre-

537 1053 656 1131 ati,
686 1052 824 1137 ipsi
862 1052 1086 1137 plebis
1129 1051 1327 1118 fidem
1360 1058 1567 1135 atque
1598 1052 1931 1116 auxilium
1962 1050 2453 1135 implorarent!
2541 1050 2760 1115 Justi·

533 1174 686 1220 ores
728 1154 836 1219 bae
879 1155 1193 1239 lacrymae
1238 1154 1657 1219 videbantur.
1747 1155 2017 1239 Itaque,
2048 1173 2174 1238 spe
2212 1154 2497 1232 incisa,·
2539 1155 2761 1239 prius-

534 1275 737 1341 quam
765 1258 1072 1342 prodicta
1100 1257 1247 1323 dies
1273 1257 1564 1336 adesset,
1585 1255 1856 1343 Appius
1884 1258 2020 1324 sibi
2048 1265 2329 1323 mortem
2361 1258 2763 1322 conscivit*

533 1359 836 1426 Subinde
881 1368 1187 1445 arreptus
1232 1381 1274 1425 a
1318 1360 1402 1425 P.
1440 1359 1829 1425 Numitorio
1875 1360 1995 1445 Sp.
2036 1358 2332 1444 Oppius,
2383 1359 2759 1443 proximus

532 1463 892 1543 invidiae,¹⁴
939 1463 1116 1548 quod
1168 1463 1240 1528 in
1290 1462 1476 1528 Urbe
1527 1462 1771 1553 suerat,
1819 1483 1971 1528 cum
2018 1461 2282 1546 injustoe
2328 1460 2671 1526 vindiciae
2716 1481 2759 1525 a

532 1565 790 1649 collega
832 1566 1225 1632 dicerentur.
1313 1565 1482 1631 Plus
1512 1572 1737 1631 tamen
1765 1566 1949 1631 faeta
1977 1566 2220 1650 injuria
2248 1564 2520 1649 Oppio,
2551 1565 2763 1649 quam'

530 1685 667 1731 non
697 1669 1053 1751 prohibita,
1082 1669 1354 1734 invidiae
1380 1668 1569 1734 fecit.
1642 1669 1870 1737 Testis
1896 1668 2287 1753 productus„
2312 1669 2464 1752 qui,
2485 1674 2757 1751 septem

529 1775 597 1833 et
640 1771 871 1853 viginti
912 1773 1317 1836 enumeratis
1362 1771 1736 1856 stipendiis,
1773 1772 1984 1837 octies
2032 1776 2223 1835 extra
2269 1769 2592 1835 ordinem
2641 1770 2756 1835 do·

463 1901 472 1912 ·
526 1879 743 1950 natuS,
772 1872 1084 1958 donaque
1111 1893 1195 1938 ea
1225 1893 1455 1956 gerens
1484 1876 1553 1940 in
1583 1881 1957 1959 conspectu
1988 1875 2252 1959 populi,
2286 1874 2518 1938 scissa
2556 1881 2755 1938 veste

529 1982 785 2059 tergum
813 1977 1180 2043 laceratum
1210 1978 1413 2061 virgis
1433 1977 1750 2055 ostendit,
1773 1977 2050 2042 nihilum
2073 1977 2476 2059 deprecans,
2514 1982 2538 2010 ‘
2561 1978 2751 2060 quin,

527 2079 589 2142 si
615 2098 820 2163 quam
850 2099 1043 2145 suam
1076 2097 1330 2145 noxam
1357 2099 1521 2145 reus
1545 2079 1766 2145 dicere
1787 2086 2040 2165 posset,
2067 2080 2369 2162 privatus
2400 2080 2659 2143 iterum
2679 2080 2749 2141 in

528 2200 603 2246 se
647 2182 956 2248 saeviret!
1028 2183 1296 2269 Oppius
1339 2203 1612 2268 quoque
1642 2184 1885 2249 ductus
1913 2184 1982 2247 in
2013 2181 2282 2248 vincula
2309 2187 2442 2259 est,
2473 2190 2554 2246 et
2587 2187 2747 2247 ante

517 2284 759 2369 judicii
802 2285 973 2366 diem
1013 2287 1213 2353 finem
1257 2288 1353 2353 ibi
1390 2289 1555 2353 vitae
1588 2287 1765 2353 fecit.
1857 2287 2050 2352 Bona
2082 2284 2349 2350 Claudii
2385 2283 2747 2369 Oppiique

522 2389 772 2454 tribuni
820 2391 1265 2476 publicavere.
1380 2390 1681 2475 Collegae
1734 2409 1960 2456 eorum
2007 2388 2195 2456 exilii
2242 2406 2459 2452 causa
2520 2387 2745 2460 solum

523 2498 882 2558 verterunt.
987 2495 1182 2560 Bona
1232 2494 1583 2578 publicata
1635 2501 1813 2558 sunt.
1915 2490 2007 2557 Et
2060 2488 2160 2555 M.
2211 2488 2583 2566 Claudiae,
2636 2508 2741 2551 as-

524 2601 739 2658 sertor
778 2593 1128 2677 virginiae,
1161 2597 1269 2661 die
1313 2596 1500 2661 dicta
1546 2596 1920 2671 damnata&
1959 2595 2112 2677 ipso
2152 2592 2538 2657 remittente
2588 2589 2741 2655 Vir-

523 2695 704 2776 ginio
759 2697 1062 2763 ultimam
1115 2699 1445 2783 poenam,t
1499 2697 1817 2762 dimissus
1866 2697 2081 2765 Tibur
2129 2694 2477 2759 exulatum
2533 2693 2738 2757 abiit:

525 2795 905 2883 Manesque
937 2799 1318 2885 Virginiae‚¹¹
1360 2807 1644 2864 mortuae
1677 2819 1878 2882 quam
1912 2799 2087 2862 vivae
2116 2796 2529 2874 felicioriS,¹⁵
2548 2804 2576 2831 ⁸
2617 2814 2737 2879 per

585 2956 612 2978 ⁸
644 2947 823 2999 Ablata
840 2965 922 3014 epe
944 2952 1091 3002 omni.

1437 3045 1804 3067 “oenone“

587 3161 648 3206 12
677 3156 748 3207 In
789 3159 893 3209 Mo.
917 3160 1092 3209 Veitlr.
1135 3170 1234 3218 est,
1278 3178 1394 3213 neve
1428 3163 1733 3213 vimmo-18
1773 3162 1841 3211 Et
1876 3159 1978 3211 del.
2010 3159 2145 3211 Edd.
2181 3165 2303 3208 ante
2338 3157 2464 3208 And.
2497 3155 2735 3207 Rheon.

506 3220 883 3347 fffiier·—l⁴
933 3224 1138 3275 Invidioe
1186 3229 1435 3290 proximas
1478 3231 1711 3279 Gronov.
1758 3227 1979 3291 Donjnt.
2025 3226 2393 3276 (Σκύθῃ-15
2440 3223 2569 3274 Vet.
2611 3225 2731 3273 leet.

541 3301 567 3336 e
650 3302 768 3338 ores.

1504 3388 1717 3442 NOTAE

582 3509 606 3547 ‘¹
647 3503 866 3565 Regnum
899 3502 952 3553 ἔκ
989 3504 1171 3568 plebem
1202 3506 1413 3570 sertim]
1447 3507 1580 3558 Qnae
1662 3505 1869 3571 quidem
1902 3503 2049 3554 credi
2071 3503 2350 3553 voluerunt
2369 3500 2594 3557 tribuni,
2615 3515 2731 3549 euin

517 3578 736 3637 scilieet,
781 3581 928 3643 quasi
975 3589 1118 3631 sorte
1162 3584 1454 3645 accepisset
1489 3583 1583 3646 jus
1663 3583 1763 3633 sibi
1806 3583 1991 3647 laqueo
2029 3581 2189 3629 vitam
2227 3577 2527 3627 ademisse:
2582 3576 2729 3626 multi

520 3648 767 3717 regnandi
793 3656 844 3704 in
869 3655 1192 3720 plebeum-ita
1215 3659 1264 3709 ei
1287 3659 1441 3709 solita
1463 3666 1581 3709 erat
1662 3666 1838 3711 tamen
1888 3672 2064 3708 eornm
2095 3658 2245 3720 jussu
2280 3655 2335 3703 iu
2373 3668 2599 3704 carcere
2641 3667 2725 3702 oc·

516 3731 785 3782 insultare.
1660 3735 1823 3785 cisum
1848 3731 2267 3797 suspicabantur.

580 3815 602 3842 *
636 3809 1020 3858 Noeemriorum
1067 3810 1297 3872 virginio
1337 3816 1386 3861 et
1429 3812 1581 3863 trium
1724 3815 1741 3846 t
1774 3812 2067 3862 Remittente
2119 3809 2345 3872 virginio
2378 3808 2605 3858 ultiman
2629 3823 2723 3872 po·

517 3883 837 3949 tribunorum]
869 3886 998 3935 Tre·
1029 3887 1105 3937 illi
1129 3887 1320 3955 tribuni
1352 3888 1575 3939 necessi·
1656 3887 1791 3950 nam]
1829 3888 1981 3940 Quod
2005 3887 2081 3945 M.
2117 3886 2206 3934 ille
2246 3884 2505 3935 Claudius
2544 3899 2603 3934 se
2624 3896 2721 3932 non

520 3958 697 4008 tudine
716 3962 885 4026 aliqua
902 3977 1018 4013 curn
1034 3963 1276 4027 Virginia
1289 3964 1574 4028 conjuncti,
1656 3973 1865 4028 sponte,
1886 3963 1979 4013 ted
1999 3971 2240 4012 coactum
2277 3960 2343 4010 ab
2381 3959 2588 4023 Appio,
2609 3958 2720 4007 Vir·

518 4036 582 4086 L.
631 4036 890 4096 Virginius
933 4045 1102 4102 pater,
1136 4039 1200 4089 P.
1246 4040 1577 4090 Numitorius
1658 4042 1849 4106 giniam
1875 4040 2166 4089 vindicasse
2189 4035 2408 4086 diceret.
2477 4034 2717 4084 Ceterum

518 4111 822 4172 avunculus,
856 4113 914 4163 1..
947 4114 1127 4165 Icilius
1154 4130 1395 4181 sponsus,
1421 4130 1469 4165 c.
1491 4119 1574 4166 54.
1655 4131 1772 4171 eum
1795 4132 1898 4169 non
1923 4132 1954 4164 a
1975 4114 2234 4178 Virginio,
2256 4111 2351 4162 sed
2375 4110 2443 4160 ab
2465 4110 2617 4161 Icilio
2636 4123 2716 4158 ac·

517 4186 728 4236 infflcffl
751 4183 913 4235 fuere·
1636 4204 1891 4256 ,cuzatum
1909 4190 2194 4255 Dionysius
2210 4188 2395 4238 tradit.

581 4271 599 4294 ⁵
630 4261 815 4325 Appius
850 4260 943 4310 sibi
970 4271 1164 4315 mortem
1194 4268 1439 4333 conscivit]
1491 4269 1577 4318 Ita
1721 4278 1744 4304 ὓ
1779 4270 2037 4332 Manesque
2076 4265 2335 4330 virginio]
2366 4264 2621 4329 [sequitur
2650 4275 2711 4313 e!
