3034 4925
564 368 696 438 124
1495 384 1817 435 manna

548 540 966 621 jubete—Sex.
998 538 1337 620 Pompeius,
1360 538 1543 601 frater
1581 539 1863 614 consulis,
1892 540 2152 614 Stoicus,
2180 540 2216 601 J
2223 541 2295 603 C.
2337 552 2401 604 et
2425 551 2751 622 geometra.

560 639 876 720 Scymnus.
958 638 1127 699 Philo
1166 636 1381 720 philos.
1464 640 1540 699 A.
1583 639 1657 700 C.
1708 642 1917 701 88-84.
1963 639 2288 704 Antiochus
2342 659 2475 702 xu.
2521 641 2751 722 Diony·-

560 756 682 798 sus.
1447 792 1516 852 ·

1001 933 1078 994 U.
1109 933 1181 994 C.
1211 933 1349 993 665.
1392 935 1466 993 A.
1496 931 1572 993 C.
1603 933 1702 991 87.
1742 931 1842 995 01.
1875 950 2177 992 cnxxut.
2205 933 2265 992 2.

647 1062 757 1123 Cn.
791 1064 1098 1135 Octavius,
1124 1063 1199 1124 L.
1233 1063 1541 1125 Cornelius
1572 1063 1787 1125 Cinna.
1875 1063 1991 1123 Hic
2010 1083 2117 1143 per
2142 1064 2405 1142 quatuor
2424 1081 2619 1123 annos
2639 1080 2750 1122 εω-

560 1159 643 1218 vit
669 1159 729 1219 in
759 1160 1059 1241 Syllanos,
1088 1171 1149 1222 et
1171 1182 1209 1222 a
1229 1161 1462 1243 collega
1489 1163 1701 1243 pulsus
1724 1162 1781 1222 in
1810 1160 2031 1221 Urbem
2060 1160 2213 1221 redit
2239 1160 2473 1240 scriptis
2501 1174 2755 1240 quatuor

560 1258 932 1333 exercitibus,
961 1260 1176 1341 quibus
1203 1260 1330 1340 ipse
1360 1269 1421 1320 et
1450 1261 1696 1334 Marius,
1733 1280 1808 1320 ex
1834 1260 2035 1321 Africa
2062 1268 2394 1330 revocatus,
2423 1270 2484 1318 et
2512 1258 2589 1326 Q.
2621 1259 2752 1318 Ser-

556 1358 741 1418 torius
780 1366 841 1417 et
884 1356 999 1417 Cn.
1030 1357 1301 1436 Papirius
1334 1358 1531 1417 Carbo
1577 1366 1866 1437 praesunt.
1950 1358 2067 1416 Cn.
2102 1355 2413 1436 Pompeius
2457 1376 2627 1437 proc.
2654 1355 2752 1436 qui

558 1465 868 1534 utramque
906 1465 1134 1533 partem
1163 1455 1411 1527 foverat,
1439 1454 1681 1515 fulmine
1711 1455 1865 1515 ictus
1894 1473 2052 1515 unco
2080 1454 2348 1516 trahitur.
2436 1455 2606 1514 Mors
2634 1455 2751 1515 Oc·

560 1552 721 1624 tavii,
749 1552 814 1612 L.
845 1551 1118 1625 Merulae,
1149 1553 1226 1622 Q.
1261 1551 1482 1626 Catuli,
1512 1553 1586 1613 C.
1627 1553 1790 1613 Atilii
1819 1552 2076 1623 Serrani,
2105 1552 2177 1612 Ρ.
2217 1551 2472 1626 Lentuli,
2501 1552 2575 1613 C.
2619 1552 2751 1616 Cae-

561 1648 845 1723 saris,1M.
867 1648 1075 1726 Baebii,
1103 1649 1176 1711 C.
1207 1649 1543 1726 Numitor-ii,
1571 1651 1662 1712 M.
1691 1650 1938 1714 Antonii
1952 1660 2025 1712 ,et
2052 1649 2429 1712 Crassorum.

1044 1867 1120 1930 U.
1150 1865 1224 1928 C.
1244 1867 1388 1928 666.
1426 1867 1502 1928 A.
1534 1867 1607 1929 C.
1632 1867 1734 1928 86.
1778 1865 1881 1929 01.
1908 1885 2211 1929 οιΧΧιιι.
2247 1868 2304 1929 3.

644 1997 709 2058 0.
743 1997 988 2059 [Um-ius
1031 1998 1171 2059 VII.
1216 1998 1294 2059 L.
1329 1998 1640 2060 Cornelius
1693 1999 1888 2060 Cinna
1918 1998 2006 2059 II.
2037 2007 2119 2071 et,
2161 1999 2357 2059 Mario
2397 2007 2648 2071 mortno,
2677 1996 2752 2058 L.

569 2093 836 2155 Valerius
863 2096 1126 2174 ‚nucem
1154 2097 1243 2158 ῙῙ.
1286 2096 1388 2177 qni
1419 2097 1478 2156 in
1509 2096 1715 2155 Asiam
1744 2096 1989 2167 missus,
2016 2107 2084 2154 ut
2112 2095 2296 2177 Syllae
2323 2096 2692 2168 succederet,
2719 2114 2753 2153 a

563 2189 634 2250 C.
665 2190 869 2253 Flavio
900 2193 1155 2254 Fimbria
1201 2195 1399 2272 legato
1446 2184 1809 2253 interficitur.
1898 2193 2020 2252 Lex
2046 2192 2286 2253 Valeria
2313 2195 2391 2254 ab
2432 2214 2506 2255 eo
2532 2194 2656 2253 lata
2679 2191 2781 2262 de-

560 2306 679 2348 aere
707 2288 923 2351 alieno.
1006 2290 1357 2363 Archelaus,
1388 2311 1425 2351 a
1462 2290 1631 2372 Sylla
1654 2290 1967 2370 aliquoties
1995 2291 2207 2364 victus,
2236 2311 2299 2351 se
2331 2301 2391 2352 et
2418 2291 2673 2352 classem
2700 2289 2752 2350 ei

559 2383 760 2445 tradit.
847 2386 913 2447 L.
944 2386 1205 2447 Marcius
1234 2386 1545 2469 Philippus
1575 2397 1636 2448 et
1665 2388 1754 2448 Μ.
1785 2386 2086 2468 Perperna
2114 2408 2416 2451 censores.
2500 2387 2752 2447 Athenae

561 2501 598 2544 a
627 2483 795 2565 Sylla
820 2497 1038 2567 captoe.
1122 2486 1197 2548 C.
1229 2485 1372 2565 (M.)
1399 2486 1629 2547 Marius
1660 2485 2047 2548 Gratidianus
2076 2498 2293 2567 praetor
2333 2507 2457 2550 rem
2486 2504 2754 2549 numma-

557 2582 1532 2649 riam-constituit.-Metrodorus
1561 2605 1768 2681 geogr.
1858 2608 1865 2617 κ

1043 2782 1120 2844 U.
1152 2783 1228 2845 C.
1252 2785 1393 2846 660.
1435 2785 1513 2846 A.
1533 2784 1611 2847 G.
1638 2750 1757 2845 86..
1783 2783 1886 2845 01.
1912 2802 2217 2845 chxnl.
2240 2786 2301 2843 4.

642 2907 720 2968 L.
770 2910 1075 2972 Cornelius
1104 2912 1299 2974 Cinna
1329 2913 1458 2974 ΙΙΙ.
1508 2914 1616 2975 Cn.
1659 2914 1958 2995 Papirius
2007 2915 2219 2977 Carlw.
2305 2914 2684 2977 Mithridates
2718 2934 2752 2976 a

562 3004 1036 3100 Fimbria-victus
1061 3027 1134 3068 ac
1162 3028 1334 3091 paene
1360 3016 1593 3091 captus.

1016 3218 1093 3279 U.
1125 3217 1198 3281 C.
1229 3219 1371 3280 668.
1412 3219 1488 3280 A.
1522 3220 1596 3279 C.
1627 3222 1728 3284 84.
1771 3219 1871 3280 01.
1907 3239 2191 3281 σιΧΧιν.
2231 3223 2284 3281 l.

639 3347 716 3408 L.
749 3348 1061 3410 Cornelius
1097 3350 1290 3411 Cinna
1322 3351 1428 3410 IV.
1461 3351 1570 3412 Cn.
1598 3353 1896 3431 Papirius
1927 3352 2117 3413 Carbo
2143 3352 2233 3411 IL
2319 3350 2515 3410 Cinna
2541 3332 2623 3408 'ab
2651 3368 2750 3408 ex-

558 3445 744 3506 ercitu
774 3466 882 3507 suo
910 3448 1163 3508 occisus.
1234 3446 1361 3509 Pax
1391 3447 1725 3509 Mithridati
1755 3467 1790 3507 a
1818 3447 1987 3529 Sylla
2012 3448 2174 3509 data.
2262 3448 2428 3506 Mors
2458 3445 2750 3507 Fimbriae.
2856 3476 2860 3481 ·

557 3543 709 3607 -L.
742 3544 1057 3609 Cornelius
1090 3545 1366 3609 Sisenna.
1439 3545 1515 3606 A.
1548 3545 1621 3608 C.
1656 3547 1862 3607 84-47.
1947 3546 2216 3609 Valerius
2265 3543 2562 3606 Catullus.
2646 3546 2753 3603 84-

560 3644 660 3703 31.
698 3641 771 3705 C.
802 3641 1120 3707 Sallustius
1149 3644 1422 3725 Crispus.

1048 3843 1128 3904 U.
1160 3843 1236 3904 C.
1262 3843 1302 3901 6
1338 3842 1397 3903 9.
1441 3844 1521 3904 A.
1552 3843 1624 3903 C.
1656 3845 1752 3905 83.
1798 3841 1898 3907 ,01.
1924 3861 2209 3905 chxrv.
2240 3844 2303 3901 2.

642 3968 722 4030 L.
770 3972 1076 4034 Cornelius
1119 3974 1319 4054 Scipio
1370 3974 1691 4047 Asiaticus,
1751 3975 1816 4036 C.
1857 3974 2086 4035 Junius
2134 3972 2459 4034 Norbanus
2483 3970 2751 4032 Flaccus.

561 4065 738 4126 Pacis
779 4068 1152 4130 conditiones
1207 4071 1390 4153 Syllae
1431 4080 1493 4131 et
1534 4072 1608 4134 ab
1650 4090 1723 4130 eo
1764 4071 2121 4152 praepositae.
2206 4069 2524 4129 Norbanus
2567 4068 2656 4128 ab·
2681 4085 2753 4129 eo

555 4164 774 4236 victus,
816 4176 878 4225 et
924 4176 1135 4244 captus
1191 4169 1413 4248 Scipio.
1498 4167 1845 4228 Incendium
1892 4167 2190 4248 Capitolii.
2275 4167 2387 4227 Cn.
2432 4165 2752 4248 Pompeius

559 4262 911 4324 adolescens
952 4272 1073 4323 tres
1119 4263 1386 4344 legiones
1422 4265 1605 4343 Sylla.
1655 4265 1919 4338 adducit,
1946 4265 2214 4349 fusisque
2240 4264 2447 4337 Bruto,
2475 4264 2769 4353 Scipione·
