3034 4925
1024 403 1269 453 1.1n..1.
1316 404 1479 454 car.
1524 389 1632 453 14.
2293 388 2423 456 211

245 568 610 630 commune,
667 552 789 617 sed
853 571 1136 617 concors
1203 551 1429 630 etiam,
1493 568 1756 635 regnum
1814 549 2085 616 duobus
2153 551 2425 633 regibus

247 654 412 720 fuit.e
944 710 951 717 .

325 758 429 823 14.
499 759 670 823 Post
716 757 975 841 aliquot
1019 776 1230 822 annos
1293 755 1650 840 propinqui
1698 754 1876 837 regis
1925 754 2109 819 Tatii
2168 754 2428 837 legatos

245 859 667 925 Laurentium
716 861 1037 944 pulsant?
1126 858 1428 942 Cumque
1481 857 1853 922 Laurentes
1909 855 2063 940 jure
2128 856 2430 940 gentium

246 960 549 1045 agerent,f
586 964 767 1047 apud
808 963 1081 1028 Tatium
1124 962 1339 1045 gratia
1372 979 1643 1025 suorum
1676 971 1745 1024 et
1781 978 2012 1042 preces
2054 959 2210 1042 plus
2240 964 2432 1042 pote-

243 1072 407 1129 rant.
498 1065 720 1147 Igitur
756 1065 1017 1131 illorum
1064 1083 1332 1148 poenam
1381 1061 1450 1125 in
1497 1082 1572 1125 se
1619 1061 1836 1125 vertit.
1923 1060 2107 1126 Nam
2141 1061 2430 1139 Lavinii,

245 1185 388 1230 cum
415 1166 500 1230 ad
531 1166 809 1230 solenne
841 1166 1240 1231 sacrificium
1268 1182 1349 1229 eo
1390 1164 1708 1239 venisset,
1748 1182 2074 1227 concursu
2100 1162 2303 1241 facto,
2330 1163 2433 1227 iu-

243 1266 608 1359 terficitur.⁸
695 1268 866 1332 Eam
912 1287 1046 1332 rem
1108 1267 1323 1330 minus
1376 1261 1608 1346 aegre,¹¹
1671 1283 1874 1346 quam
1934 1263 2201 1347 dignum
2259 1271 2430 1339 erat,

246 1369 469 1433 tulisse
522 1368 884 1435 Romulum
932 1369 1164 1445 ferunt,
1208 1387 1331 1432 seu
1368 1369 1454 1431 ob
1496 1364 1770 1431 infidam
1812 1366 2192 1431 societatem
2231 1369 2431 1449 regni,

246 1489 359 1534 seu
392 1472 555 1555 quia
591 1471 768 1535 haud
797 1472 1045 1556 injuria
1072 1490 1328 1537 caesum
1362 1468 1704 1537 credebat.
1794 1467 2036 1552 Itaque
2067 1467 2251 1533 bello
2280 1469 2434 1552 qui-

247 1575 391 1643 dem
420 1576 784 1641 abstinuit:
839 1586 916 1640 ut
963 1584 1181 1642 tamen
1233 1570 1699 1658 expiarenturi
1751 1571 2118 1654 legatorum
2166 1571 2432 1655 injuriae

245 1677 551 1761 regisque
603 1678 848 1757 caedes,
896 1679 1120 1745 foedus
1165 1679 1332 1743 inter
1379 1676 1669 1741 Romam
1718 1674 2204 1758 Laviniumque
2238 1676 2435 1739 urbes

247 1788 628 1845 renovatum
678 1791 805 1847 est.
893 1781 981 1845 Et
1028 1800 1179 1845 cum
1215 1780 1319 1844 his
1364 1778 1634 1862 quidem
1686 1778 2026 1860 insperata
2064 1796 2203 1860 pax
2249 1784 2435 1857 eratss;

249 1881 421 1946 aliud
451 1883 666 1948 multo
696 1878 1028 1968 propius}
1073 1890 1279 1965 atque
1323 1881 1396 1945 in
1443 1881 1616 1965 ipsis
1661 1899 1878 1964 prope
1911 1882 2147 1965 portis,
2185 1880 2436 1945 bellum

1240 2080 1456 2135 NOTAE

305 2220 327 2247 ⁶
362 2213 572 2263 concors
584 2214 746 2275 diam,
759 2228 961 2277 regnum
979 2213 1155 2264 duobus
1175 2213 1304 2275 regi·

249 2287 328 2338 bus
344 2290 474 2353 suit]
524 2290 712 2340 Tradit
735 2290 1060 2340 nihilominus
1084 2291 1226 2340 Plut.
1251 2290 1303 2339 in

250 2366 461 2415 Romulo
484 2380 631 2416 sunm
651 2367 836 2432 cuique
859 2368 1108 2418 Senatum
1124 2366 1307 2427 fuisse,

248 2454 391 2504 quem
414 2443 630 2492 seorsim
653 2444 997 2496 consulerent.
1065 2444 1305 2509 Uterque

249 2518 596 2567 communibus
635 2520 880 2583 auspiciis
920 2521 1167 2571 adversus
1205 2522 1305 2570 Ca·

248 2597 462 2645 meriuos
482 2596 673 2651 bellum
689 2607 978 2663 gesserunt,
995 2600 1307 2650 cameriam·

250 2685 344 2733 que
377 2673 645 2736 antiquam
684 2673 1023 2738 Aboriginum
1065 2676 1306 2741 primum,

250 2749 431 2800 deiude
454 2751 777 2802 Albanorum
800 2754 1052 2803 coloniam
1086 2753 1306 2818 subege-

252 2836 387 2889 runt,
409 2841 477 2878 ex
505 2830 721 2893 Dionys.
745 2829 882 2894 quod
915 2830 1140 2882 tacuisse
1171 2831 1308 2881 Nos·

175 2959 178 2962 Α
252 2909 380 2953 trum
402 2906 583 2954 miror.

309 2979 340 3008 ‘⁵
371 2982 437 3031 A.
457 2982 531 3032 U.
552 2982 613 3031 C.
637 2985 727 3032 18.

312 3054 331 3088 s
378 3060 596 3120 Cumque
636 3059 899 3110 Laurentes
938 3059 1053 3122 jure
1091 3060 1310 3122 gentiam

252 3136 462 3198 agerent]
485 3135 636 3183 Inter
645 3135 780 3199 juris
795 3137 1023 3200 gentium
1039 3144 1310 3201 praecepta

254 3219 550 3260 numeratur
583 3211 815 3274 inprimis
851 3211 1166 3275 Legatorum
1207 3227 1309 3261 nou

256 3284 610 3336 violandorum
634 3287 833 3351 religio.
900 3289 1008 3337 Pro
1039 3276 1310 3338 Laurentiss

253 3359 364 3425 bus,
401 3364 744 3413 Laviuieuses
788 3364 1000 3429 Dionys.
1027 3366 1308 3427 ‚nominat3

251 3448 532 3505 ‚narratque
573 3441 823 3506 quosdam
866 3457 932 3491 ex
973 3443 1180 3506 legatis,
1221 3442 1310 3507 qui

257 3526 333 3563 res
350 3516 647 3566 incursione
666 3515 976 3567 Sabinorum
988 3519 1311 3569 Tatiensium

258 3599 423 3655 raptas
444 3594 727 3656 repetitum
761 3593 903 3645 missi
931 3593 1157 3656 fuerant,
1193 3596 1312 3645 dum

255 3679 311 3714 re
348 3666 547 3718 infecta
582 3669 785 3719 domum
828 3671 1079 3733 redirent,
1120 3671 1314 3735 aliquot

256 3741 555 3794 Sabinorum
579 3744 775 3796 insidiis
795 3748 1151 3811 interceptos:
1186 3764 1314 3799 nox-

259 3816 430 3883 iosque
454 3821 645 3871 deiude
687 3838 718 3872 a
753 3824 970 3874 Romulo
1008 3824 1191 3888 legatis
1214 3827 1313 3875 La·

260 3895 560 3946 vinicusium
588 3898 820 3961 traditos,
851 3901 944 3949 sed
983 3915 1016 3949 a
1047 3901 1199 3951 Tatio
1222 3916 1316 3965 per

261 3984 357 4020 vim
377 3983 607 4036 ereptos.

253 4073 259 4079 ·
320 4055 343 4090 8
385 4048 629 4100 Concursus
646 4051 806 4112 sueto,
836 4051 1148 4119 interficiam]
1194 4053 1314 4105 Sive

263 4122 432 4173 Tatius
454 4140 573 4175 cum
597 4127 813 4177 Romulo
838 4127 1097 4191 profectus
1121 4131 1190 4180 sit
1219 4132 1314 4180 La·

266 4199 468 4255 vinium,
501 4215 767 4251 sacrorum
801 4218 976 4264 causa,
1015 4220 1130 4269 quae
1169 4220 1315 4269 reges

243 4277 529 4340 &oportebat
553 4293 647 4343 pro
667 4280 834 4329 salute
863 4278 1022 4330 Urbis
1046 4278 1240 4347 facere,
1258 4291 1317 4332 ut

1378 2221 1555 2272 Livius
1576 2228 1632 2272 et
1654 2222 1968 2273 Plutarchus
1986 2227 2273 2271 memorant
2294 2236 2306 2269 ι
2332 2220 2440 2271 sive

1378 2303 1519 2352 solus
1556 2316 1621 2352 eo
1659 2301 1950 2364 perrexerit
2011 2313 2252 2350 suasurus
2302 2298 2438 2348 laesis

1377 2386 1437 2427 ut
1481 2379 1584 2426 ires
1634 2376 1983 2432 remit-terent.
2029 2374 2170 2441 quod
2211 2374 2440 2424 Licinius

1380 2454 1517 2517 apud
1563 2452 1827 2503 Halicaru.
1865 2452 2059 2502 tradit=
2093 2457 2301 2499 constat
2322 2462 2441 2498 eum

1378 2536 1500 2595 post
1540 2531 1767 2594 quinque
1807 2543 1968 2578 anuos
2006 2526 2289 2577 communis
2325 2540 2441 2575 cum

1381 2608 1600 2657 Romulo
1624 2606 1825 2670 imperii
1848 2603 2007 2654 fuisse
2028 2603 2378 2653 interfectum.

1444 2682 1469 2718 ¹¹
1502 2684 1673 2733 Minus
1695 2679 1849 2744 oegre]
1885 2681 2085 2731 Tatium
2109 2678 2318 2745 quidem
2343 2681 2445 2729 Ro-

1381 2761 1551 2810 mulus
1572 2760 1709 2823 apud
1733 2759 2052 2809 Aventinum
2074 2758 2351 2807 tumulavit
2380 2772 2445 2807 eo

1381 2838 1515 2893 loeo,
1549 2835 1636 2887 ubi
1672 2845 1860 2899 postea
1896 2833 2315 2885 Armilustrium:
2349 2834 2445 2884 sed

1385 2913 1604 2963 traditos
1627 2911 1725 2961 sibi
1747 2910 1906 2961 caedis
1925 2910 2038 2974 ejus
2063 2915 2325 2973 auctores,
2341 2911 2447 2959 vel·

1381 2996 1439 3038 ut
1464 2989 1715 3050 insontes,
1743 2986 1955 3043 dimisit,
1979 3000 2044 3037 ex
2068 2985 2212 3035 Plut.
2236 2995 2290 3035 et
2315 2983 2448 3036 Dio·

1382 3078 1551 3128 uysio.

1444 3139 1460 3174 ¹
1500 3141 1569 3191 Ut
1590 3146 1744 3191 tamen
1766 3137 2097 3203 expiarentur]
2133 3138 2446 3188 Plutarchus

1384 3233 1416 3268 a
1439 3218 1662 3268 Romulo
1687 3223 1935 3281 purgatas
1957 3216 2151 3278 cedes,
2173 3214 2267 3277 ait,
2288 3215 2448 3264 sacri·
2540 3279 2545 3286 .

1383 3293 1515 3345 ficiis
1537 3292 1839 3360 quibusdam
1857 3291 2205 3356 piacularibus
2223 3306 2338 3356 quae
2360 3292 2451 3340 ad·

1384 3371 1485 3421 buc
1524 3371 1589 3420 ad
1628 3369 1826 3420 fontem
1861 3368 2196 3418 Ferentinum
2219 3366 2451 3417 celebra·

1386 3453 1569 3497 rentur
1585 3445 1863 3509 (falluntur
1884 3445 2021 3493 enim
2041 3444 2126 3508 qni
2150 3450 2355 3507 portam
2375 3442 2452 3490 iu-

1390 3531 1765 3588 terpretantur,
1785 3528 1841 3571 et
1860 3519 2022 3579 πύλην
2043 3520 2224 3581 legunt
2249 3532 2341 3582 pro
2361 3535 2452 3575 πη·

1385 3599 1497 3663 γῇ.)
1548 3598 1699 3647 Idem
1724 3602 1906 3646 auctor
1925 3601 2028 3657 est,
2049 3603 2167 3644 orta
2189 3595 2366 3643 Romae
2388 3592 2452 3641 si-

1389 3675 1495 3725 mul
1520 3688 1582 3724 ac
1620 3672 1823 3724 Lavinii
1860 3671 2179 3735 pestilentia,
2211 3676 2268 3720 et
2306 3684 2454 3733 agro-

1391 3764 1504 3799 rum
1547 3764 1608 3799 ac
1653 3747 1857 3812 pecoris
1897 3746 2197 3825 sterilitate?
2239 3744 2471 3810 aliisquo

1391 3825 1669 3891 prodigiis,
1695 3823 1906 3887 cognita
1928 3823 2102 3871 Deum
2141 3822 2236 3882 ira,
2275 3822 2456 3885 expia.

1391 3910 1498 3953 tam
1535 3902 1655 3951 hinc
1688 3901 1998 3963 legatorum,
2037 3894 2160 3946 inde
2185 3897 2321 3946 Tatii
2353 3913 2453 3949 οε-

1392 3980 1513 4029 dem
1539 3976 1793 4040 supplicio
1818 3980 2103 4023 auctorum.

1458 4054 1482 4089 Β
1512 4055 1665 4104 Aliud
1696 4054 1842 4102 multo
1870 4047 2085 4115 propius]
2117 4051 2310 4101 Stadiis
2343 4059 2456 4102 tau·

1396 4136 1504 4180 tum
1538 4134 1623 4180 40.
1659 4119 1724 4177 ab
1759 4126 1904 4177 Urbe
1928 4127 2194 4177 distabant
2220 4128 2456 4190 Fidenae,

1397 4208 1451 4257 id
1470 4216 1569 4270 est,
1592 4207 1818 4270 quinque
1834 4205 2164 4256 milliaribus:
2188 4206 2455 4255 Lavinium

1399 4293 1571 4335 autem
1596 4280 1821 4334 millibus
1845 4296 1983 4347 pass.
2004 4281 2169 4333 ferme
2196 4281 2393 4345 viginti.
2436 4322 2442 4330 .
