3034 4925
615 396 747 462 242

608 566 724 625 net
739 577 760 641 7ς
803 556 1016 623 utrius
1042 553 1278 640 populi
1306 551 1608 631 Horatii,
1637 553 1846 620 utrius
1877 549 2157 618 Curiatii
2194 547 2456 617 fuerint.
2542 544 2769 614 Aucto·

608 683 716 728 res
744 669 1020 745 utroque
1045 659 1309 724 trahunt
1331 657 1391 722 :-t
1430 657 1655 741 plures
1701 663 1922 722 tamen
1952 655 2244 734 invenio,
2287 654 2403 738 qni
2446 650 2777 717 Romanos*

611 765 936 831 Horatios
966 768 1229 827 vocent.
1320 760 1476 825 Hos
1520 764 1598 824 ut
1634 778 1897 844 sequar,
1926 758 2212 824 inclinat
2256 756 2543 822 animus.
2626 751 2769 818 Cum

606 868 967 954 trigeminis
998 876 1201 950 agunt
1242 884 1454 948 regeS,
1482 872 1562 929 ut
1589 883 1710 949 pro
1740 881 1874 929 sua
1917 863 2210 946 quisque
2236 860 2458 944 patria
2485 856 2771 923 dimicent

603 971 806 1036 ferro.
920 969 1032 1035 Ibi
1082 969 1428 1052 imperium
1484 968 1650 1047 fore,
1705 965 1883 1032 unde
1941 965 2228 1031 victoria
2298 962 2517 1028 fuerit.
2602 955 2770 1024 Nihil

606 1074 990 1140 recusatur:
1011 1081 1043 1109 ¹²
1107 1079 1375 1157 tempus
1430 1079 1508 1138 et‘
1560 1072 1749 1136 locus
1811 1070 2168 1136 convenit-¹
2252 1066 2650 1150 Priusquam
2688 1060 2772 1126 di-

607 1178 949 1259 micarent,
992 1175 1214 1243 foedus
1261 1178 1471 1242 ictum
1517 1177 1686 1241 inter
1724 1173 2071 1241 Romanos
2101 1178 2169 1240 et
2197 1171 2505 1237 Albanos
2556 1173 2654 1234 est
2684 1165 2771 1232 his

606 1280 894 1365 legibus&
925 1285 1016 1357 ut,
1046 1278 1375 1364 cujusque
1405 1279 1642 1365 populi
1668 1280 1854 1344 cives
1873 1285 1904 1324 Υ
1946 1297 2027 1341 eo
2069 1276 2427 1342 certamine
2457 1274 2770 1348 vicissent,

602 1384 667 1448 is
696 1384 886 1450 alteri
912 1382 1175 1469 populo
1221 1400 1374 1449 cum
1404 1385 1589 1450 bona
1617 1400 1788 1468 pace
1833 1382 2257 1467 imperitaret.
2348 1377 2635 1444 Foedera
2656 1373 2771 1439 alia

608 1484 762 1551 aliis
789 1485 1076 1569 legibus,
1108 1492 1398 1550 ceterum
1434 1486 1672 1552 eodem
1699 1485 1899 1550 modo
1933 1478 2180 1564 omnia,
2202 1482 2415 1548 fiuntst
2501 1480 2667 1545 Tum
2691 1476 2770 1541 ita

604 1589 853 1654 factum
884 1587 1301 1672 accepimuS,
1330 1610 1454 1655 nec
1472 1590 1675 1655 ullius
1692 1590 2020 1656 vetustior
2033 1588 2313 1655 foederis
2331 1583 2653 1652 memoria
2668 1587 2772 1644 est.

607 1687 889 1755 Fetialis
908 1700 960 1741 ¹⁷
1003 1711 1227 1775 regem
1250 1701 1275 1728 ²
1317 1693 1592 1758 Tullum
1614 1694 1717 1757 ita
1737 1692 2034 1775 rogavit:
2082 1697 2106 1728 ‘
2129 1689 2177 1756 J
2181 1691 2453 1755 ubesne'
2468 1705 2596 1757 me,
2619 1682 2772 1754 Rex,

1546 408 1613 457 T.
1658 404 1851 457 mvn

605 1796 760 1857 cu'm
803 1799 996 1876 patre
1017 1801 1282 1879 patrato
1304 1804 1331 1832 ⁸
1373 1795 1608 1881 populi
1637 1792 1891 1860 Albani
1935 1793 2160 1860 foedus
2203 1792 2395 1858 ferire
2415 1792 2446 1854 ‘t
2467 1789 2486 1818 ’
2519 1787 2769 1874 jubente
2876 1862 2881 1867 ⁴

678 1966 701 1999 ⁹
733 1957 943 2010 Diversa
951 1960 1137 2022 foedero
1158 1961 1366 2014 diversis
1383 1963 1746 2027 conditionibus,
1767 1964 1851 2013 sed
1871 1966 2039 2012 cunda
2057 1962 2216 2013 eodem
2234 1961 2335 2011 ritu
2354 1959 2592 2009 ineuntur.

1506 2108 1873 2131 “0000000000

602 2204 736 2273 conj.
754 2204 967 2258 Wakef.
989 2209 1054 2258 sd
1082 2209 1289 2261 Lucret.
1312 2168 1351 2260 r.
1374 2213 1620 2262 ssa—1⁷
1655 2209 1742 2261 Al.
1766 2209 1995 2273 fecialis,
2026 2208 2092 2257 al.
2123 2204 2487 2258 Foecialis.-18
2520 2203 2538 2230 ‘
2561 2198 2674 2249 Vet.
2701 2193 2772 2245 lib.

1602 2357 1818 2410 No'rAE

663 2453 683 2486 t
714 2452 947 2523 Auctor-es
983 2460 1182 2522 utroque
1220 2455 1442 2521 trahunt]
1489 2455 1664 2509 Divisi
1740 2455 1889 2522 pulos
1909 2457 2201 2521 praeerant:
2239 2466 2354 2502 nam
2381 2462 2475 2514 per
2514 2447 2603 2498 hos
2635 2440 2772 2494 fiebat

600 2529 653 2578 in
678 2529 807 2580 duas
831 2534 1114 2584 sententias
1139 2535 1374 2586 historici
1410 2550 1522 2586 rem
1560 2541 1665 2584 tra·
1739 2543 1796 2585 nt
1820 2534 2021 2600 justum
2057 2529 2421 2594 conciperetur
2451 2520 2672 2575 bellum.’
2714 2518 2773 2567 At

599 2606 728 2655 hunt
762 2608 812 2655 in
851 2616 1124 2674 utramque
1160 2618 1387 2676 partem,
1419 2619 1476 2663 et
1496 2611 1587 2662 alii
1610 2610 1662 2660 in
1743 2611 1947 2661 Nonius
1969 2622 2086 2672 cap.
2110 2612 2190 2657 12.
2224 2603 2452 2656 Foeciales
2472 2600 2670 2663 scribit,
2689 2604 2774 2645 trs·

598 2682 752 2745 hanc,
774 2686 863 2734 alii
888 2685 941 2735 in
965 2685 1102 2737 illam
1128 2689 1401 2739 inclinant.

665 2766 690 2792 ¹¹
725 2760 871 2810 Nihil
890 2763 1160 2827 recusatur]
1193 2764 1323 2814 Cum
1348 2764 1540 2815 Albani
1560 2763 1664 2813 fra·
1697 2790 1706 2797 ·

599 2840 705 2884 tres
744 2836 887 2887 nulla
922 2841 1249 2902 cognationis
1289 2843 1537 2905 religione
1572 2842 1664 2891 im·

598 2911 766 2976 pediti
781 2926 837 2962 se
857 2914 1229 2977 ostendissent,
1250 2918 1519 2980 quominus
1530 2918 1663 2968 hanc

598 2988 785 3051 pa‘triae
803 3002 1012 3053 opernm
1026 3001 1295 3050 navarent,
1306 2994 1520 3044 Romani
1536 3008 1663 3059 quo·

598 3078 703 3128 que
743 3067 1132 3132 propinquitate
1162 3069 1368 3133 generis
1405 3069 1662 3134 potiorem

599 3140 834 3204 gloriam,
876 3152 932 3193 et
982 3146 1171 3207 patriae
1212 3158 1436 3195 amorem
1468 3146 1662 3196 ducen-

600 3225 701 3280 tes,
723 3217 818 3268 hoc
842 3226 1106 3270 certamen
1129 3228 1279 3283 patre
1303 3223 1680 3273 consentiente·

599 3304 960 3359 susceperunt,
982 3296 1120 3361 apud
1146 3297 1467 3362 Dionysium.

661 3378 689 3404 ¹
724 3371 919 3436 Tempu
956 3377 1005 3422 et
1027 3363 1168 3422 'locus
1210 3374 1452 3438 convenit]
1488 3375 1692 3425 Usitaz·

598 3448 701 3496 tior
726 3447 970 3511 loquendi
994 3445 1191 3510 formu
1226 3449 1293 3499 de
1317 3450 1430 3501 loco
1451 3465 1513 3501 ac
1532 3459 1663 3501 tem·

595 3525 723 3587 p'ore
742 3525 1018 3574 convenit:
1054 3524 1147 3573 sed
1178 3525 1265 3575 ills
1288 3540 1492 3592 quoqne
1515 3527 1664 3578 Cice·

595 3600 732 3656 roni,
751 3605 809 3649 et
823 3600 935 3649 aliis
951 3602 1182 3664 cognita.
1497 3617 1510 3625 ⁵

655 3685 681 3719 γ
720 3677 807 3738 Ue,
836 3676 1056 3739 cujusque
1084 3679 1246 3741 populi
1261 3679 1416 3744 dves]
1448 3680 1663 3745 Vulgsti

592 3753 786 3803 habent
807 3753 940 3814 cnjus
953 3754 1117 3817 populi
1136 3755 1280 3805 cives.
1331 3756 1433 3805 Sed
1456 3766 1661 3820 septem

595 3831 724 3880 Mss-
747 3829 958 3892 habent,
980 3836 1037 3880 ut
1053 3831 1276 3896 castiusque
1292 3834 1456 3896 populi
1469 3850 1489 3891 ,·
1520 3833 1659 3898 quod

594 3905 798 3958 redolet
815 3913 1073 3957 vetustum
1092 3921 1380 3958 sermonem
1398 3908 1449 3957 in
1470 3907 1657 3958 fotmus

593 3983 656 4032 lis
680 3992 957 4033 servatum.
1008 3983 1113 4035 Hic
1136 3985 1310 4050 itaque
1332 3983 1560 4049 eiginsqroe
1579 3992 1664 4036 est

596 4058 841 4122 cujusvis,
861 4060 942 4108 vel
966 4060 1231 4110 utriusvis.

659 4145 681 4170 ²
714 4137 919 4187 fetialis
937 4138 1121 4202 regem]
1151 4140 1321 4188 Varro
1356 4141 1448 4190 lib.
1482 4154 1560 4191 ιν.
1592 4139 1660 4189 de
1694 4205 1702 4214 ·

593 4213 791 4275 Lingua
852 4214 970 4265 Lat.
1059 4218 1075 4245 ‘
1120 4216 1422 4279 Feciales‚’·
1462 4216 1659 4281 inquit,

592 4290 610 4318 ‘
634 4290 759 4343 dicti
795 4290 932 4357 quod
967 4290 1089 4343 fidei
1126 4290 1350 4357 publicar
1394 4292 1531 4344 inter
1569 4307 1660 4358 po-

1737 2685 1922 2749 ditque
1945 2685 2086 2749 apud
2111 2698 2229 2734 enm
2253 2681 2418 2732 Varro
2432 2693 2499 2728 ex
2516 2690 2684 2728 eornm
2699 2686 2772 2732 nuz

1737 2776 1881 2813 mero
1904 2764 2106 2825 legatos
2140 2764 2362 2824 quatuor
2398 2770 2481 2805 res
2521 2751 2773 2818 repetitum

1737 2839 1876 2889 mitti
1913 2839 2112 2900 solitos,
2148 2843 2206 2886 et
2242 2833 2401 2885 fnisse
2437 2830 2685 2883 Foecisies
2712 2824 2773 2875 vi·
2858 2831 2863 2836 ’
2908 2845 2917 2858 ·

1739 2916 1905 2980 giuti:
1962 2915 2091 2966 licet
2141 2912 2386 2964 Ciceroni
2422 2909 2529 2960 duo
2568 2904 2772 2958 sufficere

1738 2989 1843 3043 visi'
1869 3001 2012 3054 sunt,
2033 3006 2095 3043 ιι.
2117 2991 2185 3043 de
2207 2990 2451 3056 Legibus.
2502 2988 2668 3038 Porro
2687 2981 2773 3033 co!-

1736 3071 1928 3136 legium
1951 3069 2227 3120 Fecialinm
2253 3084 2286 3118 a
2312 3068 2482 3119 Numa
2504 3064 2771 3116 institutum

1740 3146 1906 3196 refert
1936 3154 2131 3211 praeter
2162 3145 2291 3195 alios
2323 3142 2623 3206 Dionysius,
2640 3135 2772 3199 idque

1740 3222 2035 3278 imitatione
2057 3221 2140 3271 vel
2161 3219 2487 3280 Ardeatium,
2521 3216 2603 3267 vel
2623 3210 2773 3277 AEqui·

1739 3300 1984 3362 colurum,
2010 3298 2145 3362 apud
2180 3311 2309 3362 quos
2332 3295 2421 3360 jus
2458 3287 2660 3344 Fecisle
2690 3286 2774 3353 prl-

1739 3390 1852 3425 mus
1872 3376 2050 3425 Sertor
2083 3374 2271 3423 Resins
2304 3371 2599 3430 constituit,
2627 3367 2669 3419 si
2686 3364 2774 3414 Vs·

1739 3451 1867 3519 lerio
1891 3450 2124 3500 Maximo
2146 3445 2279 3499 fides
2299 3446 2555 3498 habenda.

1801 3534 1825 3561 ⁸
1861 3527 1982 3576 Cum
1999 3530 2139 3590 putre
2148 3523 2365 3589 patrato]
2401 3521 2622 3573 Fecislis
2644 3523 2772 3578 unus,

1739 3603 1784 3653 is
1816 3602 2019 3652 seilicet
2053 3602 2142 3666 qui
2178 3599 2413 3651 feriendo
2449 3597 2630 3649 foederi
2660 3607 2773 3661 pre·

1738 3686 1852 3730 erat
1874 3685 1932 3729 et
1960 3678 2307 3743 jurejurando
2349 3684 2505 3741 pacta
2540 3672 2772 3732 firmabat,

1738 3756 1938 3806 Latinis
2007 3753 2281 3804 dicebatur
2337 3753 2493 3802 Pater
2549 3751 2772 3800 Patrem·

1739 3833 1876 3899 quod
1896 3842 1948 3882 et
1974 3840 2129 3896 pater
2151 3826 2313 3893 esset,
2335 3837 2391 3881 et
2413 3836 2611 3893 patrem
2631 3824 2771 3875 sdhsc

1738 3910 2070 3973 superstitem
2108 3906 2345 3957 haberet.
2413 3906 2475 3955 Id
2530 3904 2661 3954 enim
2707 3912 2772 3948 re·

1737 3985 2041 4052 quirebatur
2084 3999 2149 4032 ex
2191 3982 2461 4033 Plutarchi
2504 3975 2766 4029 sententis:

1736 4061 1871 4127 quod
1890 4058 2238 4126 jurisjurandi
2272 4066 2328 4107 et
2351 4057 2493 4122 pacis
2527 4052 2768 4119 praesidem

1737 4146 1980 4202 oporteat
2020 4149 2255 4200 prorsum
2302 4143 2359 4186 et
2402 4141 2670 4183 retrorsum
2709 4126 2769 4173 vi-

1738 4216 1880 4266 dere.
1930 4212 1994 4266 Id
2020 4226 2142 4263 vero
2161 4210 2380 4261 maxime
2402 4209 2638 4258 videatur
2658 4217 2767 4268 proe·

1738 4299 1882 4343 stare
1907 4303 2081 4358 posse.
2102 4287 2193 4354 qui
2225 4295 2282 4338 et
2318 4286 2479 4337 filium
2510 4283 2688 4335 habent
2714 4278 2767 4331 de
