3034 4925
1180 372 1621 425 mss-omos.
2371 353 2515 426 111.
2538 448 2543 453 η

812 529 888 591 U.
921 530 995 590 o.
1025 530 1168 591 589.
1209 528 1285 590 A.
1315 530 1390 590 o.
1426 528 1563 589 163.
1604 480 2025 587 Ol.c1.1v.2..

387 646 481 708 Ti.
527 645 908 724 Sempronius
950 641 1256 704 Grae-olaus
1295 641 1385 701 ΙΙ.
1431 640 1533 701 Μ.
1564 638 1889 701 Juvenum
1939 638 2194 712 ΤΙιαὶηα,
2240 638 2342 719 qui
2381 657 2506 718 proe

296 743 513 804 laetitia
543 741 803 802 moritur.
889 739 963 798 Ο.
1014 739 1311 819 Sulpicius
1362 737 1597 810 Gallus,
1638 737 1696 796 in
1728 734 2022 796 Graeciam
2050 743 2111 796 et
2136 735 2340 796 Asiam
2366 736 2506 796 mis-

300 861 430 912 sus,
459 838 783 899 insolenter
809 837 954 917 agit,
976 847 1037 898 et
1056 837 1327 897 civitates
1354 835 1584 915 aliquot
1601 833 1887 894 dissociat
1915 853 1951 894 a
1971 832 2195 894 foedere
2223 831 2505 895 Achaico.

304 938 516 1018 Legati
557 937 735 998 Rom.
785 935 1164 997 concordiam
1194 936 1513 995 restituunt
1539 935 1691 993 inter
1720 932 2073 992 Ptolemaeos
2101 932 2336 1003 fratres,
2362 929 2507 989 Phi·

301 1036 660 1097 lometorem
704 1041 766 1094 et
809 1034 1206 1116 Physconem,
1237 1022 1500 1114 opesque
1545 1049 1861 1110 regnorum
1907 1030 2171 1090 minuere
2205 1029 2511 1109 jubentur.

303 1133 382 1192 A.
425 1132 499 1193 G.
544 1132 836 1193 163-161.
903 1129 1237 1193 Antiochus
1296 1149 1359 1190 v.
1431 1128 1699 1209 Eupator
1749 1147 1917 1208 puer,
1985 1126 2154 1207 cujus
2201 1135 2362 1188 tutor
2415 1133 2512 1187 est

304 1229 544 1313 Lysias.

824 1418 900 1476 U.
929 1416 1003 1476 Ο.
1032 1418 1176 1479 590.
1220 1415 1294 1477 A.
1327 1415 1400 1477 G.
1439 1416 1576 1477 162.
1621 1413 1721 1476 Ol.
1758 1432 1937 1477 cuv.
1968 1417 2025 1477 3.

397 1550 481 1611 P.
523 1548 838 1642 pamelius
870 1548 1072 1629 Scipio
1123 1549 1349 1609 Nasica
1396 1548 1729 1619 Corculum,
1781 1548 1846 1608 C.
1899 1548 2179 1607 Marcius
2235 1545 2512 1627 Figulus,

314 1649 401 1709 P.
434 1647 746 1709 Cornelius
769 1647 1083 1720 Lentulus,
1117 1647 1226 1707 Cn.
1249 1648 1565 1708 Domitius
1592 1646 2041 1712 Ahenobarbus.
2126 1644 2249 1704 Res
2277 1645 2335 1703 iu
2366 1644 2513 1706 Cor·

310 1743 458 1818 sica,
488 1744 725 1824 Liguria
770 1752 832 1804 et
877 1744 1186 1805 Lusitania
1231 1754 1440 1824 gestae.
1526 1743 1852 1805 Ptolemaeo
1908 1742 2211 1825 Physconi
2251 1762 2288 1803 a
2332 1742 2513 1803 fratre

311 1842 551 1925 Cyprus
580 1841 755 1902 datur
766 1842 941 1922 jussu
972 1853 1214 1904 senatus
1243 1841 1419 1903 Rom.

817 2034 895 2096 U.
924 2037 998 2098 Ο.
1031 2039 1174 2099 591.
1216 2036 1294 2099 A.
1325 2037 1396 2096 Ο.
1434 2039 1570 2099 161.
1631 2036 1732 2100 01.
1765 2055 1945 2100 cmv.
1969 2041 2034 2098 4.

399 2149 503 2212 M.
540 2151 807 2213 Valerius
836 2152 1150 2226 Messalla,
1192 2154 1259 2214 C.
1291 2153 1568 2215 Fannius
1612 2153 1849 2214 Strabo.
1934 2152 2059 2215 Lex
2088 2153 2317 2216 Fannia
2358 2173 2519 2215 sum·-

307 2247 528 2310 tuaria.
615 2250 736 2312 SC.
767 2249 842 2309 de
871 2251 1244 2332 philosophis
1285 2261 1348 2312 et
1386 2251 1718 2314 rhetoribus
1749 2252 1910 2314 Urbe
1935 2253 2252 2333 pellendis.
2336 2253 2409 2315 A.
2442 2252 2516 2314 Ο.

314 2349 614 2409 161-149.
659 2347 1000 2410 Demetrius
1031 2370 1079 2411 1.
1110 2351 1303 2412 Soter.

823 2564 899 2623 U.
930 2563 1003 2624 C.
1037 2565 1177 2626 592.
1223 2563 1298 2625 A.
1331 2564 1406 2625 Ο.
1441 2565 1580 2624 160.
1624 2560 1726 2623 Ol.
1757 2581 1908 2625 σιν.
1940 2565 1995 2622 1.

403 2690 484 2750 L.
511 2688 772 2750 Anicius
802 2691 1037 2775 Gallus,
1059 2694 1161 2756 M.
1191 2694 1500 2756 Cornelius
1530 2693 1844 2774 Cethegus,
1873 2692 1976 2774 qui
2013 2691 2264 2774 paludes
2292 2691 2524 2752 Pomti-

312 2804 433 2845 nas
474 2787 768 2847 exsiccare
800 2791 999 2870 coepit.
1070 2790 1517 2851 Cn.'1'remellio
1546 2790 1681 2852 trib.
1710 2792 1796 2871 pl.
1822 2792 1925 2873 qui
1950 2791 2036 2850 M.
2059 2789 2276 2850 AEmilii
2318 2787 2526 2871 Lepidi

315 2883 504 2943 Pont.
533 2884 701 2946 Max.
730 2886 856 2965 (qui
887 2888 1065 2948 etiam
1095 2888 1186 2949 bis
1216 2889 1428 2950 consul
1458 2888 1673 2964 fuerat,
1702 2900 1762 2950 et
1780 2889 2048 2971 proximo
2065 2908 2223 2950 anno
2252 2888 2527 2969 princeps

317 2992 570 3042 senatus
615 2982 888 3062 quintum
931 2985 1126 3046 lectus
1170 2990 1288 3063 est)
1313 2986 1685 3067 majestatem
1712 2987 1907 3048 verbis
1937 2986 2278 3058 violaverat,
2306 2984 2530 3045 mulcta

319 3079 900 3144 dicta.—Nicander
927 3086 1133 3164 poeta.

829 3282 906 3344 U.
943 3282 1018 3344 Ο.
1050 3284 1191 3343 593.
1238 3282 1309 3342 A.
1340 3280 1414 3342 Ο.
1454 3282 1593 3341 159.
1637 3280 1736 3340 01.
1769 3299 1918 3341 eLv.
1948 3284 2010 3344 2.

416 3408 525 3473 Cn.
558 3411 866 3473 Cornelius
896 3413 1237 3488 Dolabella,
1268 3414 1366 3475 M.
1396 3412 1644 3474 Fulvius
1675 3412 1972 3473 Nobilior.
2057 3410 2179 3470 Lex
2207 3408 2283 3468 de
2312 3407 2536 3469 ambitu

321 3507 473 3570 lata.
556 3510 624 3571 P.
668 3510 981 3571 Cornelius
1024 3511 1224 3591 Scipio
1271 3509 1493 3571 Nasica
1523 3508 1846 3570 Corculum
1888 3509 2013 3588 (qui
2055 3507 2273 3588 primus
2299 3505 2536 3585 clepsy-

326 3605 500 3666 dram
528 3618 589 3668 et
626 3609 735 3669 sub
764 3617 925 3669 tecto
972 3608 1293 3685 dedicavit)
1322 3622 1384 3669 et
1423 3609 1513 3670 M.
1547 3608 1817 3688 Popilius
1850 3607 2063 3666 Laenas
2113 3621 2395 3666 censores
2424 3599 2533 3662 tol-

325 3704 467 3776 lunt
490 3706 650 3768 circa
675 3706 866 3767 forum
891 3716 1141 3770 statuas.
1226 3705 1385 3796 Piin.
1419 3726 1676 3767 xxxtv.
1708 3706 1768 3765 6.
1804 3707 1901 3765 13.

844 3908 922 3968 U.
954 3906 1027 3967 Ο.
1058 3907 1199 3968 594.
1243 3905 1318 3966 A.
1352 3904 1425 3966 Ο.
1463 3906 1601 3966 158.
1646 3902 1746 3963 ol.
1777 3921 1924 3963 etv.
1956 3902 2015 3960 3.

412 4036 516 4098 M.
542 4037 828 4097 AEmilius
878 4037 1170 4118 Lepidus,
1226 4031 1290 4100 C.
1339 4037 1626 4117 Popilius
1655 4035 1878 4095 Laenas
1906 4030 2002 4091 II.
2084 4027 2542 4091 Ptolemaeorum

332 4132 633 4196 discordia
660 4154 696 4195 a
724 4146 941 4197 senatu
984 4137 1161 4196 Rom.
1191 4135 1400 4195 iterum
1445 4133 1702 4194 sublata.
1789 4125 2158 4192 C.,Fannius
2199 4126 2435 4207 legatus
2479 4124 2540 4183 in

211 4321 220 4329 ⁶
336 4219 705 4322 Dalmatiani
735 4230 798 4293 et
840 4230 1141 4316 Illyricum
1179 4232 1421 4295 missus.
1459 4265 1463 4269 -
1506 4228 1598 4294 Μ.
1632 4228 1876 4292 Fulvius
1902 4245 2068 4309 proc.
2112 4223 2186 4286 de
2215 4224 2543 4295 meatibus,
