3034 4925
535 334 668 400 206
1470 351 1540 398 ⁹1·-
1587 350 1776 400 mvn

539 485 1032 561 monumentum
1060 495 1148 561 sit
1193 496 1505 580 posteris,
1564 503 1683 562 tua
1711 498 2024 581 praesenti
2068 517 2203 582 ope
2234 504 2568 564 servatam
2602 494 2733 562 Ur·

540 598 694 662 bem
723 617 894 675 esse,
921 597 1187 663 voveo-⁹
1254 598 1432 664 Haec
1464 608 1809 683 precatuS,
1832 600 2039 665 veluti
2058 601 2117 665 si
2141 608 2167 637 ²
2196 592 2521 666 sensisset
2542 602 2734 665 audi-

542 706 655 764 tas
710 719 967 784 preceS,
1028 700 1297 778 ‘Hinc‚’
1354 703 1597 787 inquit,
1655 703 2009 781 ‘Romani,
2083 703 2364 787 Jupiter
2434 704 2737 786 optimus

542 803 879 866 maximus
906 802 1213 868 resistere
1242 810 1445 888 atque
1474 806 1709 871 iterare
1740 820 2036 890 pugnam
2069 803 2305 890 jubet!
2390 804 2734 870 Restitere

546 904 859 980 Romani,
881 911 1203 989 tanquam
1228 907 1490 972 coelesti
1515 927 1683 973 voce
1698 907 1893 992 jussi.
1940 908 2102 992 Ipse
2136 908 2219 973 ad
2242 909 2565 992 primores
2593 906 2736 971 Ro-

543 1006 765 1070 mulus
794 1004 1145 1089 provolat.i
1234 1008 1493 1073 Mettus
1536 1008 1808 1074 Curtius
1854 1012 1941 1075 ab
1974 1011 2249 1076 Sabinis
2294 1011 2618 1094 princeps
2649 1009 2737 1071 ab

544 1127 697 1171 arce
724 1107 1248 1187 decucurrerat,³
1278 1115 1344 1174 et
1375 1111 1624 1175 effusos
1655 1117 1881 1192 egerat
1911 1111 2288 1190 Romanos,
2331 1117 2476 1177 toto
2520 1130 2737 1204 quan-

544 1219 685 1275 tum
711 1211 853 1275 soro
876 1212 1163 1295 spatium
1186 1209 1341 1276 est.¹‘
1387 1212 1453 1277 N
1457 1233 1537 1277 ec
1569 1215 1803 1296 procul
1839 1215 1986 1299 Jam
2009 1235 2051 1279 a
2068 1223 2263 1298 porta
2292 1213 2545 1280 Palatii
2570 1219 2738 1288 erat,

544 1313 921 1390 clamitans,
975 1317 997 1347 ‘
1017 1312 1326 1379 Vicimus
1383 1315 1676 1399 perfidos
1734 1316 2060 1399 hospites,
2117 1310 2421 1382 imbelles
2478 1316 2737 1380 hostes.

545 1414 703 1480 Jam
737 1417 982 1493 sciunt,
1010 1415 1212 1497 longe
1268 1416 1451 1480 aliud
1504 1437 1656 1481 esse
1700 1417 1996 1499 virgines
2039 1438 2300 1501 rapere,
2348 1417 2531 1483 aliud
2575 1438 2740 1500 pug-

544 1536 703 1580 nare
728 1537 877 1581 cum
902 1516 1111 1582 viris?
1199 1517 1280 1582 In
1313 1539 1487 1597 eum,
1514 1520 1662 1584 haec
1692 1520 2109 1602 gloriantem,
2142 1541 2290 1585 cum
2332 1521 2538 1602 globo
2570 1520 2739 1585 fero-

546 1616 968 1682 cissimorum
1007 1619 1330 1701 juvenum
1379 1620 1715 1686 Romulus
1762 1622 2089 1705 impetum
2133 1621 2316 1686 facit.
2405 1620 2518 1684 Ex
2559 1640 2737 1706 equo

544 1723 686 1782 tum
708 1719 888 1785 forte.
908 1720 1161 1786 Mettus
1185 1723 1573 1806 pugnabat:
1622 1743 1706 1787 eo
1738 1723 1897 1806 pelli
1925 1724 2192 1789 facilius
2222 1719 2417 1789 fuit:¹
2473 1723 2738 1807 pulsnm

549 1816 845 1886 Romani
903 1832 1410 1909 persequuntur.
1517 1825 1612 1889 Et
1655 1826 1793 1891 alia
1842 1824 2150 1891 Romana
2196 1826 2404 1903 acies»,
2448 1826 2742 1890 audacia

545 1924 727 2005 regis
768 1944 1085 2005 accensa,
1138 1926 1358 1991 fundit
1402 1928 1713 1992 Sabinos,
1801 1928 2058 1993 Mettus
2108 1928 2174 1992 in
2208 1928 2522 2012 paludem
2563 1932 2738 2005 sese,

545 2027 828 2111 strepitu
859 2031 1277 2113 sequentium
1309 2030 1681 2114 trepidante
1711 2050 1911 2114 equo,
1944 2030 2277 2115 conjecit:
2327 2031 2736 2095 adverterat-

547 2147 676 2212 que
704 2149 784 2194 ea
812 2151 918 2195 res
950 2134 1148 2196 etiam
1170 2133 1519 2197 Sabinosm
1550 2133 1721 2196 tanti
1752 2133 2056 2216 periculo
2089 2134 2235 2198 viri.
2325 2134 2412 2201 Et
2451 2134 2568 2198 ille
2598 2134 2742 2217 qui-

1461 2293 1523 2315 OO
1528 2295 1581 2316 ,Ο
1586 2296 1672 2318 600
1677 2297 1821 2318 OOOOO

547 2391 812 2444 Dalm—2
846 2392 906 2444 Si
925 2393 1026 2447 del.
1048 2394 1183 2447 Edd.
1207 2396 1271 2446 ab
1296 2396 1415 2449 ΑΜ.
1440 2398 1506 2449 ad
1532 2400 1795 2452 Dalm—8
1828 2400 1975 2450 Vett.
1993 2397 2118 2450 libb.
2150 2400 2437 2450 decurrerat.

1537 2537 1756 2591 No'rAE

546 2633 644 2684 hoc
670 2649 949 2698 cognomen
979 2637 1101 2690 Jovi
1126 2638 1260 2689 haud
1287 2637 1443 2689 dubie
1479 2638 1609 2689 indi·

545 2708 646 2771 dit,
681 2711 816 2775 quod
853 2711 1199 2763 Romanorum
1237 2713 1411 2779 fugam
1447 2716 1611 2765 stitis-

547 2792 650 2848 set,
687 2800 878 2852 eosque
904 2787 1166 2852 fugientes
1200 2798 1344 2840 stare
1377 2790 1611 2842 fecisset.

548 2860 669 2909 Hoc
693 2870 862 2911 autern
888 2867 1292 2929 templum,post
1309 2869 1466 2916 ictum
1491 2882 1610 2917 cum

547 2934 704 2983 Tatio
727 2933 913 2990 foedus,
938 2937 1183 2987 Romulus
1217 2939 1450 2988 condidit
1471 2941 1611 3004 apud

550 3016 756 3073 portam
798 3010 1117 3075 Magoniam,
1151 3012 1260 3062 slve
1289 3014 1343 3062 in
1383 3015 1611 3066 Palatini

548 3085 742 3135 montis
766 3085 1045 3150 radicibus,
1067 3103 1097 3138 e
1120 3090 1333 3152 regione
1355 3090 1471 3154 ejus
1489 3078 1611 3156 loci,

553 3160 648 3210 ubi
668 3167 785 3224 post
807 3163 949 3214 aedes
973 3163 1297 3216 Concordiae.

616 3236 632 3270 ¹
665 3236 772 3300 Ipse
791 3240 855 3288 ad
873 3241 1103 3303 primores
1126 3242 1354 3292 Romulus
1373 3245 1612 3311 provolat]

550 3311 814 3362 Primores
835 3329 864 3363 a
891 3315 1035 3367 Livio
1054 3318 1162 3379 bic,
1181 3332 1280 3368 non
1305 3325 1410 3370 tam
1433 3322 1612 3372 habita

551 3389 754 3439 ratione
777 3389 1066 3456 dignitatis,
1088 3392 1333 3443 dicuntur
1357 3409 1450 3458 pro
1476 3397 1610 3461 opti-

551 3463 791 3531 matibus,
809 3481 962 3532 quam
985 3482 1050 3517 ex
1076 3469 1193 3519 loco
1216 3484 1370 3535 quem
1387 3469 1509 3535 fuga
1533 3473 1612 3522 iu·

550 3543 735 3604 hibita,
757 3552 1091 3610 resumtaque
1118 3557 1310 3611 pugna,
1343 3550 1612 3607 tenebant,

545 3621 782 3671 hostibus
805 3621 1040 3671 nimirum
1061 3624 1278 3686 proximi
1297 3640 1313 3673 ε
1349 3627 1483 3690 quod
1502 3642 1611 3676 ma·

553 3695 662 3758 lim,
701 3712 853 3762 quam
887 3697 951 3746 de
981 3697 1062 3761 iis,
1094 3699 1181 3763 qui
1220 3697 1369 3763 primi
1405 3702 1456 3750 in
1487 3700 1612 3767 fuga

550 3770 787 3829 fuissent,
809 3775 1160 3837 interpretari,
1183 3783 1242 3825 ut
1262 3777 1511 3829 Velcurio
1531 3780 1613 3830 fa·

555 3846 646 3898 cit.
710 3848 917 3897 Etenim
956 3849 1205 3901 Romulus
1243 3862 1485 3903 narratur
1506 3863 1612 3905 sta-

555 3922 649 3970 tim
706 3936 822 3973 cnm
879 3923 1316 3976 ferocissimorum
1358 3929 1611 3992 juvenum

555 3996 711 4062 globo
750 4000 800 4047 in
838 4000 1061 4052 Mettum
1097 4010 1151 4054 et
1181 4004 1401 4055 Sabinos
1448 4006 1612 4070 impe-

557 4078 667 4122 tum
690 4072 897 4124 fecisse.

621 4148 646 4184 Β
682 4151 799 4200 Toto
818 4154 1163 4215 quantumsoro
1182 4157 1391 4220 spatium
1419 4160 1515 4222 est]
1549 4158 1611 4207 Id

545 4228 657 4292 jam
680 4228 793 4278 aliis
811 4230 982 4280 verbis
997 4241 1344 4295 expresserat,
1363 4248 1480 4284 cum
1499 4235 1615 4284 dix-

1683 2639 1829 2701 isset,
1861 2636 2035 2703 ‘qnod
2076 2637 2213 2687 inter
2255 2637 2551 2687 Palatinum
2593 2636 2745 2700 Capi-

1685 2713 2004 2778 tolinumque
2048 2721 2273 2764 montem
2311 2714 2483 2778 campi
2523 2719 2605 2763 est
2626 2713 2657 2773 ς’
2687 2721 2745 2762 et

1682 2803 1801 2839 mox
1823 2791 1841 2818 ‘
1858 2790 1910 2839 in
1929 2788 2102 2858 media
2119 2791 2355 2840 convalle
2372 2792 2589 2839 duorum
2611 2804 2746 2838 mon·

1683 2863 1848 2915 tium!
1920 2866 2055 2915 Nam
2084 2865 2268 2932 locus,
2319 2865 2374 2915 in
2422 2881 2526 2931 qno
2565 2874 2746 2930 postea

1682 2944 1872 2992 Forum
1897 2942 2180 2993 Romanum
2202 2942 2325 3007 fnit,
2340 2944 2481 2995 inter
2496 2945 2594 2994 hos
2618 2945 2744 2993 duo·

1683 3026 1886 3068 montes
1898 3019 2132 3083 jacebat.

1747 3093 1764 3127 ¹
1792 3096 1868 3144 Eo
1880 3094 2350 3160 peuifaeiliusfuit]
2372 3095 2602 3155 Idcirco,
2622 3096 2742 3161 quia

1683 3184 1751 3221 ex
1790 3185 1925 3237 equo
1957 3173 2262 3237 pugnabat:
2309 3174 2571 3238 equestris
2609 3172 2743 3222 enim

1685 3263 1859 3312 pugna
1901 3250 2069 3299 miuus
2105 3249 2327 3313 stabilis,
2364 3264 2519 3315 quam
2559 3248 2743 3313 pedes-

1687 3324 1802 3375 tris.
2147 3367 2159 3382 ,

1698 3383 1707 3398 '
1749 3406 1785 3434 ¹¹¹
1808 3400 2337 3465 Adverteraequeearea
2356 3402 2504 3451 etiam
2520 3400 2744 3466 Sabim]

1684 3475 1749 3525 Id
1773 3485 1872 3540 est,
1892 3485 2223 3527 converterat
2260 3477 2386 3527 illuc
2410 3478 2606 3527 animos
2628 3492 2747 3527 ocu-

1687 3552 1863 3615 losque
1906 3551 2225 3602 Sabinorum.
2303 3553 2578 3603 Hactenus
2617 3552 2749 3602 male

1684 3632 2014 3693 averteratque
2045 3629 2119 3678 ait
2156 3629 2364 3694 Lipsius
2399 3630 2451 3676 in
2483 3630 2653 3679 Tacit.
2686 3643 2747 3678 n.

1688 3703 1880 3753 Annal.
1931 3705 2130 3754 Verum
2153 3719 2283 3768 pace
2315 3705 2452 3754 tanti
2486 3706 2583 3753 viri
2606 3705 2749 3754 dixe·

1687 3780 1803 3844 rim,
1822 3780 1944 3830 nibil
1965 3781 2241 3831 admodum
2258 3794 2430 3830 causae
2445 3779 2598 3830 video
2620 3795 2755 3843 esse,

1686 3871 1777 3907 cnr
1810 3857 2057 3907 mutanda
2101 3857 2259 3907 lectio
2297 3856 2382 3905 sit.
2448 3855 2750 3905 Periculum

1687 3933 1878 3998 quippe
1903 3932 2081 3994 Metti,
2104 3931 2241 3997 quod
2276 3930 2586 3980 Sabinorum
2610 3933 2677 3980 ad
2695 3947 2750 3980 se

1686 4010 1863 4059 oculos
1915 4012 2167 4069 traxerat,
2220 4005 2432 4057 eosdem
2482 4022 2515 4055 a
2569 4007 2753 4070 praelio

1688 4090 1981 4146 averterat3
2006 4091 2164 4150 atque
2186 4082 2286 4132 boc
2310 4082 2443 4132 velle
2466 4082 2752 4133 Auctorem

1689 4168 1836 4224 patet
1869 4175 1935 4209 ex
1969 4175 2033 4209 eo
2068 4159 2204 4225 quod
2228 4158 2526 4223 subjicitur,
2547 4159 2753 4210 ‘rediu-

1690 4244 1895 4301 tegrant
1919 4233 2191 4303 praelium)
