3034 4925
1022 373 1167 419 Lm.
1216 370 1297 421 ιι.
1347 368 1509 420 CAP.
1554 355 1662 420 59.
2299 357 2431 424 513

211 522 305 582 ut
334 517 637 587 invictus
680 516 793 582 illc
828 516 987 582 odio
1037 517 1307 601 plebeio
1347 518 1608 584 animus
1661 515 1985 581 interdum
2033 525 2426 584 moveretur.

213 619 440 684 Omni
475 621 916 705 nequicquam
949 621 1307 686 acerbitate
1337 628 1625 704 promta,
1662 619 1827 685 nihil
1862 620 2006 705 jam
2054 640 2204 685 cum
2254 622 2429 686 mili-

207 723 417 786 tibus
440 744 632 806 agere
652 745 668 791 :
688 737 713 773 ⁹
757 745 800 789 a
825 725 1331 791 centurionibus
1363 732 1743 808 corruptum
1772 723 2136 788 exercitum
2166 723 2427 789 dicere:

212 831 235 862 ‘
272 827 581 891 tribunos
631 827 887 912 plebei'
944 828 1269 894 cavillans
1319 826 1646 891 interdum
1703 834 1772 893 et
1822 832 1839 863 ‘
1872 824 2266 892 Volerones’
2309 848 2426 893 vo·

211 938 436 994 care.³
460 937 482 965 ¹

227 1056 240 1063 ’
309 1032 427 1097 59.
478 1033 666 1098 Nihil
697 1053 925 1100 eorum
953 1034 1191 1100 Volsci
1220 1035 1636 1111 nesciebant,
1675 1034 2141 1119 instabantque
2171 1054 2253 1099 eo
2286 1055 2421 1100 ma·

213 1132 362 1215 giS,
396 1144 766 1218 sperantes,
809 1137 983 1202 idem
1018 1144 1348 1202 certamen
1379 1139 1743 1202 animorum
1774 1137 2092 1203 adversus
2120 1137 2423 1222 Appium

211 1232 618 1303 habiturum
648 1241 1020 1317 exercitum
1051 1235 1459 1318 Romanum,
1507 1239 1710 1324 quod·
1739 1239 2064 1305 adversus
2095 1240 2385 1314 Fabium
2404 1233 2426 1262 ⁸

214 1342 576 1406 consulem
610 1343 1013 1410 habuisset.4
1077 1343 1389 1408 Ceterum
1428 1344 1634 1409 multo
1663 1343 1914 1428 Appio,
1957 1358 2158 1426 quarn
2187 1341 2433 1430 Fabio,

214 1442 584 1509 violentior
630 1445 801 1513 suit.r
886 1447 1043 1512 Non
1092 1448 1269 1512 enim
1310 1448 1578 1512 vincere
1620 1454 1875 1512 tantum
1905 1447 2140 1524 noluit,
2187 1449 2262 1508 ut
2291 1443 2421 1510 Fa-

214 1542 476 1608 bianus
527 1550 892 1628 exercitus,
950 1551 1067 1614 sed
1115 1550 1290 1616 vinci
1337 1549 1575 1614 voluit·
1658 1547 2038 1614 Productus
2088 1550 2158 1612 in
2209 1548 2419 1615 aciem

215 1647 415 1728 turpi
445 1645 604 1730 fuga
632 1651 800 1734 petit
829 1660 1088 1733 castra3
1129 1672 1253 1717 nec
1286 1657 1439 1717 ante
1469 1652 1738 1730 restitit,
1784 1669 1987 1734 quam
2034 1650 2227 1732 signa
2257 1648 2423 1714 infe-

212 1755 479 1813 rentem
510 1750 833 1818 Volscum
884 1756 1312 1820 munimentis
1353 1754 1541 1832 vidit,
1573 1753 1962 1838 foedamque
1997 1753 2276 1818 extremi
2307 1771 2421 1834 ag·
2490 1743 2497 1753 ’

215 1848 431 1913 minis
460 1853 736 1937 caedem.
779 1855 954 1921 Tum
986 1877 1308 1941 expressa
1335 1858 1441 1921 vis
1470 1856 1558 1923 ad
1592 1856 2075 1941 pugnandum‚⁸
2102 1860 2174 1919 ut
2204 1855 2422 1921 victor

206 1949 366 2037 jam
393 1971 437 2017 a
464 1954 648 2020 vallo
694 1965 1223 2024 summoveretur
1271 1958 1526 2040 hostis3
1572 1959 1742 2023 satis
1782 1962 2003 2023 tamen
2045 1964 2417 2041 appareret,

221 2052 383 2137 capi
413 2065 669 2124 tantum
698 2067 919 2126 castra
948 2062 1223 2126 militem
1255 2060 1640 2125 Romanum
1663 2060 1982 2125 noluisse.
2038 2057 2182 2123 Alii
2202 2065 2226 2105 ⁵
2257 2076 2420 2141 gau-

225 2157 387 2223 dere
435 2181 560 2227 sua
606 2164 798 2229 clade
838 2175 1043 2250 atque
1088 2162 1477 2250 ignominia.
1559 2164 1830 2245 Quibus
1872 2165 2036 2230 nihil
2065 2162 2421 2235 infractus⁸

223 2260 420 2327 ferox
449 2262 661 2349 Appii
689 2268 972 2348 animuS,
1005 2289 1161 2334 cum
1189 2270 1464 2353 insuper
1490 2270 1729 2334 saevire
1752 2269 1969 2346 vellet,
2004 2267 2420 2333 concionem-

223 2381 358 2446 que
405 2365 784 2449 advocaret,
832 2379 1236 2437 concurrunt
1269 2372 1356 2436 ad
1403 2392 1553 2436 eum
1601 2372 1807 2454 legati
1838 2371 2244 2453 tribunique,
2276 2388 2417 2434 mo-

221 2477 487 2547 nentes,
518 2489 601 2535 ne
632 2474 862 2558 utique
888 2476 1179 2561 experiri
1208 2475 1410 2540 vellet
1439 2473 1829 2558 imperium:
1856 2473 2047 2558 cujus
2071 2474 2173 2536 vis
2196 2472 2417 2535 omnis

221 2559 291 2634 in
323 2592 650 2639 consensu
682 2576 1126 2643 obedientium
1156 2586 1355 2643 esset.
1418 2576 1681 2661 Negare
1707 2574 1904 2659 vulgo
1934 2575 2200 2654 militeS,
2232 2595 2307 2638 se
2331 2574 2418 2640 ad

223 2675 615 2741 concionem
645 2679 851 2744 ituros
871 2700 890 2760 3
920 2680 1311 2764 passimque
1340 2678 1653 2743 exaudiri
1677 2696 1884 2743 voces
1906 2676 2416 2762 postulantium,

224 2782 304 2838 ut
359 2783 574 2845 castra
633 2797 721 2844 ex
770 2781 1030 2848 Volsco
1077 2802 1233 2866 agro
1283 2787 1694 2847 moveantur.
1767 2769 2053 2844 Hostem
2098 2778 2414 2844 vic-torem

292 2951 314 2983 ³
350 2944 600 3008 Postquam
620 2962 754 2999 omne
770 2964 922 3011 geum
937 2950 1216 3015 asperitatis
1231 2950 1514 2998 adhibuerat
1533 2945 1586 2995 in
1606 2945 1796 2996 milites.

290 3014 313 3039 ¹·
350 3009 672 3061 Vehementius
692 3014 744 3061 in
758 3013 985 3078 Appium,
1018 3031 1155 3081 quam
1173 3016 1228 3064 in
1252 3016 1469 3073 Fabium,
1492 3013 1678 3062 exarsit
1696 3012 1948 3061 exercitus.

287 3079 310 3104 ⁸
346 3073 508 3124 eoacti
528 3083 641 3125 sunt
658 3078 867 3128 Romani
887 3082 1010 3131 vires
1032 3083 1094 3130 ad
1108 3081 1422 3130 dimicandum
1442 3092 1674 3128 exercere.

285 3139 307 3172 ὅ
338 3138 621 3192 Nacratem
638 3149 907 3198 commotus.

1130 3273 1500 3294 ”mm‘OOO

225 3388 257 3435 8
294 3384 445 3498 Vallig.
475 3388 661 3438 animus
680 3389 915 3440 interdum
935 3397 1212 3453 Μουρκίαν,
1233 3394 1361 3450 omni
1379 3406 1431 3441 ιι.
1452 3406 1499 3442 a.
1521 3353 1705 3455 promta
1719 3405 1737 3437 .·
1767 3387 1891 3437 nihil
1910 3386 1958 3447 j.
1980 3402 2024 3435 e.
2044 3385 2223 3435 civibus
2251 3389 2418 3447 ageret

223 3458 1092 3570 uzsMifretheitlrzvffiggrent.—5
1137 3520 1289 3584 Conj.
1333 3504 1560 3583 Rupert.
1603 3517 1746 3568 Alias
1785 3515 1871 3565 vel
1914 3512 2260 3578 ,inaquam—6
2292 3512 2419 3564 Vet-

1197 3633 1244 3682 N
1252 3629 1417 3681 0⁷1·AE

288 3735 307 3760 ¹·
343 3726 584 3778 Volerones
613 3729 802 3794 vocare]
854 3730 919 3780 Id
943 3736 1039 3787 est,
1063 3730 1275 3779 seditio·
1355 3727 1555 3780 faceret
1590 3724 1889 3792 potestatis,
1930 3737 2080 3785 quam
2131 3720 2217 3770 vix
2256 3722 2411 3772 ullam

223 3818 310 3853 sos
348 3805 581 3868 exemplo
616 3806 886 3855 Voleronis
930 3806 1164 3870 Publilii,
1208 3808 1273 3856 de
1353 3806 1404 3855 in
1444 3803 1636 3854 milites
1675 3803 1961 3852 retineret:
2000 3799 2128 3853 Qu’il
2163 3814 2222 3847 ne
2255 3799 2414 3849 devoit

224 3892 327 3943 quo
350 3893 396 3927 c·
417 3883 496 3928 56·
1344 3897 1435 3945 pas
1453 3897 1502 3931 se
1522 3884 1789 3929 cmnmetlre
1803 3892 1861 3925 en
1875 3876 2135 3926 hazardum
2154 3876 2213 3923 de
2233 3874 2416 3923 vouloir

288 3963 306 3987 ⁸
340 3956 470 4011 Quod
499 3959 721 4008 adversus
748 3958 978 4022 Fabium]
1030 3961 1118 4011 De
1140 3960 1272 4011 mili·
1295 3977 1303 3986 ·
1352 3973 1542 4008 exerc-er
1563 3959 1606 4006 le
1637 3955 2033 4006 commandemeut
2057 3966 2145 4013 que
2165 3966 2218 3999 sa
2237 3952 2413 4018 charge

224 4038 333 4080 tum
358 4031 407 4080 in
437 4032 708 4083 Caesonem
731 4036 969 4096 Fabium,
998 4038 1117 4086 anni
1156 4042 1270 4088 270.
1352 4034 1420 4084 lui
1440 4032 1636 4082 donauit
1658 4047 1742 4079 sur
1761 4032 1828 4079 les
1848 4029 2041 4085 caldata,
2071 4028 2153 4090 qui
2186 4025 2417 4090 u'btoient

226 4109 495 4166 consulem,
517 4110 633 4160 odio
655 4112 847 4162 dictum
872 4118 1079 4177 capam.
1344 4127 1435 4177 pas
1465 4109 1673 4173 disposes
1704 4126 1735 4157 a
1765 4110 1836 4158 lui
1870 4105 2034 4164 οόἑὶΐί
2079 4120 2189 4154 «ΝΜ
2223 4106 2334 4171 quoi
2368 4107 2412 4160 le

288 4188 306 4217 1
337 4186 410 4234 Ne
428 4188 591 4250 utique
609 4190 817 4252 experiri
838 4182 979 4243 v'ellet
996 4190 1266 4258 imperium]
1348 4187 1475 4243 droit
1499 4189 1560 4238 de
1580 4183 1873 4236 commanden-
1894 4187 1968 4233 est
1985 4182 2170 4235 inutile.

226 4260 574 4327 Admonendo,
626 4278 690 4314 ne
735 4268 940 4316 omnino
984 4268 1267 4331 periculum
