3034 4925
503 359 645 429 131
1377 409 1382 416 .
1435 373 1762 425 vanuum

515 552 644 595 rus.
726 529 945 592 Portus
975 527 1175 591 Julius
1202 529 1278 590 ab
1305 528 1569 611 Agrippa
1593 530 1809 592 factus.
1895 527 2171 592 Amicitia
2197 523 2461 594 Cae'saris
2486 541 2549 594 et
2585 534 2709 595 An·-

516 629 663 692 tonii
712 630 986 691 restituta
1025 629 1102 689 ab
1144 626 1828 691 Octavia—Deiotarus
1859 648 1943 692 11.
1985 628 2230 692 Polemo
2260 650 2311 693 r.
2391 632 2468 694 A.
2496 631 2571 693 C.
2609 625 2712 693 37·

516 732 581 790 4.
608 748 670 809 p.
697 728 770 789 C.
801 727 1092 788 Phraates
1124 745 1223 789 ιν.

978 926 1054 988 U.
1079 927 1154 989 C.
1182 928 1326 987 716.
1368 927 1444 990 A.
1475 926 1553 989 C.
1582 928 1682 988 36.
1724 926 1827 988 01.
1854 942 2157 990 ctxxxw.
2190 928 2246 989 1.

602 1061 680 1122 L.
713 1060 941 1123 Gellius
968 1059 1313 1136 Publicola,
1354 1061 1458 1122 M.
1490 1059 1763 1122 Cocceius
1799 1059 2016 1134 Nerva,
2058 1056 2136 1120 L.
2162 1058 2498 1120 Munacim
2512 1057 2718 1121 -Plan-

513 1178 623 1221 cus
656 1158 745 1220 ΙΙ.
829 1160 915 1219 Ρ.
967 1158 1273 1238 Sulpicius
1323 1159 1641 1231 Quirinus.
1731 1156 2013 1239 Agrippa,
2063 1152 2325 1218 devictis·
2355 1156 2497 1216 Sex.
2544 1156 2715 1217 Pom-

516 1255 652 1336 peio
687 1255 1106 1335 praefectisque
1144 1255 1296 1336 ejus,
1324 1255 1697 1316 Demochare
1724 1264 1786 1316 et
1815 1253 2257 1336 Apollophane,
2293 1272 2517 1316 corona
2543 1273 2723 1315 aurea

515 1362 771 1414 rostrata
790 1352 1069 1413 donatur.
1155 1353 1272 1415 Cn.
1301 1352 1599 1413 Domitius
1632 1351 1957 1435 triumphat
1986 1352 2065 1413 de
2114 1351 2422 1434 Hispanis,
2444 1370 2485 1412 a
2502 1350 2718 1434 quibus

517 1470 730 1511 aurum
755 1450 989 1530 accepit
1028 1451 1428 1511 coronarium.
1514 1451 1792 1513 Honores
1820 1450 2049 1512 Caesari
2079 1460 2142 1511 et
2167 1451 2447 1532 Agrippa
2474 1451 2722 1512 decreti.

519 1548 803 1630 Lepidus,
831 1548 1057 1609 Caesari
1082 1548 1333 1609 infestus
1359 1559 1421 1610 et
1461 1570 1499 1610 a
1526 1549 1856 1631 legionibus
1885 1548 2178 1631 corruptis
2218 1547 2511 1624 desertus,
2531 1549 2720 1611 hono-

516 1668 612 1710 res
641 1647 854 1720 amittit
876 1658 1093 1729 praeter
1139 1648 1549 1728 pontificatum
1578 1667 1738 1711 max.
1825 1647 1951 1709 Res
1993 1649 2069 1709 ab
2096 1650 2363 1709 Antonio
2409 1647 2546 1709 adv.
2576 1645 2723 1709 Par-

519 1745 760 1820 thos,et
786 1765 824 1805 a
867 1745 939 1806 P.
972 1744 1224 1806 Canidio
1270 1745 1513 1818 Crasse,
1561 1745 1690 1827 ejus
1733 1745 1959 1827 legato,
1987 1747 2047 1808 in
2098 1746 2399 1821 Armenia,
2439 1745 2636 1808 Iberia
2663 1755 2726 1807 et

517 1842 779 1906 Albania
800 1852 1006 1923 gestoe.

965 2031 1044 2092 U.
1077 2029 1152 2092 c,
1177 2031 1319 2091 717.
1362 2031 1437 2090 A.
1469 2031 1547 2090 c,
1578 2032 1679 2091 35.
1721 1985 2251 2089 01.c1,xxx{r1.2.

602 2156 682 2217 L.
709 2157 1087 2239 Cornificius,
1112 2159 1244 2222 Sex.
1267 2160 1591 2240 Pompeius
1617 2161 1757 2221 Sex.
1783 2158 1852 2218 F.
1903 2158 2045 2219 Sex.
2070 2137 2388 2238 Pompeius
2407 2155 2721 2236 profugus,

522 2264 793 2335 reparato
823 2255 883 2314 in
907 2255 1055 2317 Asia
1087 2256 1270 2329 bello,
1299 2257 1374 2317 ab
1418 2256 1661 2317 Antonii
1702 2255 1942 2336 legatis,
1971 2254 2046 2317 C.
2073 2253 2295 2315 Furnio
2344 2262 2405 2315 et
2432 2251 2521 2312 Μ.
2543 2250 2726 2325 Titio,

521 2351 834 2415 occiditur.
912 2350 1190 2438 Japydae,
1216 2354 1513 2415 Dalmatae
1542 2364 1607 2415 et
1628 2352 1923 2414 Pannonii
1948 2372 1986 2413 a
2009 2350 2251 2415 Caesare
2279 2349 2531 2414 subacti.

1003 2550 1079 2611 U.
1108 2548 1182 2612 C.
1209 2552 1352 2612 718.
1400 2550 1471 2611 Α.
1498 2549 1573 2610 G.
1606 2552 1706 2609 34.
1750 2545 1853 2609 01.·
1881 2508 2184 2609 cmxxavr.
2217 2548 2277 2608 3.

603 2682 681 2743 L.
710 2683 1061 2744 Scribonius
1095 2682 1273 2755 Libo,
1302 2680 1403 2743 M.
1444 2681 1757 2742 Antonius
1795 2680 1888 2741 ΙΙ.
1940 2679 2019 2740 L.
2053 2676 2440 2758 Sempronius
2478 2672 2730 2734 Atrati-

521 2801 657 2852 nus,
686 2781 872 2841 Paul.
911 2780 1196 2841 AEmilius
1220 2780 1513 2861 Lepidus,
1564 2780 1629 2843 C.
1664 2779 1998 2852 Memmius,
2037 2777 2139 2839 M.
2164 2775 2527 2838 Herennius.
2611 2773 2726 2832 Sa«-

523 2877 668 2937 lassi
709 2895 745 2936 a
787 2877 879 2938 M.
926 2877 1164 2938 Valerio
1207 2876 1497 2937 Messalla
1547 2876 1774 2937 domiti.
1855 2874 2154 2935 Antonius
2180 2870 2555 2933 Artavasden
2581 2868 2726 2930 dolo

522 2974 686 3055 capit
711 2983 773 3034 et
798 2973 1136 3035 Armeniam
1164 2974 1269 3036 dat
1296 2973 1418 3035 filio
1441 2993 1550 3035 suo
1579 2994 1655 3036 ex
1674 2973 2003 3056 Cleopatra
2026 2981 2330 3052 suscepto.
2604 3012 2633 3047 4

931 3188 1008 3250 U.
1040 3189 1114 3250 C.
1141 3189 1281 3250 719.
1364 3189 1441 3252 A.
1468 3189 1540 3251 G.
1573 3191 1672 3250 33.
1757 3187 1860 3249 01.
1892 3204 2194 3247 chxxvt.
2222 3189 2287 3248 4.

613 3317 678 3378 C.
717 3317 924 3380 Julius
962 3319 1166 3380 Caesar
1197 3321 1560 3382 Octavianus
1588 3320 1678 3381 II.
1722 3319 1799 3380 L.
1839 3318 2140 3380 Volcatius
2171 3314 2381 3378 Tullus
2406 3337 2431 3385 ‚⁰
2473 3314 2563 3376 P.
2589 3312 2727 3374 Aa·

526 3416 763 3478 trontius
804 3416 1041 3491 Pam,
1071 3417 1160 3478 L..
1177 3416 1450 3491 Flauius.
1486 3419 1555 3480 C.
1592 3416 1878 3483 Fonteiae
1908 3416 2153 3496 Capito,
2176 3412 2280 3492 (ad
2308 3430 2574 3493 unguem
2600 3411 2729 3472 fae-

519 3523 624 3577 tus
651 3514 857 3591 homo)
886 3515 985 3576 M.
1016 3514 1257 3578 Acilius
1276 3515 1511 3589 Aviola,
1543 3514 1622 3575 L.
1659 3515 1957 3585 Vinnium,
1982 3514 2061 3575 L.
2084 3511 2417 3575 Laronius.
2437 3507 2725 3590 Agrippa

521 3613 805 3684 oedilitas,
849 3633 1031 3694 opera
1071 3613 1331 3695 publica,
1386 3613 1535 3676 ludi.
1617 3608 2031 3673 Mathematici
2084 3610 2163 3671 ab
2206 3629 2280 3670 eo
2333 3602 2494 3689 pulsi
2545 3602 2723 3666 Urbe.

527 3708 823 3773 Dalmatae
853 3724 891 3772 a
914 3712 986 3772 T.
1018 3712 1252 3774 Statilio
1278 3712 1475 3773 Tauro
1502 3711 1760 3774 subacti.
1826 3706 2101 3772 Porticus
2129 3707 2403 3771 Octaviae
2429 3716 2491 3768 et
2511 3704 2727 3766 biblio·-

527 3805 703 3869 theca
727 3810 789 3869 in
810 3797 909 3872 θα.

924 4018 1002 4081 U.
1033 4018 1107 4078 Ο.
1133 4020 1276 4079 720.
1315 4019 1488 4083 A.C.
1519 4022 1619 4081 32.
1702 4016 1806 4081 01.
1836 4036 2175 4080 chxxvn.
2210 4018 2268 4078 1.

613 4145 724 4208 Cn.
766 4148 1078 4210 Domitius
1103 4149 1371 4214 Ahenob.
1427 4150 1493 4214 C.
1517 4148 1768 4221 ‘Sosius
1809 4150 1890 4214 L.
1941 4149 2267 4221 Cornelius,
2312 4145 2395 4208 N.
2431 4142 2724 4206 Valerius.

530 4244 740 4307 Caesar
779 4256 841 4307 et
880 4247 1182 4311 Antonius
1231 4249 1452 4312 bellum
1506 4260 1742 4331 parant.
1828 4246 2099 4312 Octaviae-
2145 4243 2492 4327 repudium..
2558 4239 2725 4301 Con·
