<?xml version="1.0" encoding="UTF-8"?>
<!DOCTYPE html PUBLIC "-//W3C//DTD XHTML 1.0 Transitional//EN"
    "http://www.w3.org/TR/xhtml1/DTD/xhtml1-transitional.dtd">
<html xmlns="http://www.w3.org/1999/xhtml" xml:lang="en" lang="en">
 <head>
  <title>
</title>
<meta http-equiv="Content-Type" content="text/html;charset=utf-8" />
  <meta name='ocr-system' content='tesseract 3.04.00' />
  <meta name='ocr-capabilities' content='ocr_page ocr_carea ocr_par ocr_line ocrx_word'/>
</head>
<body>
  <div class='ocr_page' id='page_1' title='image "./tliviipatavinih23unkngoog_0407.png"; bbox 0 0 3034 4925; ppageno 0'>
   <div class='ocr_carea' id='block_1_1' title="bbox 1086 376 1690 443">
    <p class='ocr_par' dir='ltr' id='par_1_1' title="bbox 1086 376 1690 443">
     <span class='ocr_line' id='line_1_1' title="bbox 1086 376 1690 443; baseline 0.002 -4"><span class='ocrx_word' id='word_1_1' title='bbox 1086 390 1231 440; x_wconf 79' lang='lat' dir='ltr'><strong>mn.</strong></span> <span class='ocrx_word' id='word_1_2' title='bbox 1276 389 1327 441; x_wconf 83' lang='lat' dir='ltr'><strong>r.</strong></span> <span class='ocrx_word' id='word_1_3' title='bbox 1373 388 1536 443; x_wconf 72' lang='grc' dir='ltr'>σΑι».</span> <span class='ocrx_word' id='word_1_4' title='bbox 1579 376 1690 443; x_wconf 83' lang='grc'><strong>43.</strong></span> 
     </span>
    </p>
   </div>
   <div class='ocr_carea' id='block_1_2' title="bbox 2348 379 2479 447">
    <p class='ocr_par' dir='ltr' id='par_1_2' title="bbox 2348 379 2479 447">
     <span class='ocr_line' id='line_1_2' title="bbox 2348 379 2479 447; baseline -0.015 0"><span class='ocrx_word' id='word_1_5' title='bbox 2348 379 2479 447; x_wconf 82' lang='grc'><strong>301</strong></span> 
     </span>
    </p>
   </div>
   <div class='ocr_carea' id='block_1_3' title="bbox 276 520 2479 919">
    <p class='ocr_par' dir='ltr' id='par_1_3' title="bbox 276 520 2479 919">
     <span class='ocr_line' id='line_1_3' title="bbox 282 520 2479 612; baseline 0.002 -24"><span class='ocrx_word' id='word_1_6' title='bbox 282 520 646 601; x_wconf 77' lang='lat' dir='ltr'><strong>incidebat,</strong></span> <span class='ocrx_word' id='word_1_7' title='bbox 675 527 754 587; x_wconf 89' lang='lat' dir='ltr'><strong>ut</strong></span> <span class='ocrx_word' id='word_1_8' title='bbox 783 520 1099 590; x_wconf 71' lang='lat' dir='ltr'><strong>secundae</strong></span> <span class='ocrx_word' id='word_1_9' title='bbox 1121 522 1368 590; x_wconf 76' lang='lat' dir='ltr'><strong>classis</strong></span> <span class='ocrx_word' id='word_1_10' title='bbox 1397 526 1828 589; x_wconf 70' lang='lat' dir='ltr'><strong>vocarentun</strong></span> <span class='ocrx_word' id='word_1_11' title='bbox 1873 543 1993 591; x_wconf 88' lang='lat' dir='ltr'><strong>nec</strong></span> <span class='ocrx_word' id='word_1_12' title='bbox 2022 524 2156 590; x_wconf 84' lang='lat' dir='ltr'><strong>fere</strong></span> <span class='ocrx_word' id='word_1_13' title='bbox 2184 544 2479 612; x_wconf 86' lang='lat' dir='ltr'><strong>unquam</strong></span> 
     </span>
     <span class='ocr_line' id='line_1_4' title="bbox 276 623 2478 711; baseline 0.004 -22"><span class='ocrx_word' id='word_1_14' title='bbox 276 624 455 691; x_wconf 77' lang='lat' dir='ltr'><strong>infra</strong></span> <span class='ocrx_word' id='word_1_15' title='bbox 493 626 587 690; x_wconf 81' lang='lat' dir='ltr'><strong>ita</strong></span> <span class='ocrx_word' id='word_1_16' title='bbox 636 623 1126 705; x_wconf 78' lang='lat' dir='ltr'><strong>descenderent,</strong></span> <span class='ocrx_word' id='word_1_17' title='bbox 1168 631 1248 691; x_wconf 90' lang='lat' dir='ltr'><strong>ut</strong></span> <span class='ocrx_word' id='word_1_18' title='bbox 1298 624 1387 690; x_wconf 82' lang='lat' dir='ltr'><strong>ad</strong></span> <span class='ocrx_word' id='word_1_19' title='bbox 1429 624 1697 692; x_wconf 85' lang='lat' dir='ltr'><strong>infimos</strong></span> <span class='ocrx_word' id='word_1_20' title='bbox 1748 628 2241 711; x_wconf 83' lang='lat' dir='ltr'><strong>pervenirent.²⁰</strong></span> <span class='ocrx_word' id='word_1_21' title='bbox 2326 630 2398 696; x_wconf 92' lang='lat' dir='ltr'>N</span> <span class='ocrx_word' id='word_1_22' title='bbox 2399 650 2478 696; x_wconf 89' lang='lat' dir='ltr'><strong>ec</strong></span> 
     </span>
     <span class='ocr_line' id='line_1_5' title="bbox 277 709 2479 819; baseline 0.004 -28"><span class='ocrx_word' id='word_1_23' title='bbox 277 727 509 793; x_wconf 84' lang='lat' dir='ltr'><strong>mirari</strong></span> <span class='ocrx_word' id='word_1_24' title='bbox 533 731 823 812; x_wconf 82' lang='lat' dir='ltr'><strong>oportet,</strong></span> <span class='ocrx_word' id='word_1_25' title='bbox 854 726 1031 793; x_wconf 89' lang='lat' dir='ltr'><strong>hunc</strong></span> <span class='ocrx_word' id='word_1_26' title='bbox 1057 709 1409 808; x_wconf 63' lang='lat' dir='ltr'><strong>ordinem‚‘</strong></span> <span class='ocrx_word' id='word_1_27' title='bbox 1429 728 1546 815; x_wconf 90' lang='lat' dir='ltr'><strong>qui</strong></span> <span class='ocrx_word' id='word_1_28' title='bbox 1574 748 1751 798; x_wconf 82' lang='lat' dir='ltr'><strong>nunc</strong></span> <span class='ocrx_word' id='word_1_29' title='bbox 1781 729 1933 806; x_wconf 53' lang='grc' dir='ltr'><strong>θεῖ)</strong></span> <span class='ocrx_word' id='word_1_30' title='bbox 1974 739 2132 815; x_wconf 86' lang='lat' dir='ltr'><strong>post</strong></span> <span class='ocrx_word' id='word_1_31' title='bbox 2169 735 2479 819; x_wconf 83' lang='lat' dir='ltr'><strong>expletas</strong></span> 
     </span>
     <span class='ocr_line' id='line_1_6' title="bbox 276 829 2476 919; baseline 0.003 -24"><span class='ocrx_word' id='word_1_32' title='bbox 276 829 582 916; x_wconf 85' lang='lat' dir='ltr'><strong>quinque</strong></span> <span class='ocrx_word' id='word_1_33' title='bbox 609 838 678 898; x_wconf 89' lang='lat' dir='ltr'><strong>et</strong></span> <span class='ocrx_word' id='word_1_34' title='bbox 705 830 971 915; x_wconf 81' lang='lat' dir='ltr'><strong>triginta</strong></span> <span class='ocrx_word' id='word_1_35' title='bbox 994 829 1248 911; x_wconf 80' lang='lat' dir='ltr'><strong>tribus,c</strong></span> <span class='ocrx_word' id='word_1_36' title='bbox 1292 832 1637 919; x_wconf 81' lang='lat' dir='ltr'><strong>duplicato</strong></span> <span class='ocrx_word' id='word_1_37' title='bbox 1683 853 1912 900; x_wconf 83' lang='lat' dir='ltr'><strong>earum</strong></span> <span class='ocrx_word' id='word_1_38' title='bbox 1951 833 2278 915; x_wconf 81' lang='lat' dir='ltr'><strong>numero,‘¹</strong></span> <span class='ocrx_word' id='word_1_39' title='bbox 2323 856 2476 903; x_wconf 89' lang='lat' dir='ltr'><strong>cen·</strong></span> 
     </span>
    </p>
   </div>
   <div class='ocr_carea' id='block_1_4' title="bbox 1205 981 1567 1004">
    <p class='ocr_par' dir='ltr' id='par_1_4' title="bbox 1205 981 1567 1004">
     <span class='ocr_line' id='line_1_7' title="bbox 1205 981 1567 1004; baseline 0.003 -2"><span class='ocrx_word' id='word_1_40' title='bbox 1205 981 1567 1004; x_wconf 62' lang='lat' dir='ltr'><strong>OOOOOOONOOO</strong></span> 
     </span>
    </p>
   </div>
   <div class='ocr_carea' id='block_1_5' title="bbox 271 1079 2309 1251">
    <p class='ocr_par' dir='ltr' id='par_1_5' title="bbox 271 1079 2309 1251">
     <span class='ocr_line' id='line_1_8' title="bbox 271 1079 2309 1147; baseline 0.005 -18"><span class='ocrx_word' id='word_1_41' title='bbox 271 1083 386 1143; x_wconf 86' lang='lat' dir='ltr'><strong>tur,</strong></span> <span class='ocrx_word' id='word_1_42' title='bbox 421 1079 587 1130; x_wconf 86' lang='lat' dir='ltr'><strong>mul&#39;to</strong></span> <span class='ocrx_word' id='word_1_43' title='bbox 620 1079 884 1131; x_wconf 78' lang='lat' dir='ltr'><strong>venustior</strong></span> <span class='ocrx_word' id='word_1_44' title='bbox 916 1079 1027 1147; x_wconf 83' lang='lat' dir='ltr'><strong>ipsa</strong></span> <span class='ocrx_word' id='word_1_45' title='bbox 1059 1081 1226 1133; x_wconf 86' lang='lat' dir='ltr'><strong>oratio</strong></span> <span class='ocrx_word' id='word_1_46' title='bbox 1248 1081 1520 1134; x_wconf 61' lang='lat' dir='ltr'><strong>redditur?</strong></span> <span class='ocrx_word' id='word_1_47' title='bbox 1552 1083 1854 1147; x_wconf 55' lang='lat' dir='ltr'><strong>Situm—20</strong></span> <span class='ocrx_word' id='word_1_48' title='bbox 1885 1084 2005 1136; x_wconf 85' lang='lat' dir='ltr'><strong>Vid.</strong></span> <span class='ocrx_word' id='word_1_49' title='bbox 2030 1086 2156 1138; x_wconf 89' lang='lat' dir='ltr'><strong>Not.</strong></span> <span class='ocrx_word' id='word_1_50' title='bbox 2181 1087 2309 1139; x_wconf 80' lang='lat' dir='ltr'><strong>Var.</strong></span> 
     </span>
     <span class='ocr_line' id='line_1_9' title="bbox 1263 1198 1478 1251; baseline 0.009 -2"><span class='ocrx_word' id='word_1_51' title='bbox 1263 1198 1478 1251; x_wconf 76' lang='lat' dir='ltr'><strong>No&#39;rAE</strong></span> 
     </span>
    </p>
   </div>
   <div class='ocr_carea' id='block_1_6' title="bbox 251 1279 1336 2057">
    <p class='ocr_par' dir='ltr' id='par_1_6' title="bbox 251 1279 1336 2057">
     <span class='ocr_line' id='line_1_10' title="bbox 266 1279 1336 1356; baseline 0.005 -14"><span class='ocrx_word' id='word_1_52' title='bbox 266 1292 555 1344; x_wconf 69' lang='lat' dir='ltr'><strong>eon-tabat</strong></span> <span class='ocrx_word' id='word_1_53' title='bbox 592 1295 820 1345; x_wconf 82' lang='lat' dir='ltr'><strong>secunda</strong></span> <span class='ocrx_word' id='word_1_54' title='bbox 842 1279 1040 1356; x_wconf 76' lang='lat' dir='ltr'><strong>elassis,</strong></span> <span class='ocrx_word' id='word_1_55' title='bbox 1067 1295 1131 1346; x_wconf 80' lang='lat' dir='ltr'><strong>ad</strong></span> <span class='ocrx_word' id='word_1_56' title='bbox 1156 1293 1336 1347; x_wconf 77' lang='lat' dir='ltr'><strong>suffra-</strong></span> 
     </span>
     <span class='ocr_line' id='line_1_11' title="bbox 267 1369 1335 1438; baseline 0.006 -20"><span class='ocrx_word' id='word_1_57' title='bbox 267 1370 366 1435; x_wconf 60' lang='lat' dir='ltr'><strong>gia</strong></span> <span class='ocrx_word' id='word_1_58' title='bbox 387 1369 746 1422; x_wconf 73' lang='lat' dir='ltr'><strong>vocabanture</strong></span> <span class='ocrx_word' id='word_1_59' title='bbox 780 1378 837 1423; x_wconf 89' lang='lat' dir='ltr'><strong>et</strong></span> <span class='ocrx_word' id='word_1_60' title='bbox 872 1373 948 1423; x_wconf 82' lang='lat' dir='ltr'><strong>ita</strong></span> <span class='ocrx_word' id='word_1_61' title='bbox 968 1372 1216 1438; x_wconf 72' lang='lat' dir='ltr'><strong>deinceps</strong></span> <span class='ocrx_word' id='word_1_62' title='bbox 1244 1374 1335 1424; x_wconf 90' lang='lat' dir='ltr'><strong>do·</strong></span> 
     </span>
     <span class='ocr_line' id='line_1_12' title="bbox 265 1449 1336 1501; baseline 0.003 -3"><span class='ocrx_word' id='word_1_63' title='bbox 265 1462 376 1499; x_wconf 75' lang='lat' dir='ltr'><strong>nec</strong></span> <span class='ocrx_word' id='word_1_64' title='bbox 393 1453 476 1499; x_wconf 75' lang='lat'><strong>97.</strong></span> <span class='ocrx_word' id='word_1_65' title='bbox 504 1449 756 1500; x_wconf 64' lang='lat' dir='ltr'><strong>centuria</strong></span> <span class='ocrx_word' id='word_1_66' title='bbox 780 1451 1197 1501; x_wconf 66' lang='lat' dir='ltr'><strong>consensissent:</strong></span> <span class='ocrx_word' id='word_1_67' title='bbox 1226 1466 1336 1501; x_wconf 82' lang='lat' dir='ltr'><strong>ma·</strong></span> 
     </span>
     <span class='ocr_line' id='line_1_13' title="bbox 251 1525 1334 1591; baseline 0.002 -16"><span class='ocrx_word' id='word_1_68' title='bbox 251 1525 354 1589; x_wconf 83' lang='lat' dir='ltr'><strong>jor</strong></span> <span class='ocrx_word' id='word_1_69' title='bbox 368 1526 571 1577; x_wconf 72' lang='lat' dir='ltr'><strong>seilicet</strong></span> <span class='ocrx_word' id='word_1_70' title='bbox 585 1539 705 1591; x_wconf 72' lang='lat' dir='ltr'><strong>pura</strong></span> <span class='ocrx_word' id='word_1_71' title='bbox 718 1527 1071 1578; x_wconf 87' lang='lat' dir='ltr'><strong>centuriarum</strong></span> <span class='ocrx_word' id='word_1_72' title='bbox 1089 1527 1334 1578; x_wconf 83' lang='lat' dir='ltr'><strong>omnium.</strong></span> 
     </span>
     <span class='ocr_line' id='line_1_14' title="bbox 256 1602 1334 1671; baseline 0.002 -17"><span class='ocrx_word' id='word_1_73' title='bbox 256 1631 269 1638; x_wconf 72' lang='lat'><em>,</em></span> <span class='ocrx_word' id='word_1_74' title='bbox 338 1602 363 1637; x_wconf 76' lang='lat'><strong>¹²</strong></span> <span class='ocrx_word' id='word_1_75' title='bbox 382 1605 529 1655; x_wconf 70' lang='lat' dir='ltr'><strong>Hune</strong></span> <span class='ocrx_word' id='word_1_76' title='bbox 547 1605 775 1665; x_wconf 65' lang='lat' dir='ltr'><strong>udinem,</strong></span> <span class='ocrx_word' id='word_1_77' title='bbox 796 1606 880 1671; x_wconf 74' lang='lat' dir='ltr'><strong>qui</strong></span> <span class='ocrx_word' id='word_1_78' title='bbox 900 1620 1022 1656; x_wconf 71' lang='lat' dir='ltr'><strong>nune</strong></span> <span class='ocrx_word' id='word_1_79' title='bbox 1042 1606 1137 1671; x_wconf 79' lang='lat' dir='ltr'><strong>est]</strong></span> <span class='ocrx_word' id='word_1_80' title='bbox 1163 1605 1334 1656; x_wconf 88' lang='lat' dir='ltr'><strong>Pluri-</strong></span> 
     </span>
     <span class='ocr_line' id='line_1_15' title="bbox 263 1683 1330 1737; baseline 0.004 -3"><span class='ocrx_word' id='word_1_81' title='bbox 263 1683 371 1734; x_wconf 84' lang='lat' dir='ltr'><strong>bus</strong></span> <span class='ocrx_word' id='word_1_82' title='bbox 392 1684 599 1735; x_wconf 73' lang='lat' dir='ltr'><strong>saecnlis</strong></span> <span class='ocrx_word' id='word_1_83' title='bbox 623 1692 860 1736; x_wconf 78' lang='lat' dir='ltr'><strong>servatus</strong></span> <span class='ocrx_word' id='word_1_84' title='bbox 896 1684 998 1737; x_wconf 83' lang='lat' dir='ltr'><strong>fuit</strong></span> <span class='ocrx_word' id='word_1_85' title='bbox 1020 1686 1108 1736; x_wconf 87' lang='lat' dir='ltr'><strong>ille</strong></span> <span class='ocrx_word' id='word_1_86' title='bbox 1147 1686 1330 1737; x_wconf 80' lang='lat' dir='ltr'><strong>civita·</strong></span> 
     </span>
     <span class='ocr_line' id='line_1_16' title="bbox 261 1761 1334 1816; baseline 0.005 -6"><span class='ocrx_word' id='word_1_87' title='bbox 261 1761 341 1811; x_wconf 76' lang='lat' dir='ltr'><strong>tis</strong></span> <span class='ocrx_word' id='word_1_88' title='bbox 361 1769 417 1811; x_wconf 83' lang='lat' dir='ltr'><strong>et</strong></span> <span class='ocrx_word' id='word_1_89' title='bbox 439 1762 763 1813; x_wconf 80' lang='lat' dir='ltr'><strong>comitiorum</strong></span> <span class='ocrx_word' id='word_1_90' title='bbox 777 1764 1183 1816; x_wconf 82' lang='lat' dir='ltr'><strong>centuriatorum</strong></span> <span class='ocrx_word' id='word_1_91' title='bbox 1205 1764 1334 1815; x_wconf 88' lang='lat' dir='ltr'><strong>ordo</strong></span> 
     </span>
     <span class='ocr_line' id='line_1_17' title="bbox 263 1838 1332 1907; baseline 0.006 -20"><span class='ocrx_word' id='word_1_92' title='bbox 263 1838 548 1889; x_wconf 67' lang='lat' dir='ltr'><strong>anervio</strong></span> <span class='ocrx_word' id='word_1_93' title='bbox 585 1840 758 1889; x_wconf 80' lang='lat' dir='ltr'><strong>Tullio</strong></span> <span class='ocrx_word' id='word_1_94' title='bbox 792 1839 1086 1904; x_wconf 75' lang='lat' dir='ltr'><strong>institutus,</strong></span> <span class='ocrx_word' id='word_1_95' title='bbox 1128 1841 1332 1907; x_wconf 80' lang='lat' dir='ltr'><strong>fuitque</strong></span> 
     </span>
     <span class='ocr_line' id='line_1_18' title="bbox 258 1914 1333 1980; baseline 0.006 -17"><span class='ocrx_word' id='word_1_96' title='bbox 258 1914 458 1979; x_wconf 67' lang='lat' dir='ltr'><strong>populi</strong></span> <span class='ocrx_word' id='word_1_97' title='bbox 494 1915 678 1966; x_wconf 65' lang='lat' dir='ltr'><strong>divisio</strong></span> <span class='ocrx_word' id='word_1_98' title='bbox 703 1929 799 1980; x_wconf 89' lang='lat' dir='ltr'><strong>per</strong></span> <span class='ocrx_word' id='word_1_99' title='bbox 822 1916 989 1969; x_wconf 77' lang='lat' dir='ltr'><strong>tribue</strong></span> <span class='ocrx_word' id='word_1_100' title='bbox 1015 1918 1226 1968; x_wconf 85' lang='lat' dir='ltr'><strong>omnino</strong></span> <span class='ocrx_word' id='word_1_101' title='bbox 1255 1918 1333 1969; x_wconf 90' lang='lat' dir='ltr'><strong>di-</strong></span> 
     </span>
     <span class='ocr_line' id='line_1_19' title="bbox 258 1991 1332 2057; baseline 0.004 -15"><span class='ocrx_word' id='word_1_102' title='bbox 258 2001 423 2042; x_wconf 62' lang='lat' dir='ltr'><strong>versa</strong></span> <span class='ocrx_word' id='word_1_103' title='bbox 477 2008 511 2042; x_wconf 78' lang='lat' dir='ltr'><strong>a</strong></span> <span class='ocrx_word' id='word_1_104' title='bbox 553 1991 807 2044; x_wconf 77' lang='lat' dir='ltr'><strong>divisione</strong></span> <span class='ocrx_word' id='word_1_105' title='bbox 850 2008 947 2057; x_wconf 87' lang='lat' dir='ltr'><strong>per</strong></span> <span class='ocrx_word' id='word_1_106' title='bbox 989 1996 1182 2045; x_wconf 71' lang='lat' dir='ltr'><strong>classen</strong></span> <span class='ocrx_word' id='word_1_107' title='bbox 1222 1995 1332 2047; x_wconf 81' lang='lat' dir='ltr'><strong>sive</strong></span> 
     </span>
    </p>
   </div>
   <div class='ocr_carea' id='block_1_7' title="bbox 258 2068 1347 2124">
    <p class='ocr_par' dir='ltr' id='par_1_7' title="bbox 258 2068 1347 2124">
     <span class='ocr_line' id='line_1_20' title="bbox 258 2068 1347 2124; baseline 0.005 -5"><span class='ocrx_word' id='word_1_108' title='bbox 258 2068 553 2121; x_wconf 74' lang='lat' dir='ltr'><strong>centurias.</strong></span> <span class='ocrx_word' id='word_1_109' title='bbox 617 2069 806 2120; x_wconf 84' lang='lat' dir='ltr'><strong>Verum</strong></span> <span class='ocrx_word' id='word_1_110' title='bbox 846 2072 908 2122; x_wconf 88' lang='lat' dir='ltr'><strong>C.</strong></span> <span class='ocrx_word' id='word_1_111' title='bbox 947 2071 1215 2123; x_wconf 75' lang='lat' dir='ltr'><strong>Gracchus</strong></span> <span class='ocrx_word' id='word_1_112' title='bbox 1258 2074 1347 2124; x_wconf 41' lang='lat' dir='ltr'><strong>le*</strong></span> 
     </span>
    </p>
   </div>
   <div class='ocr_carea' id='block_1_8' title="bbox 248 2147 1331 4303">
    <p class='ocr_par' dir='ltr' id='par_1_8' title="bbox 248 2147 1331 3528">
     <span class='ocr_line' id='line_1_21' title="bbox 256 2147 1330 2217; baseline 0.004 -20"><span class='ocrx_word' id='word_1_113' title='bbox 256 2153 385 2211; x_wconf 60' lang='lat' dir='ltr'><strong>gem</strong></span> <span class='ocrx_word' id='word_1_114' title='bbox 398 2147 761 2212; x_wconf 73' lang='lat' dir='ltr'><strong>promulgavit,</strong></span> <span class='ocrx_word' id='word_1_115' title='bbox 780 2155 838 2198; x_wconf 80' lang='lat' dir='ltr'><strong>nt</strong></span> <span class='ocrx_word' id='word_1_116' title='bbox 857 2161 924 2199; x_wconf 79' lang='lat' dir='ltr'><strong>ex</strong></span> <span class='ocrx_word' id='word_1_117' title='bbox 937 2148 1168 2201; x_wconf 83' lang='lat' dir='ltr'><strong>confusis</strong></span> <span class='ocrx_word' id='word_1_118' title='bbox 1181 2151 1330 2217; x_wconf 89' lang='lat' dir='ltr'><strong>quin·</strong></span> 
     </span>
     <span class='ocr_line' id='line_1_22' title="bbox 252 2224 1331 2288; baseline 0.005 -15"><span class='ocrx_word' id='word_1_119' title='bbox 252 2224 653 2288; x_wconf 77' lang='lat' dir='ltr'><strong>que-classibus</strong></span> <span class='ocrx_word' id='word_1_120' title='bbox 688 2232 830 2277; x_wconf 83' lang='lat' dir='ltr'><strong>sorte</strong></span> <span class='ocrx_word' id='word_1_121' title='bbox 871 2235 1176 2279; x_wconf 80' lang='lat' dir='ltr'><strong>vocarentur</strong></span> <span class='ocrx_word' id='word_1_122' title='bbox 1211 2244 1331 2280; x_wconf 88' lang='lat' dir='ltr'><strong>cen·</strong></span> 
     </span>
     <span class='ocr_line' id='line_1_23' title="bbox 256 2298 1330 2372; baseline 0.007 -22"><span class='ocrx_word' id='word_1_123' title='bbox 256 2298 441 2351; x_wconf 61' lang='lat' dir='ltr'><strong>turin.</strong></span> <span class='ocrx_word' id='word_1_124' title='bbox 509 2302 578 2351; x_wconf 87' lang='lat' dir='ltr'><strong>Et</strong></span> <span class='ocrx_word' id='word_1_125' title='bbox 613 2301 899 2368; x_wconf 81' lang='lat' dir='ltr'><strong>postremis&#39;</strong></span> <span class='ocrx_word' id='word_1_126' title='bbox 925 2307 1055 2370; x_wconf 88' lang='lat' dir='ltr'><strong>reip.</strong></span> <span class='ocrx_word' id='word_1_127' title='bbox 1088 2308 1330 2372; x_wconf 84' lang='lat' dir='ltr'><strong>tempori·</strong></span> 
     </span>
     <span class='ocr_line' id='line_1_24' title="bbox 258 2376 1328 2447; baseline 0.005 -17"><span class='ocrx_word' id='word_1_128' title='bbox 258 2376 365 2430; x_wconf 80' lang='lat' dir='ltr'><strong>hus</strong></span> <span class='ocrx_word' id='word_1_129' title='bbox 406 2378 600 2430; x_wconf 81' lang='lat' dir='ltr'><strong>classes</strong></span> <span class='ocrx_word' id='word_1_130' title='bbox 642 2387 697 2429; x_wconf 86' lang='lat' dir='ltr'><strong>et</strong></span> <span class='ocrx_word' id='word_1_131' title='bbox 735 2383 984 2432; x_wconf 61' lang='lat' dir='ltr'><strong>centuria</strong></span> <span class='ocrx_word' id='word_1_132' title='bbox 1022 2391 1200 2447; x_wconf 71' lang='lat' dir='ltr'><strong>partes</strong></span> <span class='ocrx_word' id='word_1_133' title='bbox 1237 2386 1328 2435; x_wconf 85' lang='lat' dir='ltr'><strong>tri·</strong></span> 
     </span>
     <span class='ocr_line' id='line_1_25' title="bbox 254 2454 1327 2515; baseline 0.007 -9"><span class='ocrx_word' id='word_1_134' title='bbox 254 2454 431 2506; x_wconf 77' lang='lat' dir='ltr'><strong>buum</strong></span> <span class='ocrx_word' id='word_1_135' title='bbox 468 2454 712 2509; x_wconf 80' lang='lat' dir='ltr'><strong>fuerunt:</strong></span> <span class='ocrx_word' id='word_1_136' title='bbox 749 2475 810 2510; x_wconf 86' lang='lat' dir='ltr'><strong>ac</strong></span> <span class='ocrx_word' id='word_1_137' title='bbox 849 2461 1063 2515; x_wconf 59' lang='lat' dir='ltr'><strong>tunmin</strong></span> <span class='ocrx_word' id='word_1_138' title='bbox 1107 2464 1327 2513; x_wconf 82' lang='lat' dir='ltr'><strong>comitiis</strong></span> 
     </span>
     <span class='ocr_line' id='line_1_26' title="bbox 257 2533 1326 2607; baseline 0.007 -24"><span class='ocrx_word' id='word_1_139' title='bbox 257 2533 481 2584; x_wconf 76' lang='lat' dir='ltr'><strong>sortitio</strong></span> <span class='ocrx_word' id='word_1_140' title='bbox 518 2534 681 2587; x_wconf 82' lang='lat' dir='ltr'><strong>fiebat</strong></span> <span class='ocrx_word' id='word_1_141' title='bbox 718 2537 942 2607; x_wconf 77' lang='lat' dir='ltr'><strong>tribuum</strong></span> <span class='ocrx_word' id='word_1_142' title='bbox 967 2540 1172 2603; x_wconf 78' lang='lat' dir='ltr'><strong>primo,</strong></span> <span class='ocrx_word' id='word_1_143' title='bbox 1217 2546 1326 2590; x_wconf 90' lang='lat' dir='ltr'><strong>tum</strong></span> 
     </span>
     <span class='ocr_line' id='line_1_27' title="bbox 258 2607 1326 2684; baseline 0.007 -25"><span class='ocrx_word' id='word_1_144' title='bbox 258 2607 622 2684; x_wconf 73' lang='lat' dir='ltr'><strong>centuriarum</strong></span> <span class='ocrx_word' id='word_1_145' title='bbox 644 2612 759 2678; x_wconf 84' lang='lat' dir='ltr'><strong>ejus</strong></span> <span class='ocrx_word' id='word_1_146' title='bbox 807 2613 990 2677; x_wconf 84' lang='lat' dir='ltr'><strong>tribus,</strong></span> <span class='ocrx_word' id='word_1_147' title='bbox 1025 2616 1174 2681; x_wconf 84' lang='lat' dir='ltr'><strong>cujus</strong></span> <span class='ocrx_word' id='word_1_148' title='bbox 1217 2631 1326 2666; x_wconf 84' lang='lat' dir='ltr'><strong>sors</strong></span> 
     </span>
     <span class='ocr_line' id='line_1_28' title="bbox 265 2687 1325 2756; baseline 0.007 -19"><span class='ocrx_word' id='word_1_149' title='bbox 265 2687 442 2751; x_wconf 67' lang='lat' dir='ltr'><strong>prima</strong></span> <span class='ocrx_word' id='word_1_150' title='bbox 453 2688 669 2740; x_wconf 77' lang='lat' dir='ltr'><strong>exiisset</strong></span> <span class='ocrx_word' id='word_1_151' title='bbox 684 2705 700 2739; x_wconf 68' lang='grc' dir='ltr'>ι</span> <span class='ocrx_word' id='word_1_152' title='bbox 725 2696 784 2740; x_wconf 87' lang='lat' dir='ltr'><strong>nt</strong></span> <span class='ocrx_word' id='word_1_153' title='bbox 795 2693 1048 2755; x_wconf 73' lang='lat' dir='ltr'><strong>centurie,</strong></span> <span class='ocrx_word' id='word_1_154' title='bbox 1065 2693 1149 2756; x_wconf 84' lang='lat' dir='ltr'><strong>cuj</strong></span> <span class='ocrx_word' id='word_1_155' title='bbox 1156 2708 1213 2743; x_wconf 89' lang='lat' dir='ltr'><strong>us</strong></span> <span class='ocrx_word' id='word_1_156' title='bbox 1238 2708 1325 2744; x_wconf 87' lang='lat' dir='ltr'><strong>no·</strong></span> 
     </span>
     <span class='ocr_line' id='line_1_29' title="bbox 259 2765 1325 2830; baseline 0.007 -16"><span class='ocrx_word' id='word_1_157' title='bbox 259 2778 391 2815; x_wconf 83' lang='lat' dir='ltr'><strong>sneu</strong></span> <span class='ocrx_word' id='word_1_158' title='bbox 462 2765 628 2830; x_wconf 86' lang='lat' dir='ltr'><strong>primo</strong></span> <span class='ocrx_word' id='word_1_159' title='bbox 687 2767 798 2818; x_wconf 89' lang='lat' dir='ltr'><strong>loco</strong></span> <span class='ocrx_word' id='word_1_160' title='bbox 858 2768 1103 2820; x_wconf 82' lang='lat' dir='ltr'><strong>eductum</strong></span> <span class='ocrx_word' id='word_1_161' title='bbox 1166 2778 1325 2829; x_wconf 85' lang='lat' dir='ltr'><strong>esset,</strong></span> 
     </span>
     <span class='ocr_line' id='line_1_30' title="bbox 265 2842 1325 2914; baseline 0.006 -21"><span class='ocrx_word' id='word_1_162' title='bbox 265 2842 443 2907; x_wconf 81' lang='lat' dir='ltr'><strong>primo</strong></span> <span class='ocrx_word' id='word_1_163' title='bbox 477 2844 591 2893; x_wconf 84' lang='lat' dir='ltr'><strong>loco</strong></span> <span class='ocrx_word' id='word_1_164' title='bbox 624 2842 925 2910; x_wconf 76' lang='lat' dir='ltr'><strong>suffragium</strong></span> <span class='ocrx_word' id='word_1_165' title='bbox 964 2844 1159 2910; x_wconf 81' lang='lat' dir='ltr'><strong>ferret;</strong></span> <span class='ocrx_word' id='word_1_166' title='bbox 1211 2864 1325 2914; x_wconf 76' lang='lat' dir='ltr'><strong>quae</strong></span> 
     </span>
     <span class='ocr_line' id='line_1_31' title="bbox 256 2921 1326 2991; baseline 0.006 -22"><span class='ocrx_word' id='word_1_167' title='bbox 256 2921 624 2986; x_wconf 71' lang='lat' dir='ltr'><strong>praemgativa</strong></span> <span class='ocrx_word' id='word_1_168' title='bbox 633 2924 869 2974; x_wconf 89' lang='lat' dir='ltr'><strong>centuria</strong></span> <span class='ocrx_word' id='word_1_169' title='bbox 881 2923 1173 2991; x_wconf 76' lang='lat' dir='ltr'><strong>dicebatur,</strong></span> <span class='ocrx_word' id='word_1_170' title='bbox 1188 2925 1326 2991; x_wconf 89' lang='lat' dir='ltr'><strong>quod</strong></span> 
     </span>
     <span class='ocr_line' id='line_1_32' title="bbox 259 2999 1322 3067; baseline 0.006 -20"><span class='ocrx_word' id='word_1_171' title='bbox 259 3011 380 3061; x_wconf 60' lang='grc' dir='ltr'><strong>με</strong></span> <span class='ocrx_word' id='word_1_172' title='bbox 437 2999 628 3050; x_wconf 83' lang='lat' dir='ltr'><strong>ceteris</strong></span> <span class='ocrx_word' id='word_1_173' title='bbox 671 3001 980 3051; x_wconf 81' lang='lat' dir='ltr'><strong>senteutiam</strong></span> <span class='ocrx_word' id='word_1_174' title='bbox 1037 3010 1322 3067; x_wconf 73' lang='lat' dir='ltr'><strong>rogaretur.</strong></span> 
     </span>
     <span class='ocr_line' id='line_1_33' title="bbox 258 3073 1324 3143; baseline 0.004 -18"><span class='ocrx_word' id='word_1_175' title='bbox 258 3073 504 3142; x_wconf 65' lang='lat' dir='ltr'><strong>Reliqua</strong></span> <span class='ocrx_word' id='word_1_176' title='bbox 559 3075 767 3143; x_wconf 84' lang='lat' dir='ltr'><strong>deinde,</strong></span> <span class='ocrx_word' id='word_1_177' title='bbox 827 3085 1032 3130; x_wconf 76' lang='lat' dir='ltr'><strong>servato</strong></span> <span class='ocrx_word' id='word_1_178' title='bbox 1085 3081 1324 3131; x_wconf 73' lang='lat' dir='ltr'><strong>classium</strong></span> 
     </span>
     <span class='ocr_line' id='line_1_34' title="bbox 254 3152 1325 3218; baseline 0.003 -15"><span class='ocrx_word' id='word_1_179' title='bbox 254 3152 450 3204; x_wconf 70' lang='lat' dir='ltr'><strong>ordine</strong></span> <span class='ocrx_word' id='word_1_180' title='bbox 490 3154 726 3218; x_wconf 81' lang='lat' dir='ltr'><strong>pristino,</strong></span> <span class='ocrx_word' id='word_1_181' title='bbox 787 3156 1105 3207; x_wconf 83' lang='lat' dir='ltr'><strong>vocabantur</strong></span> <span class='ocrx_word' id='word_1_182' title='bbox 1149 3156 1215 3207; x_wconf 87' lang='lat' dir='ltr'><strong>ad</strong></span> <span class='ocrx_word' id='word_1_183' title='bbox 1248 3154 1325 3206; x_wconf 85' lang='lat' dir='ltr'><strong>fe·</strong></span> 
     </span>
     <span class='ocr_line' id='line_1_35' title="bbox 248 3229 1323 3299; baseline 0.005 -20"><span class='ocrx_word' id='word_1_184' title='bbox 248 3229 483 3283; x_wconf 75' lang='lat' dir='ltr'><strong>sendum</strong></span> <span class='ocrx_word' id='word_1_185' title='bbox 544 3229 862 3297; x_wconf 78' lang='lat' dir='ltr'><strong>suffragium,</strong></span> <span class='ocrx_word' id='word_1_186' title='bbox 918 3234 1043 3298; x_wconf 87' lang='lat' dir='ltr'><strong>jure</strong></span> <span class='ocrx_word' id='word_1_187' title='bbox 1104 3248 1323 3299; x_wconf 78' lang='lat' dir='ltr'><strong>quaeque</strong></span> 
     </span>
     <span class='ocr_line' id='line_1_36' title="bbox 253 3309 1323 3376; baseline -0.002 -13"><span class='ocrx_word' id='word_1_188' title='bbox 253 3323 379 3373; x_wconf 65' lang='lat' dir='ltr'><strong>fluo,</strong></span> <span class='ocrx_word' id='word_1_189' title='bbox 431 3309 841 3376; x_wconf 75' lang='lat' dir='ltr'><strong>dicebanturque</strong></span> <span class='ocrx_word' id='word_1_190' title='bbox 901 3311 1100 3361; x_wconf 87' lang='lat' dir='ltr'><strong>idcirco</strong></span> <span class='ocrx_word' id='word_1_191' title='bbox 1167 3312 1184 3340; x_wconf 80' lang='lat'><strong>⁴</strong></span> <span class='ocrx_word' id='word_1_192' title='bbox 1198 3312 1323 3376; x_wconf 87' lang='lat' dir='ltr'><strong>jure</strong></span> 
     </span>
     <span class='ocr_line' id='line_1_37' title="bbox 254 3385 1321 3455; baseline 0.004 -19"><span class='ocrx_word' id='word_1_193' title='bbox 254 3385 504 3450; x_wconf 50' lang='grc' dir='ltr'><strong>’θωπί</strong></span> <span class='ocrx_word' id='word_1_194' title='bbox 537 3402 651 3453; x_wconf 78' lang='lat' dir='ltr'><strong>qnoe</strong></span> <span class='ocrx_word' id='word_1_195' title='bbox 690 3401 894 3452; x_wconf 84' lang='lat' dir='ltr'><strong>semper</strong></span> <span class='ocrx_word' id='word_1_196' title='bbox 924 3387 1038 3440; x_wconf 88' lang='lat' dir='ltr'><strong>fere</strong></span> <span class='ocrx_word' id='word_1_197' title='bbox 1062 3404 1321 3455; x_wconf 79' lang='lat' dir='ltr'><strong>praeroga·</strong></span> 
     </span>
     <span class='ocr_line' id='line_1_38' title="bbox 256 3462 1115 3528; baseline 0.003 -15"><span class='ocrx_word' id='word_1_198' title='bbox 256 3462 387 3513; x_wconf 69' lang='lat' dir='ltr'><strong>tiva</strong></span> <span class='ocrx_word' id='word_1_199' title='bbox 410 3463 773 3528; x_wconf 81' lang='lat' dir='ltr'><strong>sequebantur-</strong></span> <span class='ocrx_word' id='word_1_200' title='bbox 786 3465 1115 3516; x_wconf 85' lang='lat' dir='ltr'><strong>senteutiam.</strong></span> 
     </span>
    </p>

    <p class='ocr_par' dir='ltr' id='par_1_9' title="bbox 250 3541 1322 4303">
     <span class='ocr_line' id='line_1_39' title="bbox 290 3541 1319 3608; baseline 0.004 -18"><span class='ocrx_word' id='word_1_201' title='bbox 290 3548 351 3599; x_wconf 54' lang='grc' dir='ltr'><strong>ΛΞ</strong></span> <span class='ocrx_word' id='word_1_202' title='bbox 383 3541 507 3590; x_wconf 75' lang='lat' dir='ltr'><strong>Pont</strong></span> <span class='ocrx_word' id='word_1_203' title='bbox 543 3543 755 3606; x_wconf 59' lang='lat' dir='ltr'><strong>ewletes</strong></span> <span class='ocrx_word' id='word_1_204' title='bbox 788 3542 991 3608; x_wconf 72' lang='lat' dir='ltr'><strong>quinque</strong></span> <span class='ocrx_word' id='word_1_205' title='bbox 1022 3549 1073 3594; x_wconf 76' lang='lat' dir='ltr'><strong>et</strong></span> <span class='ocrx_word' id='word_1_206' title='bbox 1113 3544 1319 3606; x_wconf 73' lang='lat' dir='ltr'><strong>triginta</strong></span> 
     </span>
     <span class='ocr_line' id='line_1_40' title="bbox 251 3616 1318 3684; baseline 0.003 -16"><span class='ocrx_word' id='word_1_207' title='bbox 251 3616 437 3680; x_wconf 73' lang='lat' dir='ltr'><strong>tribus]</strong></span> <span class='ocrx_word' id='word_1_208' title='bbox 459 3617 619 3667; x_wconf 87' lang='lat' dir='ltr'><strong>Initio</strong></span> <span class='ocrx_word' id='word_1_209' title='bbox 639 3618 883 3671; x_wconf 75' lang='lat' dir='ltr'><strong>Romulus</strong></span> <span class='ocrx_word' id='word_1_210' title='bbox 908 3620 1200 3673; x_wconf 83' lang='lat' dir='ltr'><strong>universum</strong></span> <span class='ocrx_word' id='word_1_211' title='bbox 1226 3634 1318 3684; x_wconf 90' lang='lat' dir='ltr'><strong>po·</strong></span> 
     </span>
     <span class='ocr_line' id='line_1_41' title="bbox 254 3696 1317 3764; baseline 0.002 -17"><span class='ocrx_word' id='word_1_212' title='bbox 254 3697 440 3761; x_wconf 82' lang='lat' dir='ltr'><strong>pulum</strong></span> <span class='ocrx_word' id='word_1_213' title='bbox 484 3696 537 3745; x_wconf 92' lang='lat' dir='ltr'><strong>in</strong></span> <span class='ocrx_word' id='word_1_214' title='bbox 579 3707 683 3747; x_wconf 82' lang='lat' dir='ltr'><strong>tres</strong></span> <span class='ocrx_word' id='word_1_215' title='bbox 721 3698 973 3751; x_wconf 77' lang='lat' dir='ltr'><strong>diviserat</strong></span> <span class='ocrx_word' id='word_1_216' title='bbox 1012 3699 1193 3757; x_wconf 79' lang='lat' dir='ltr'><strong>tribus,</strong></span> <span class='ocrx_word' id='word_1_217' title='bbox 1227 3713 1317 3764; x_wconf 74' lang='lat' dir='ltr'><strong>ge·</strong></span> 
     </span>
     <span class='ocr_line' id='line_1_42' title="bbox 251 3773 1318 3839; baseline 0 -14"><span class='ocrx_word' id='word_1_218' title='bbox 251 3786 403 3836; x_wconf 83' lang='lat' dir='ltr'><strong>nere,</strong></span> <span class='ocrx_word' id='word_1_219' title='bbox 423 3773 652 3839; x_wconf 85' lang='lat' dir='ltr'><strong>locisque</strong></span> <span class='ocrx_word' id='word_1_220' title='bbox 674 3774 969 3826; x_wconf 77' lang='lat' dir='ltr'><strong>distinctas.</strong></span> <span class='ocrx_word' id='word_1_221' title='bbox 1013 3778 1169 3829; x_wconf 86' lang='lat' dir='ltr'><strong>Nunc</strong></span> <span class='ocrx_word' id='word_1_222' title='bbox 1200 3777 1318 3827; x_wconf 88' lang='lat' dir='ltr'><strong>Ser-</strong></span> 
     </span>
     <span class='ocr_line' id='line_1_43' title="bbox 255 3850 1317 3916; baseline 0.002 -15"><span class='ocrx_word' id='word_1_223' title='bbox 255 3851 370 3901; x_wconf 82' lang='lat' dir='ltr'><strong>vius</strong></span> <span class='ocrx_word' id='word_1_224' title='bbox 393 3850 617 3912; x_wconf 76' lang='lat' dir='ltr'><strong>Tullius,</strong></span> <span class='ocrx_word' id='word_1_225' title='bbox 645 3852 884 3916; x_wconf 83' lang='lat' dir='ltr'><strong>quoniam</strong></span> <span class='ocrx_word' id='word_1_226' title='bbox 924 3851 975 3901; x_wconf 90' lang='lat' dir='ltr'><strong>in</strong></span> <span class='ocrx_word' id='word_1_227' title='bbox 1015 3851 1317 3903; x_wconf 83' lang='lat' dir='ltr'><strong>immensum</strong></span> 
     </span>
     <span class='ocr_line' id='line_1_44' title="bbox 253 3919 1314 3985; baseline -0.003 -4"><span class='ocrx_word' id='word_1_228' title='bbox 253 3932 595 3985; x_wconf 79' lang='lat' dir='ltr'><strong>excreverat·</strong></span> <span class='ocrx_word' id='word_1_229' title='bbox 617 3942 861 3978; x_wconf 84' lang='lat' dir='ltr'><strong>numerus</strong></span> <span class='ocrx_word' id='word_1_230' title='bbox 909 3919 1314 3980; x_wconf 78' lang='lat' dir='ltr'><strong>adventitiorum</strong></span> 
     </span>
     <span class='ocr_line' id='line_1_45' title="bbox 255 4004 1316 4072; baseline -0.003 -16"><span class='ocrx_word' id='word_1_231' title='bbox 255 4006 348 4072; x_wconf 79' lang='lat' dir='ltr'><strong>qni</strong></span> <span class='ocrx_word' id='word_1_232' title='bbox 373 4004 661 4058; x_wconf 66' lang='lat' dir='ltr'><strong>nucerinus</strong></span> <span class='ocrx_word' id='word_1_233' title='bbox 697 4005 1135 4070; x_wconf 71' lang='lat' dir='ltr'><strong>adjungebantur,</strong></span> <span class='ocrx_word' id='word_1_234' title='bbox 1166 4004 1316 4054; x_wconf 82' lang='lat' dir='ltr'><strong>aliam</strong></span> 
     </span>
     <span class='ocr_line' id='line_1_46' title="bbox 250 4081 1322 4147; baseline -0.002 -12"><span class='ocrx_word' id='word_1_235' title='bbox 250 4081 487 4137; x_wconf 75' lang='lat' dir='ltr'><strong>instituit</strong></span> <span class='ocrx_word' id='word_1_236' title='bbox 510 4081 810 4135; x_wconf 73' lang='lat' dir='ltr'><strong>divisionem</strong></span> <span class='ocrx_word' id='word_1_237' title='bbox 829 4084 882 4134; x_wconf 90' lang='lat' dir='ltr'><strong>in</strong></span> <span class='ocrx_word' id='word_1_238' title='bbox 898 4084 1062 4134; x_wconf 79' lang='lat' dir='ltr'><strong>tribus</strong></span> <span class='ocrx_word' id='word_1_239' title='bbox 1080 4089 1322 4147; x_wconf 81' lang='lat' dir='ltr'><strong>quatuor,</strong></span> 
     </span>
     <span class='ocr_line' id='line_1_47' title="bbox 253 4159 1314 4224; baseline -0.003 -11"><span class='ocrx_word' id='word_1_240' title='bbox 253 4160 441 4213; x_wconf 72' lang='lat' dir='ltr'><strong>habita</strong></span> <span class='ocrx_word' id='word_1_241' title='bbox 465 4159 731 4224; x_wconf 78' lang='lat' dir='ltr'><strong>regionum</strong></span> <span class='ocrx_word' id='word_1_242' title='bbox 758 4161 901 4213; x_wconf 79' lang='lat' dir='ltr'><strong>urbia</strong></span> <span class='ocrx_word' id='word_1_243' title='bbox 923 4162 1142 4211; x_wconf 82' lang='lat' dir='ltr'><strong>ratione.</strong></span> <span class='ocrx_word' id='word_1_244' title='bbox 1170 4160 1314 4210; x_wconf 78' lang='lat' dir='ltr'><strong>idem</strong></span> 
     </span>
     <span class='ocr_line' id='line_1_48' title="bbox 251 4236 1315 4303; baseline 0.001 -15"><span class='ocrx_word' id='word_1_245' title='bbox 251 4239 329 4288; x_wconf 82' lang='lat' dir='ltr'><strong>his</strong></span> <span class='ocrx_word' id='word_1_246' title='bbox 353 4237 566 4288; x_wconf 84' lang='lat' dir='ltr'><strong>urbanis</strong></span> <span class='ocrx_word' id='word_1_247' title='bbox 594 4236 826 4289; x_wconf 73' lang='lat' dir='ltr'><strong>tribubus</strong></span> <span class='ocrx_word' id='word_1_248' title='bbox 858 4240 1076 4290; x_wconf 81' lang='lat' dir='ltr'><strong>rusticas</strong></span> <span class='ocrx_word' id='word_1_249' title='bbox 1099 4237 1315 4303; x_wconf 84' lang='lat' dir='ltr'><strong>adjecit.</strong></span> 
     </span>
    </p>
   </div>
   <div class='ocr_carea' id='block_1_9' title="bbox 254 4316 1348 4395">
    <p class='ocr_par' dir='ltr' id='par_1_10' title="bbox 254 4316 1348 4395">
     <span class='ocr_line' id='line_1_49' title="bbox 254 4316 1348 4395; baseline 0 -26"><span class='ocrx_word' id='word_1_250' title='bbox 254 4316 343 4369; x_wconf 88' lang='lat' dir='ltr'><strong>De</strong></span> <span class='ocrx_word' id='word_1_251' title='bbox 364 4330 583 4368; x_wconf 85' lang='lat' dir='ltr'><strong>numero</strong></span> <span class='ocrx_word' id='word_1_252' title='bbox 604 4316 770 4369; x_wconf 84' lang='lat' dir='ltr'><strong>minus</strong></span> <span class='ocrx_word' id='word_1_253' title='bbox 792 4325 1018 4372; x_wconf 78' lang='lat' dir='ltr'><strong>constat.</strong></span> <span class='ocrx_word' id='word_1_254' title='bbox 1070 4317 1175 4371; x_wconf 87' lang='lat' dir='ltr'><strong>Sed</strong></span> <span class='ocrx_word' id='word_1_255' title='bbox 1199 4331 1315 4373; x_wconf 82' lang='lat' dir='ltr'><strong>cum</strong></span> <span class='ocrx_word' id='word_1_256' title='bbox 1334 4384 1348 4395; x_wconf 37' lang='grc'>,</span> 
     </span>
    </p>
   </div>
   <div class='ocr_carea' id='block_1_10' title="bbox 1388 1296 2473 4384">
    <p class='ocr_par' dir='ltr' id='par_1_11' title="bbox 1388 1296 2473 4307">
     <span class='ocr_line' id='line_1_50' title="bbox 1410 1296 2473 1367; baseline 0.005 -19"><span class='ocrx_word' id='word_1_257' title='bbox 1410 1296 1618 1348; x_wconf 85' lang='lat' dir='ltr'><strong>Auctor</strong></span> <span class='ocrx_word' id='word_1_258' title='bbox 1651 1298 1962 1350; x_wconf 83' lang='lat' dir='ltr'><strong>constitutas</strong></span> <span class='ocrx_word' id='word_1_259' title='bbox 1999 1300 2215 1364; x_wconf 78' lang='lat' dir='ltr'><strong>triginta</strong></span> <span class='ocrx_word' id='word_1_260' title='bbox 2247 1301 2473 1367; x_wconf 87' lang='lat' dir='ltr'><strong>quinque</strong></span> 
     </span>
     <span class='ocr_line' id='line_1_51' title="bbox 1412 1373 2472 1435; baseline 0.003 -9"><span class='ocrx_word' id='word_1_261' title='bbox 1412 1374 1575 1426; x_wconf 83' lang='lat' dir='ltr'><strong>tribus</strong></span> <span class='ocrx_word' id='word_1_262' title='bbox 1596 1373 1756 1427; x_wconf 80' lang='lat' dir='ltr'><strong>fuisse</strong></span> <span class='ocrx_word' id='word_1_263' title='bbox 1778 1376 1972 1427; x_wconf 81' lang='lat' dir='ltr'><strong>diserte</strong></span> <span class='ocrx_word' id='word_1_264' title='bbox 1992 1376 2157 1435; x_wconf 82' lang='lat' dir='ltr'><strong>dicat,</strong></span> <span class='ocrx_word' id='word_1_265' title='bbox 2177 1391 2353 1428; x_wconf 87' lang='lat' dir='ltr'><strong>earum</strong></span> <span class='ocrx_word' id='word_1_266' title='bbox 2376 1393 2472 1429; x_wconf 89' lang='lat' dir='ltr'><strong>nu·</strong></span> 
     </span>
     <span class='ocr_line' id='line_1_52' title="bbox 1409 1451 2470 1517; baseline 0.003 -16"><span class='ocrx_word' id='word_1_267' title='bbox 1409 1466 1556 1502; x_wconf 86' lang='lat' dir='ltr'><strong>mero</strong></span> <span class='ocrx_word' id='word_1_268' title='bbox 1593 1451 1879 1517; x_wconf 82' lang='lat' dir='ltr'><strong>duplicato,</strong></span> <span class='ocrx_word' id='word_1_269' title='bbox 1911 1451 2135 1503; x_wconf 84' lang='lat' dir='ltr'><strong>tribuum</strong></span> <span class='ocrx_word' id='word_1_270' title='bbox 2173 1462 2347 1503; x_wconf 84' lang='lat' dir='ltr'><strong>autem</strong></span> <span class='ocrx_word' id='word_1_271' title='bbox 2384 1469 2470 1504; x_wconf 90' lang='lat' dir='ltr'><strong>ur·</strong></span> 
     </span>
     <span class='ocr_line' id='line_1_53' title="bbox 1408 1528 2472 1594; baseline 0.002 -15"><span class='ocrx_word' id='word_1_272' title='bbox 1408 1528 1661 1580; x_wconf 79' lang='lat' dir='ltr'><strong>bauarurn</strong></span> <span class='ocrx_word' id='word_1_273' title='bbox 1683 1536 1867 1579; x_wconf 79' lang='lat' dir='ltr'><strong>anctus</strong></span> <span class='ocrx_word' id='word_1_274' title='bbox 1889 1544 2130 1580; x_wconf 84' lang='lat' dir='ltr'><strong>numerus</strong></span> <span class='ocrx_word' id='word_1_275' title='bbox 2152 1544 2254 1580; x_wconf 90' lang='lat' dir='ltr'><strong>non</strong></span> <span class='ocrx_word' id='word_1_276' title='bbox 2279 1528 2472 1594; x_wconf 74' lang='lat' dir='ltr'><strong>fuerit3</strong></span> 
     </span>
     <span class='ocr_line' id='line_1_54' title="bbox 1410 1605 2469 1671; baseline 0.002 -16"><span class='ocrx_word' id='word_1_277' title='bbox 1410 1618 1474 1655; x_wconf 90' lang='lat' dir='ltr'><strong>eo</strong></span> <span class='ocrx_word' id='word_1_278' title='bbox 1527 1605 1673 1656; x_wconf 86' lang='lat' dir='ltr'><strong>ducit</strong></span> <span class='ocrx_word' id='word_1_279' title='bbox 1714 1606 2036 1671; x_wconf 77' lang='lat' dir='ltr'><strong>conjectura,</strong></span> <span class='ocrx_word' id='word_1_280' title='bbox 2071 1613 2132 1658; x_wconf 86' lang='lat' dir='ltr'><strong>ut</strong></span> <span class='ocrx_word' id='word_1_281' title='bbox 2169 1607 2469 1671; x_wconf 80' lang='lat' dir='ltr'><strong>quindecim</strong></span> 
     </span>
     <span class='ocr_line' id='line_1_55' title="bbox 1410 1683 2470 1736; baseline 0.002 -2"><span class='ocrx_word' id='word_1_282' title='bbox 1410 1690 1611 1734; x_wconf 79' lang='lat' dir='ltr'><strong>tantum</strong></span> <span class='ocrx_word' id='word_1_283' title='bbox 1637 1683 1802 1735; x_wconf 84' lang='lat' dir='ltr'><strong>tribus</strong></span> <span class='ocrx_word' id='word_1_284' title='bbox 1825 1684 2031 1734; x_wconf 72' lang='lat' dir='ltr'><strong>rusticae</strong></span> <span class='ocrx_word' id='word_1_285' title='bbox 2052 1699 2086 1735; x_wconf 83' lang='lat' dir='ltr'><strong>a</strong></span> <span class='ocrx_word' id='word_1_286' title='bbox 2103 1684 2287 1735; x_wconf 82' lang='lat' dir='ltr'><strong>Servio</strong></span> <span class='ocrx_word' id='word_1_287' title='bbox 2300 1684 2470 1736; x_wconf 81' lang='lat' dir='ltr'><strong>Tullio</strong></span> 
     </span>
     <span class='ocr_line' id='line_1_56' title="bbox 1407 1759 2470 1828; baseline 0.003 -18"><span class='ocrx_word' id='word_1_288' title='bbox 1407 1759 1659 1811; x_wconf 64' lang='lat' dir='ltr'><strong>institute</strong></span> <span class='ocrx_word' id='word_1_289' title='bbox 1690 1761 1966 1812; x_wconf 82' lang='lat' dir='ltr'><strong>videantur</strong></span> <span class='ocrx_word' id='word_1_290' title='bbox 1987 1761 2040 1811; x_wconf 90' lang='lat' dir='ltr'><strong>iu</strong></span> <span class='ocrx_word' id='word_1_291' title='bbox 2064 1776 2193 1828; x_wconf 71' lang='lat' dir='ltr'><strong>agro</strong></span> <span class='ocrx_word' id='word_1_292' title='bbox 2216 1762 2470 1825; x_wconf 82' lang='lat' dir='ltr'><strong>Romano,</strong></span> 
     </span>
     <span class='ocr_line' id='line_1_57' title="bbox 1410 1836 2470 1903; baseline 0.003 -16"><span class='ocrx_word' id='word_1_293' title='bbox 1410 1837 1538 1888; x_wconf 88' lang='lat' dir='ltr'><strong>licet</strong></span> <span class='ocrx_word' id='word_1_294' title='bbox 1578 1836 1632 1887; x_wconf 83' lang='lat' dir='ltr'><strong>in</strong></span> <span class='ocrx_word' id='word_1_295' title='bbox 1677 1838 1852 1903; x_wconf 86' lang='lat' dir='ltr'><strong>plures</strong></span> <span class='ocrx_word' id='word_1_296' title='bbox 1891 1839 2126 1901; x_wconf 74' lang='lat' dir='ltr'><strong>regiones</strong></span> <span class='ocrx_word' id='word_1_297' title='bbox 2164 1839 2470 1901; x_wconf 74' lang='lat' dir='ltr'><strong>diatribnt03</strong></span> 
     </span>
     <span class='ocr_line' id='line_1_58' title="bbox 1410 1915 2467 1983; baseline 0.001 -18"><span class='ocrx_word' id='word_1_298' title='bbox 1410 1915 1597 1981; x_wconf 81' lang='lat' dir='ltr'><strong>quibus</strong></span> <span class='ocrx_word' id='word_1_299' title='bbox 1617 1917 1863 1981; x_wconf 71' lang='lat' dir='ltr'><strong>paulatim</strong></span> <span class='ocrx_word' id='word_1_300' title='bbox 1901 1917 2282 1983; x_wconf 81' lang='lat' dir='ltr'><strong>multiplicatis,</strong></span> <span class='ocrx_word' id='word_1_301' title='bbox 2319 1916 2467 1968; x_wconf 81' lang='lat' dir='ltr'><strong>addi-</strong></span> 
     </span>
     <span class='ocr_line' id='line_1_59' title="bbox 1412 1990 2467 2061; baseline -0.001 -16"><span class='ocrx_word' id='word_1_302' title='bbox 1412 2002 1478 2045; x_wconf 76' lang='lat' dir='ltr'><strong>tae</strong></span> <span class='ocrx_word' id='word_1_303' title='bbox 1501 1990 1702 2045; x_wconf 83' lang='lat' dir='ltr'><strong>fuerint</strong></span> <span class='ocrx_word' id='word_1_304' title='bbox 1727 1994 1942 2046; x_wconf 84' lang='lat' dir='ltr'><strong>totidem</strong></span> <span class='ocrx_word' id='word_1_305' title='bbox 1972 1995 2159 2054; x_wconf 71' lang='lat' dir='ltr'><strong>tribuo,</strong></span> <span class='ocrx_word' id='word_1_306' title='bbox 2185 2002 2341 2061; x_wconf 85' lang='lat' dir='ltr'><strong>atque</strong></span> <span class='ocrx_word' id='word_1_307' title='bbox 2364 2009 2467 2045; x_wconf 83' lang='lat' dir='ltr'><strong>una</strong></span> 
     </span>
     <span class='ocr_line' id='line_1_60' title="bbox 1409 2070 2472 2137; baseline -0.001 -15"><span class='ocrx_word' id='word_1_308' title='bbox 1409 2070 1655 2135; x_wconf 68' lang='lat' dir='ltr'><strong>amplius,</strong></span> <span class='ocrx_word' id='word_1_309' title='bbox 1708 2071 1950 2122; x_wconf 67' lang='lat' dir='ltr'><strong>servandi</strong></span> <span class='ocrx_word' id='word_1_310' title='bbox 2005 2073 2216 2137; x_wconf 84' lang='lat' dir='ltr'><strong>imparis</strong></span> <span class='ocrx_word' id='word_1_311' title='bbox 2272 2072 2472 2123; x_wconf 68' lang='lat' dir='ltr'><strong>numeri</strong></span> 
     </span>
     <span class='ocr_line' id='line_1_61' title="bbox 1408 2149 2465 2216; baseline 0.001 -18"><span class='ocrx_word' id='word_1_312' title='bbox 1408 2163 1599 2211; x_wconf 78' lang='lat' dir='ltr'><strong>causa3</strong></span> <span class='ocrx_word' id='word_1_313' title='bbox 1635 2165 1816 2216; x_wconf 80' lang='lat' dir='ltr'><strong>eaeque</strong></span> <span class='ocrx_word' id='word_1_314' title='bbox 1839 2150 1891 2200; x_wconf 92' lang='lat' dir='ltr'><strong>in</strong></span> <span class='ocrx_word' id='word_1_315' title='bbox 1927 2151 2101 2212; x_wconf 81' lang='lat' dir='ltr'><strong>Latio,</strong></span> <span class='ocrx_word' id='word_1_316' title='bbox 2137 2149 2359 2212; x_wconf 73' lang='lat' dir='ltr'><strong>Snbinin,</strong></span> <span class='ocrx_word' id='word_1_317' title='bbox 2395 2149 2465 2199; x_wconf 86' lang='lat' dir='ltr'><strong>E·</strong></span> 
     </span>
     <span class='ocr_line' id='line_1_62' title="bbox 1409 2227 2465 2292; baseline 0.002 -16"><span class='ocrx_word' id='word_1_318' title='bbox 1409 2228 1588 2284; x_wconf 84' lang='lat' dir='ltr'><strong>truria,</strong></span> <span class='ocrx_word' id='word_1_319' title='bbox 1622 2235 1678 2278; x_wconf 83' lang='lat' dir='ltr'><strong>et</strong></span> <span class='ocrx_word' id='word_1_320' title='bbox 1702 2228 2002 2292; x_wconf 74' lang='lat' dir='ltr'><strong>Campania.</strong></span> <span class='ocrx_word' id='word_1_321' title='bbox 2066 2227 2155 2278; x_wconf 84' lang='lat' dir='ltr'><strong>Sic</strong></span> <span class='ocrx_word' id='word_1_322' title='bbox 2188 2242 2465 2278; x_wconf 88' lang='lat' dir='ltr'><strong>connume-</strong></span> 
     </span>
     <span class='ocr_line' id='line_1_63' title="bbox 1409 2303 2464 2370; baseline -0.002 -16"><span class='ocrx_word' id='word_1_323' title='bbox 1409 2305 1535 2354; x_wconf 85' lang='lat' dir='ltr'><strong>ratis</strong></span> <span class='ocrx_word' id='word_1_324' title='bbox 1557 2314 1780 2370; x_wconf 86' lang='lat' dir='ltr'><strong>quatuor</strong></span> <span class='ocrx_word' id='word_1_325' title='bbox 1801 2304 2029 2366; x_wconf 85' lang='lat' dir='ltr'><strong>urbanis,</strong></span> <span class='ocrx_word' id='word_1_326' title='bbox 2069 2303 2233 2354; x_wconf 87' lang='lat' dir='ltr'><strong>tribus</strong></span> <span class='ocrx_word' id='word_1_327' title='bbox 2257 2304 2464 2353; x_wconf 90' lang='lat' dir='ltr'><strong>omnino</strong></span> 
     </span>
     <span class='ocr_line' id='line_1_64' title="bbox 1402 2379 2465 2443; baseline -0.002 -12"><span class='ocrx_word' id='word_1_328' title='bbox 1402 2381 1759 2432; x_wconf 75' lang='lat' dir='ltr'><strong>novemdecim</strong></span> <span class='ocrx_word' id='word_1_329' title='bbox 1785 2381 1932 2432; x_wconf 89' lang='lat' dir='ltr'><strong>initio</strong></span> <span class='ocrx_word' id='word_1_330' title='bbox 1958 2380 2121 2430; x_wconf 77' lang='lat' dir='ltr'><strong>fuere.</strong></span> <span class='ocrx_word' id='word_1_331' title='bbox 2168 2379 2264 2430; x_wconf 76' lang='lat' dir='ltr'><strong>His</strong></span> <span class='ocrx_word' id='word_1_332' title='bbox 2287 2379 2465 2443; x_wconf 84' lang='lat' dir='ltr'><strong>adjec-</strong></span> 
     </span>
     <span class='ocr_line' id='line_1_65' title="bbox 1407 2460 2463 2526; baseline -0.005 -14"><span class='ocrx_word' id='word_1_333' title='bbox 1407 2469 1475 2512; x_wconf 69' lang='grc' dir='ltr'><strong>ιω</strong></span> <span class='ocrx_word' id='word_1_334' title='bbox 1497 2460 1598 2511; x_wconf 86' lang='lat' dir='ltr'><strong>duo</strong></span> <span class='ocrx_word' id='word_1_335' title='bbox 1622 2460 1776 2526; x_wconf 75' lang='lat' dir='ltr'><strong>paulo</strong></span> <span class='ocrx_word' id='word_1_336' title='bbox 1798 2468 1919 2524; x_wconf 86' lang='lat' dir='ltr'><strong>post</strong></span> <span class='ocrx_word' id='word_1_337' title='bbox 1954 2473 2099 2523; x_wconf 77' lang='lat' dir='ltr'><strong>reges</strong></span> <span class='ocrx_word' id='word_1_338' title='bbox 2134 2464 2365 2518; x_wconf 79' lang='lat' dir='ltr'><strong>exactos,</strong></span> <span class='ocrx_word' id='word_1_339' title='bbox 2385 2464 2463 2507; x_wconf 82' lang='lat' dir='ltr'><strong>at·</strong></span> 
     </span>
     <span class='ocr_line' id='line_1_66' title="bbox 1404 2533 2464 2604; baseline -0.005 -16"><span class='ocrx_word' id='word_1_340' title='bbox 1404 2552 1507 2604; x_wconf 82' lang='lat' dir='ltr'><strong>quo</strong></span> <span class='ocrx_word' id='word_1_341' title='bbox 1530 2539 1601 2588; x_wconf 83' lang='lat' dir='ltr'><strong>ita</strong></span> <span class='ocrx_word' id='word_1_342' title='bbox 1625 2539 1788 2588; x_wconf 88' lang='lat' dir='ltr'><strong>tribus</strong></span> <span class='ocrx_word' id='word_1_343' title='bbox 1809 2552 1911 2587; x_wconf 74' lang='lat' dir='ltr'><strong>une</strong></span> <span class='ocrx_word' id='word_1_344' title='bbox 1925 2544 1980 2587; x_wconf 91' lang='lat' dir='ltr'><strong>et</strong></span> <span class='ocrx_word' id='word_1_345' title='bbox 2004 2535 2189 2601; x_wconf 74' lang='lat' dir='ltr'><strong>viginti</strong></span> <span class='ocrx_word' id='word_1_346' title='bbox 2205 2533 2383 2597; x_wconf 63' lang='lat' dir='ltr'><strong>factm,</strong></span> <span class='ocrx_word' id='word_1_347' title='bbox 2405 2542 2464 2584; x_wconf 82' lang='lat' dir='ltr'><strong>ut</strong></span> 
     </span>
     <span class='ocr_line' id='line_1_67' title="bbox 1403 2611 2456 2680; baseline -0.003 -16"><span class='ocrx_word' id='word_1_348' title='bbox 1403 2615 1492 2666; x_wconf 89' lang='lat' dir='ltr'><strong>lib.</strong></span> <span class='ocrx_word' id='word_1_349' title='bbox 1515 2614 1738 2680; x_wconf 72' lang='lat' dir='ltr'><strong>proximi</strong></span> <span class='ocrx_word' id='word_1_350' title='bbox 1761 2628 1875 2677; x_wconf 90' lang='lat' dir='ltr'><strong>cap.</strong></span> <span class='ocrx_word' id='word_1_351' title='bbox 1898 2616 1981 2664; x_wconf 71' lang='lat'><strong>21.</strong></span> <span class='ocrx_word' id='word_1_352' title='bbox 2015 2612 2253 2663; x_wconf 82' lang='lat' dir='ltr'><strong>habetur.</strong></span> <span class='ocrx_word' id='word_1_353' title='bbox 2321 2611 2456 2662; x_wconf 75' lang='lat' dir='ltr'><strong>Aliae</strong></span> 
     </span>
     <span class='ocr_line' id='line_1_68' title="bbox 1402 2689 2463 2755; baseline -0.004 -12"><span class='ocrx_word' id='word_1_354' title='bbox 1402 2691 1624 2743; x_wconf 80' lang='lat' dir='ltr'><strong>subinde</strong></span> <span class='ocrx_word' id='word_1_355' title='bbox 1662 2698 2012 2755; x_wconf 79' lang='lat' dir='ltr'><strong>accesserunt,</strong></span> <span class='ocrx_word' id='word_1_356' title='bbox 2048 2689 2214 2740; x_wconf 89' lang='lat' dir='ltr'><strong>donec</strong></span> <span class='ocrx_word' id='word_1_357' title='bbox 2246 2689 2463 2740; x_wconf 52' lang='lat' dir='ltr'><strong>subsan-</strong></span> 
     </span>
     <span class='ocr_line' id='line_1_69' title="bbox 1401 2768 2458 2841; baseline -0.003 -21"><span class='ocrx_word' id='word_1_358' title='bbox 1401 2784 1523 2820; x_wconf 89' lang='lat' dir='ltr'><strong>nnm</strong></span> <span class='ocrx_word' id='word_1_359' title='bbox 1545 2770 1613 2821; x_wconf 87' lang='lat' dir='ltr'><strong>U.</strong></span> <span class='ocrx_word' id='word_1_360' title='bbox 1633 2770 1694 2841; x_wconf 72' lang='lat' dir='ltr'><strong>Q.</strong></span> <span class='ocrx_word' id='word_1_361' title='bbox 1713 2773 1828 2820; x_wconf 75' lang='lat'><strong>512.</strong></span> <span class='ocrx_word' id='word_1_362' title='bbox 1849 2768 2094 2833; x_wconf 84' lang='lat' dir='ltr'><strong>expletus</strong></span> <span class='ocrx_word' id='word_1_363' title='bbox 2113 2774 2194 2818; x_wconf 81' lang='lat' dir='ltr'><strong>est</strong></span> <span class='ocrx_word' id='word_1_364' title='bbox 2216 2781 2458 2817; x_wconf 85' lang='lat' dir='ltr'><strong>numerus</strong></span> 
     </span>
     <span class='ocr_line' id='line_1_70' title="bbox 1402 2843 2457 2911; baseline -0.004 -14"><span class='ocrx_word' id='word_1_365' title='bbox 1402 2846 1627 2897; x_wconf 79' lang='lat' dir='ltr'><strong>tribuum</strong></span> <span class='ocrx_word' id='word_1_366' title='bbox 1676 2846 1889 2909; x_wconf 75' lang='lat' dir='ltr'><strong>triginta</strong></span> <span class='ocrx_word' id='word_1_367' title='bbox 1932 2845 2175 2911; x_wconf 74' lang='lat' dir='ltr'><strong>quiaque,</strong></span> <span class='ocrx_word' id='word_1_368' title='bbox 2235 2843 2457 2908; x_wconf 75' lang='lat' dir='ltr'><strong>adjectis</strong></span> 
     </span>
     <span class='ocr_line' id='line_1_71' title="bbox 1399 2919 2456 2986; baseline -0.004 -11"><span class='ocrx_word' id='word_1_369' title='bbox 1399 2923 1610 2975; x_wconf 84' lang='lat' dir='ltr'><strong>Velina.</strong></span> <span class='ocrx_word' id='word_1_370' title='bbox 1647 2930 1703 2974; x_wconf 91' lang='lat' dir='ltr'><strong>et</strong></span> <span class='ocrx_word' id='word_1_371' title='bbox 1745 2923 1982 2986; x_wconf 84' lang='lat' dir='ltr'><strong>Quirina,</strong></span> <span class='ocrx_word' id='word_1_372' title='bbox 2027 2930 2083 2973; x_wconf 88' lang='lat' dir='ltr'><strong>ut</strong></span> <span class='ocrx_word' id='word_1_373' title='bbox 2135 2919 2364 2973; x_wconf 84' lang='lat' dir='ltr'><strong>refertur</strong></span> <span class='ocrx_word' id='word_1_374' title='bbox 2404 2922 2456 2971; x_wconf 92' lang='lat' dir='ltr'><strong>in</strong></span> 
     </span>
     <span class='ocr_line' id='line_1_72' title="bbox 1399 2999 2457 3068; baseline -0.005 -15"><span class='ocrx_word' id='word_1_375' title='bbox 1399 3002 1542 3068; x_wconf 87' lang='lat' dir='ltr'><strong>Epit.</strong></span> <span class='ocrx_word' id='word_1_376' title='bbox 1561 3001 1651 3052; x_wconf 89' lang='lat' dir='ltr'><strong>lib.</strong></span> <span class='ocrx_word' id='word_1_377' title='bbox 1675 3014 1792 3052; x_wconf 76' lang='lat' dir='ltr'><strong>xix.</strong></span> <span class='ocrx_word' id='word_1_378' title='bbox 1841 3002 2032 3052; x_wconf 88' lang='lat' dir='ltr'><strong>Earum</strong></span> <span class='ocrx_word' id='word_1_379' title='bbox 2056 2999 2261 3053; x_wconf 83' lang='lat' dir='ltr'><strong>nomina</strong></span> <span class='ocrx_word' id='word_1_380' title='bbox 2284 2999 2457 3064; x_wconf 87' lang='lat' dir='ltr'><strong>primi·</strong></span> 
     </span>
     <span class='ocr_line' id='line_1_73' title="bbox 1402 3075 2458 3144; baseline -0.005 -13"><span class='ocrx_word' id='word_1_381' title='bbox 1402 3088 1485 3130; x_wconf 85' lang='lat' dir='ltr'><strong>tus</strong></span> <span class='ocrx_word' id='word_1_382' title='bbox 1506 3096 1537 3131; x_wconf 81' lang='lat' dir='ltr'><strong>a</strong></span> <span class='ocrx_word' id='word_1_383' title='bbox 1560 3080 1687 3131; x_wconf 80' lang='lat' dir='ltr'><strong>locis</strong></span> <span class='ocrx_word' id='word_1_384' title='bbox 1714 3079 1903 3144; x_wconf 75' lang='lat' dir='ltr'><strong>petite,</strong></span> <span class='ocrx_word' id='word_1_385' title='bbox 1933 3085 2054 3143; x_wconf 87' lang='lat' dir='ltr'><strong>post</strong></span> <span class='ocrx_word' id='word_1_386' title='bbox 2082 3093 2113 3128; x_wconf 89' lang='lat' dir='ltr'><strong>a</strong></span> <span class='ocrx_word' id='word_1_387' title='bbox 2135 3075 2345 3129; x_wconf 84' lang='lat' dir='ltr'><strong>familiis</strong></span> <span class='ocrx_word' id='word_1_388' title='bbox 2368 3091 2458 3141; x_wconf 77' lang='lat' dir='ltr'><strong>pn·</strong></span> 
     </span>
     <span class='ocr_line' id='line_1_74' title="bbox 1401 3155 2457 3222; baseline -0.005 -13"><span class='ocrx_word' id='word_1_389' title='bbox 1401 3157 1667 3209; x_wconf 87' lang='lat' dir='ltr'><strong>triciornm</strong></span> <span class='ocrx_word' id='word_1_390' title='bbox 1694 3158 2098 3222; x_wconf 73' lang='lat' dir='ltr'><strong>appellationem</strong></span> <span class='ocrx_word' id='word_1_391' title='bbox 2122 3155 2310 3220; x_wconf 75' lang='lat' dir='ltr'><strong>aliquae</strong></span> <span class='ocrx_word' id='word_1_392' title='bbox 2346 3155 2457 3205; x_wconf 85' lang='lat' dir='ltr'><strong>illa·</strong></span> 
     </span>
     <span class='ocr_line' id='line_1_75' title="bbox 1402 3230 2456 3296; baseline -0.005 -10"><span class='ocrx_word' id='word_1_393' title='bbox 1402 3250 1514 3287; x_wconf 88' lang='lat' dir='ltr'><strong>rum</strong></span> <span class='ocrx_word' id='word_1_394' title='bbox 1539 3242 1789 3288; x_wconf 80' lang='lat' dir='ltr'><strong>mutuatae</strong></span> <span class='ocrx_word' id='word_1_395' title='bbox 1811 3244 1947 3285; x_wconf 81' lang='lat' dir='ltr'><strong>sunt.</strong></span> <span class='ocrx_word' id='word_1_396' title='bbox 2013 3233 2096 3296; x_wconf 89' lang='lat' dir='ltr'><strong>Id,</strong></span> <span class='ocrx_word' id='word_1_397' title='bbox 2119 3233 2170 3282; x_wconf 88' lang='lat' dir='ltr'><strong>ni</strong></span> <span class='ocrx_word' id='word_1_398' title='bbox 2197 3230 2366 3295; x_wconf 82' lang='lat' dir='ltr'><strong>fallor,</strong></span> <span class='ocrx_word' id='word_1_399' title='bbox 2388 3246 2456 3282; x_wconf 79' lang='lat' dir='ltr'><strong>ex</strong></span> 
     </span>
     <span class='ocr_line' id='line_1_76' title="bbox 1399 3310 2455 3379; baseline -0.004 -16"><span class='ocrx_word' id='word_1_400' title='bbox 1399 3326 1464 3363; x_wconf 88' lang='lat' dir='ltr'><strong>eo</strong></span> <span class='ocrx_word' id='word_1_401' title='bbox 1485 3312 1728 3378; x_wconf 75' lang='lat' dir='ltr'><strong>contigit,</strong></span> <span class='ocrx_word' id='word_1_402' title='bbox 1762 3312 1898 3379; x_wconf 91' lang='lat' dir='ltr'><strong>quod</strong></span> <span class='ocrx_word' id='word_1_403' title='bbox 1920 3326 2038 3363; x_wconf 88' lang='lat' dir='ltr'><strong>cum</strong></span> <span class='ocrx_word' id='word_1_404' title='bbox 2062 3312 2170 3361; x_wconf 82' lang='lat' dir='ltr'><strong>vita</strong></span> <span class='ocrx_word' id='word_1_405' title='bbox 2194 3310 2383 3361; x_wconf 87' lang='lat' dir='ltr'><strong>rustica</strong></span> <span class='ocrx_word' id='word_1_406' title='bbox 2403 3310 2455 3359; x_wconf 91' lang='lat' dir='ltr'><strong>iu</strong></span> 
     </span>
     <span class='ocr_line' id='line_1_77' title="bbox 1398 3387 2452 3456; baseline -0.005 -15"><span class='ocrx_word' id='word_1_407' title='bbox 1398 3392 1591 3443; x_wconf 87' lang='lat' dir='ltr'><strong>honore</strong></span> <span class='ocrx_word' id='word_1_408' title='bbox 1630 3392 1792 3456; x_wconf 77' lang='lat' dir='ltr'><strong>magis</strong></span> <span class='ocrx_word' id='word_1_409' title='bbox 1830 3397 1990 3448; x_wconf 85' lang='lat' dir='ltr'><strong>esset,</strong></span> <span class='ocrx_word' id='word_1_410' title='bbox 2025 3387 2208 3453; x_wconf 87' lang='lat' dir='ltr'><strong>optimi</strong></span> <span class='ocrx_word' id='word_1_411' title='bbox 2245 3388 2452 3453; x_wconf 81' lang='lat' dir='ltr'><strong>quique,</strong></span> 
     </span>
     <span class='ocr_line' id='line_1_78' title="bbox 1397 3465 2453 3535; baseline -0.006 -15"><span class='ocrx_word' id='word_1_412' title='bbox 1397 3469 1633 3535; x_wconf 79' lang='lat' dir='ltr'><strong>quamvis</strong></span> <span class='ocrx_word' id='word_1_413' title='bbox 1656 3469 1833 3520; x_wconf 90' lang='lat' dir='ltr'><strong>urbem</strong></span> <span class='ocrx_word' id='word_1_414' title='bbox 1852 3467 2207 3529; x_wconf 87' lang='lat' dir='ltr'><strong>incolentium,</strong></span> <span class='ocrx_word' id='word_1_415' title='bbox 2225 3465 2279 3516; x_wconf 88' lang='lat' dir='ltr'><strong>in</strong></span> <span class='ocrx_word' id='word_1_416' title='bbox 2299 3465 2453 3515; x_wconf 75' lang='lat' dir='ltr'><strong>rusti·</strong></span> 
     </span>
     <span class='ocr_line' id='line_1_79' title="bbox 1395 3544 2458 3605; baseline -0.006 -9"><span class='ocrx_word' id='word_1_417' title='bbox 1395 3547 1469 3596; x_wconf 84' lang='lat' dir='ltr'><strong>cis</strong></span> <span class='ocrx_word' id='word_1_418' title='bbox 1485 3545 1727 3596; x_wconf 86' lang='lat' dir='ltr'><strong>tribubus</strong></span> <span class='ocrx_word' id='word_1_419' title='bbox 1742 3544 1944 3596; x_wconf 81' lang='lat' dir='ltr'><strong>censeri</strong></span> <span class='ocrx_word' id='word_1_420' title='bbox 1965 3544 2278 3597; x_wconf 81' lang='lat' dir='ltr'><strong>maluerunt.</strong></span> <span class='ocrx_word' id='word_1_421' title='bbox 2298 3549 2458 3605; x_wconf 85' lang='lat' dir='ltr'><strong>atque</strong></span> 
     </span>
     <span class='ocr_line' id='line_1_80' title="bbox 1394 3616 2454 3682; baseline -0.008 -9"><span class='ocrx_word' id='word_1_422' title='bbox 1394 3621 1447 3672; x_wconf 87' lang='lat' dir='ltr'><strong>in</strong></span> <span class='ocrx_word' id='word_1_423' title='bbox 1471 3637 1561 3673; x_wconf 81' lang='lat' dir='ltr'><strong>eas</strong></span> <span class='ocrx_word' id='word_1_424' title='bbox 1586 3621 1821 3672; x_wconf 83' lang='lat' dir='ltr'><strong>translati</strong></span> <span class='ocrx_word' id='word_1_425' title='bbox 1843 3628 1984 3681; x_wconf 78' lang='lat' dir='ltr'><strong>sunt,</strong></span> <span class='ocrx_word' id='word_1_426' title='bbox 2021 3619 2171 3682; x_wconf 86' lang='lat' dir='ltr'><strong>cujus</strong></span> <span class='ocrx_word' id='word_1_427' title='bbox 2210 3617 2285 3667; x_wconf 87' lang='lat' dir='ltr'><strong>rei</strong></span> <span class='ocrx_word' id='word_1_428' title='bbox 2317 3616 2454 3667; x_wconf 86' lang='lat' dir='ltr'><strong>arbi-</strong></span> 
     </span>
     <span class='ocr_line' id='line_1_81' title="bbox 1395 3694 2451 3765; baseline -0.007 -13"><span class='ocrx_word' id='word_1_429' title='bbox 1395 3702 1574 3764; x_wconf 79' lang='lat' dir='ltr'><strong>trium,</strong></span> <span class='ocrx_word' id='word_1_430' title='bbox 1594 3701 1767 3765; x_wconf 84' lang='lat' dir='ltr'><strong>Appio</strong></span> <span class='ocrx_word' id='word_1_431' title='bbox 1791 3701 1949 3751; x_wconf 80' lang='lat' dir='ltr'><strong>Caeco</strong></span> <span class='ocrx_word' id='word_1_432' title='bbox 1972 3711 2205 3752; x_wconf 75' lang='lat' dir='ltr'><strong>censore,</strong></span> <span class='ocrx_word' id='word_1_433' title='bbox 2238 3694 2451 3746; x_wconf 86' lang='lat' dir='ltr'><strong>cuilibet</strong></span> 
     </span>
     <span class='ocr_line' id='line_1_82' title="bbox 1394 3772 2451 3844; baseline -0.004 -15"><span class='ocrx_word' id='word_1_434' title='bbox 1394 3779 1733 3844; x_wconf 78' lang='lat' dir='ltr'><strong>permissum3</strong></span> <span class='ocrx_word' id='word_1_435' title='bbox 1768 3775 1935 3826; x_wconf 88' lang='lat' dir='ltr'><strong>donec</strong></span> <span class='ocrx_word' id='word_1_436' title='bbox 1976 3773 2113 3825; x_wconf 80' lang='lat' dir='ltr'><strong>circa</strong></span> <span class='ocrx_word' id='word_1_437' title='bbox 2156 3787 2343 3823; x_wconf 86' lang='lat' dir='ltr'><strong>annum</strong></span> <span class='ocrx_word' id='word_1_438' title='bbox 2384 3772 2451 3825; x_wconf 87' lang='lat' dir='ltr'><strong>U.</strong></span> 
     </span>
     <span class='ocr_line' id='line_1_83' title="bbox 1394 3852 2450 3913; baseline -0.008 -6"><span class='ocrx_word' id='word_1_439' title='bbox 1394 3855 1586 3907; x_wconf 60' lang='lat' dir='ltr'><strong>atro.</strong></span> <span class='ocrx_word' id='word_1_440' title='bbox 1620 3855 1689 3907; x_wconf 81' lang='lat' dir='ltr'><strong>Q.</strong></span> <span class='ocrx_word' id='word_1_441' title='bbox 1715 3852 1922 3913; x_wconf 77' lang='lat' dir='ltr'><strong>Fabius,</strong></span> <span class='ocrx_word' id='word_1_442' title='bbox 1964 3852 2090 3902; x_wconf 87' lang='lat' dir='ltr'><strong>item</strong></span> <span class='ocrx_word' id='word_1_443' title='bbox 2130 3864 2332 3912; x_wconf 85' lang='lat' dir='ltr'><strong>censor,</strong></span> <span class='ocrx_word' id='word_1_444' title='bbox 2374 3859 2450 3899; x_wconf 87' lang='lat' dir='ltr'><strong>te·</strong></span> 
     </span>
     <span class='ocr_line' id='line_1_84' title="bbox 1393 3928 2449 3993; baseline -0.007 -10"><span class='ocrx_word' id='word_1_445' title='bbox 1393 3932 1629 3983; x_wconf 88' lang='lat' dir='ltr'><strong>nuiorum</strong></span> <span class='ocrx_word' id='word_1_446' title='bbox 1647 3929 2031 3983; x_wconf 86' lang='lat' dir='ltr'><strong>multitudinem</strong></span> <span class='ocrx_word' id='word_1_447' title='bbox 2054 3928 2107 3977; x_wconf 90' lang='lat' dir='ltr'><strong>iu</strong></span> <span class='ocrx_word' id='word_1_448' title='bbox 2127 3934 2347 3993; x_wconf 84' lang='lat' dir='ltr'><strong>quatuor</strong></span> <span class='ocrx_word' id='word_1_449' title='bbox 2363 3942 2449 3977; x_wconf 85' lang='lat' dir='ltr'><strong>ur·</strong></span> 
     </span>
     <span class='ocr_line' id='line_1_85' title="bbox 1393 4004 2452 4070; baseline -0.005 -10"><span class='ocrx_word' id='word_1_450' title='bbox 1393 4008 1555 4060; x_wconf 78' lang='lat' dir='ltr'><strong>banaa</strong></span> <span class='ocrx_word' id='word_1_451' title='bbox 1611 4007 1777 4059; x_wconf 88' lang='lat' dir='ltr'><strong>tribus</strong></span> <span class='ocrx_word' id='word_1_452' title='bbox 1832 4006 2071 4070; x_wconf 69' lang='lat' dir='ltr'><strong>redegit:</strong></span> <span class='ocrx_word' id='word_1_453' title='bbox 2121 4004 2253 4054; x_wconf 88' lang='lat' dir='ltr'><strong>unde</strong></span> <span class='ocrx_word' id='word_1_454' title='bbox 2287 4004 2452 4056; x_wconf 81' lang='lat' dir='ltr'><strong>tribus</strong></span> 
     </span>
     <span class='ocr_line' id='line_1_86' title="bbox 1390 4082 2449 4150; baseline -0.006 -11"><span class='ocrx_word' id='word_1_455' title='bbox 1390 4100 1495 4139; x_wconf 87' lang='lat' dir='ltr'><strong>non</strong></span> <span class='ocrx_word' id='word_1_456' title='bbox 1519 4085 1683 4150; x_wconf 80' lang='lat' dir='ltr'><strong>urbis,</strong></span> <span class='ocrx_word' id='word_1_457' title='bbox 1720 4090 1811 4135; x_wconf 82' lang='lat' dir='ltr'><strong>aut</strong></span> <span class='ocrx_word' id='word_1_458' title='bbox 1850 4084 1982 4147; x_wconf 77' lang='lat' dir='ltr'><strong>agri,</strong></span> <span class='ocrx_word' id='word_1_459' title='bbox 2018 4082 2449 4148; x_wconf 83' lang='lat' dir='ltr'><strong>quemadmodum</strong></span> 
     </span>
     <span class='ocr_line' id='line_1_87' title="bbox 1388 4161 2445 4223; baseline -0.004 -8"><span class='ocrx_word' id='word_1_460' title='bbox 1388 4163 1602 4215; x_wconf 81' lang='lat' dir='ltr'><strong>Servius</strong></span> <span class='ocrx_word' id='word_1_461' title='bbox 1640 4161 1957 4223; x_wconf 74' lang='lat' dir='ltr'><strong>instituerat,</strong></span> <span class='ocrx_word' id='word_1_462' title='bbox 1988 4161 2081 4210; x_wconf 86' lang='lat' dir='ltr'><strong>sed</strong></span> <span class='ocrx_word' id='word_1_463' title='bbox 2117 4161 2350 4212; x_wconf 84' lang='lat' dir='ltr'><strong>civitatis</strong></span> <span class='ocrx_word' id='word_1_464' title='bbox 2388 4167 2445 4211; x_wconf 88' lang='lat' dir='ltr'><strong>et</strong></span> 
     </span>
     <span class='ocr_line' id='line_1_88' title="bbox 1395 4241 2214 4307; baseline -0.006 -14"><span class='ocrx_word' id='word_1_465' title='bbox 1395 4241 1578 4307; x_wconf 77' lang='lat' dir='ltr'><strong>populi</strong></span> <span class='ocrx_word' id='word_1_466' title='bbox 1601 4245 1777 4305; x_wconf 81' lang='lat' dir='ltr'><strong>partes</strong></span> <span class='ocrx_word' id='word_1_467' title='bbox 1792 4254 1905 4290; x_wconf 82' lang='lat' dir='ltr'><strong>esse</strong></span> <span class='ocrx_word' id='word_1_468' title='bbox 1927 4245 2214 4304; x_wconf 80' lang='lat' dir='ltr'><strong>coeperunt.</strong></span> 
     </span>
    </p>

    <p class='ocr_par' dir='ltr' id='par_1_12' title="bbox 1457 4310 2449 4384">
     <span class='ocr_line' id='line_1_89' title="bbox 1457 4310 2449 4384; baseline -0.008 -11"><span class='ocrx_word' id='word_1_469' title='bbox 1457 4316 1483 4356; x_wconf 73' lang='lat'><strong><em>⁶</em></strong></span> <span class='ocrx_word' id='word_1_470' title='bbox 1519 4316 1776 4384; x_wconf 71' lang='lat' dir='ltr'><strong>Duptioaeo</strong></span> <span class='ocrx_word' id='word_1_471' title='bbox 1828 4331 1990 4370; x_wconf 69' lang='lat' dir='ltr'><strong>earum</strong></span> <span class='ocrx_word' id='word_1_472' title='bbox 2041 4311 2257 4378; x_wconf 71' lang='lat' dir='ltr'><strong>numo]</strong></span> <span class='ocrx_word' id='word_1_473' title='bbox 2328 4310 2449 4365; x_wconf 83' lang='lat' dir='ltr'><strong>Non</strong></span> 
     </span>
    </p>
   </div>
  </div>
 </body>
</html>
