3034 4925
525 352 658 418 146
731 413 734 416 ,
1460 365 1658 417 unu
1670 366 1779 415 1.AE
1840 383 1854 396 -

526 518 798 580 sitaniam
844 538 950 599 per
1007 536 1076 578 x.
1120 535 1310 576 annos
1363 516 1539 578 bene-
1562 517 1954 577 administrat.
2036 518 2136 578 59.
2180 516 2340 579 Nero
2384 517 2715 579 matricida.

527 618 601 677 C.
624 616 831 677 Vibius
859 614 1171 676 Secundus
1204 615 1600 686 Mauritaniae,
1631 627 1692 676 et
1719 616 1789 675 T.
1809 614 2020 674 Vinius
2051 615 2300 676 Rufinus
2323 615 2542 676 Galliae
2563 616 2718 675 Nar·

525 717 665 775 bon.
693 715 1033 796 praefectus.
1118 713 1218 772 60.
1268 711 1751 791 Quinquennalia
1782 712 2027 785 ludicra,
2056 722 2119 772 et
2159 723 2443 773 cometes.
2512 715 2585 772 A.
2617 713 2717 772 Vi-

524 811 724 872 tellius
771 830 932 891 proc.
981 810 1219 871 Africae.
1304 807 1590 871 Lucceius
1617 809 1868 883 Albinus
1913 809 2146 869 Judaeae
2173 819 2537 889 procurator.
2620 809 2719 867 Ti-

526 928 742 988 granes
773 907 1069 968 Armeniae
1113 926 1296 987 regno
1350 906 1663 985 impositus
1710 926 1746 966 a
1788 905 2149 966 Corbulone.
2233 905 2355 981 (cf.
2386 905 2464 964 ad
2493 924 2553 965 a.
2592 906 2721 981 54.)

528 1006 629 1066 61.
673 1006 747 1065 C.
775 1005 1088 1066 Petronius
1115 1004 1351 1063 Arbiter
1374 1004 1754 1083 Turpilianus
1783 1023 1910 1064 cos.
1937 1013 1999 1063 et
2018 1022 2182 1084 proc.
2215 1003 2560 1064 Britanniae.
2633 1002 2720 1062 Ibi

526 1102 849 1175 Boudicca,
883 1103 1189 1162 Icenorum
1238 1102 1740 1181 regina,magnam
1783 1101 2068 1161 Romanis
2115 1101 2290 1161 infert
2317 1100 2571 1172 cladem,
2615 1100 2720 1160 sed

499 1203 665 1259 'mox
697 1219 734 1259 a
773 1200 1058 1261 Suetonio
1106 1219 1241 1260 cum
1286 1199 1407 1259 suis
1455 1197 1727 1258 caeditur.
1813 1198 1940 1257 Ser.
1991 1197 2288 1276 Sulpicius
2320 1197 2516 1257 Galba
2554 1214 2718 1277 proc.

526 1297 832 1376 Hispaniae
878 1298 1116 1358 Tarrac.
1148 1310 1209 1356 et
1251 1296 1319 1356 L.
1357 1294 1634 1355 Vitellius
1664 1293 1904 1354 Africae.
1992 1295 2091 1353 62.
2137 1294 2253 1355 SC.
2281 1293 2723 1355 Trebellianum

526 1396 601 1455 de
642 1393 1202 1455 fideicommissariis
1243 1391 1714 1465 hoereditatibus,
1753 1391 2043 1452 Trebellio
2085 1392 2344 1452 Maximo
2391 1400 2456 1451 et
2495 1391 2563 1452 L.
2597 1392 2720 1450 An-

523 1512 659 1553 naeo
715 1493 945 1552 Seneca
999 1510 1158 1552 coss.
1216 1490 1350 1551 suff.
1421 1490 1581 1551 Nero
1623 1489 1943 1569 Poppaeam
1985 1489 2260 1549 Sabinam
2302 1489 2488 1560 ducit,
2537 1478 2739 1548 Octa-‘

524 1591 626 1654 via.
663 1588 947 1669 relegata,
989 1599 1049 1648 et
1090 1606 1228 1648 mox
1255 1587 1476 1648 occisa.
1559 1587 1911 1666 Vologeses,
1956 1586 2130 1667 Syria
2164 1585 2449 1665 expulsus
2493 1603 2532 1645 a
2575 1585 2720 1645 Cor-

524 1687 762 1759 bulone,
835 1687 1169 1756 Armeniam
1231 1696 1504 1766 occupat.
1619 1685 1898 1745 Carmina
1962 1684 2249 1763 probrosa
2284 1692 2371 1743 -et
2437 1682 2721 1763 relegatio

525 1785 766 1846 Antistii
797 1785 1031 1845 Sosiani
1060 1794 1230 1867 praet.
1305 1782 1708 1864 Ignominiosa
1734 1780 1962 1842 deditio
1987 1782 2058 1842 C.
2090 1780 2348 1841 Caesonii
2378 1779 2534 1839 Paeti
2560 1798 2718 1859 proc.

525 1881 841 1956 Armeniae,
869 1883 1107 1962 Tigrani
1135 1883 1195 1941 in
1228 1882 1552 1942 subsidium
1583 1881 1745 1940 missi
1775 1889 1837 1940 et
1866 1898 1902 1938 a
1928 1877 2227 1959 Vologese
2256 1878 2484 1939 obsessi
2507 1876 2568 1936 in
2591 1896 2723 1937 cas-

521 1978 647 2039 tris.
732 1980 831 2041 63.
874 1980 1204 2060 Vologeses
1229 2000 1264 2039 a
1295 1978 1640 2049 Corbulone
1669 1977 1747 2037 ad
1769 1996 1975 2057 pacem
2003 1971 2320 2056 peten'dam
2352 1976 2722 2055 compulsus.

524 2076 670 2138 Asia
706 2096 878 2138 avare
922 2076 1331 2137 administrata
1363 2078 1400 2137 a
1426 2076 1491 2135 L.
1527 2076 1724 2137 Salvio
1756 2074 1995 2134 Othone
2024 2073 2281 2144 Titiano,
2311 2084 2372 2133 et
2398 2073 2604 2133 Africa
2630 2072 2722 2131 in-

524 2175 829 2253 tegerrime
864 2194 900 2233 a
924 2174 993 2232 Τ.
1024 2173 1226 2233 Flavio
1263 2173 1657 2252 VespasianO.
1742 2172 1815 2231 C.
1844 2171 2078 2231 Cestius
2119 2170 2334 2230 Gallus
2367 2170 2720 2231 Camerinus

399 2291 406 2296 ’
526 2271 644 2349 leg.
686 2290 851 2350 proc.
882 2270 1090 2350 Syriae.
1177 2272 1274 2330 64.
1319 2271 1513 2331 Roma
1541 2291 1578 2330 a
1615 2271 1853 2331 Nerone
1882 2270 2148 2340 incensa,
2177 2279 2235 2328 et
2267 2267 2593 2328 Christiani
2623 2287 2722 2327 ex-

523 2367 754 2447 quisitis
782 2368 972 2447 poenis
1003 2367 1220 2428 affecti.
1279 2367 1579 2428 'Rebellio
1608 2366 1977 2439 Judaeorum,
2007 2364 2248 2425 avaritia
2285 2373 2345 2424 et
2369 2365 2723 2425 crudelitate

525 2465 723 2528 Gessii
780 2467 936 2527 Flori
982 2475 1280 2547 procurat.
1330 2477 1552 2528 mota.-
1601 2465 1938 2535 Scribonius
1982 2462 2293 2525 Proculus·
2317 2471 2379 2523 et
2421 2462 2725 2544 Sulpicius

523 2563 721 2624 Rufus
779 2563 1199 2625 Scribonianus
1271 2563 1480 2625 fratres
1539 2562 1874 2622 Germaniis
1939 2559 2724 2641 praefecti.—-Dioscorides.

526 2663 625 2724 65.
657 2661 922 2742 Poppaea
948 2682 984 2723 a
1012 2663 1249 2724 Nerone
1279 2662 1497 2723 occisa.
1571 2657 1915 2740 Conjuratio
1941 2660 2013 2718 C.
2033 2657 2274 2717 Pisonis
2303 2657 2512 2736 punita
2539 2669 2727 2719 morte

526 2760 781 2819 auctoris
819 2769 880 2821 et
925 2760 1321 2831 consciorum,
1352 2759 1426 2820 C.
1454 2759 1601 2821 Julii
1632 2758 1815 2819 Attici
1844 2756 2071 2816 Vestini
2098 2765 2160 2815 et
2199 2753 2414 2815 Plautii
2448 2754 2727 2816 Laterani

525 2856 858 2927 consulum,
887 2858 954 2917 L.
986 2857 1198 2915 Annaei
1226 2858 1494 2927 Senecae,
1525 2856 1612 2916 M.
1645 2854 1858 2914 Annaei
1895 2852 2140 2922 Lucani,
2171 2851 2337 2911 Fenii
2367 2851 2504 2911 Rufi
2548 2853 2722 2933 praef.

524 2964 696 3031 praet.
756 2953 951 3013 Subrii
1000 2953 1187 3024 Flavi,
1238 2951 1485 3033 Sulpicii
1529 2952 1724 3031 Aspri,
1775 2963 1837 3013 et
1877 2951 1955 3011 al.
2035 2948 2362 3009 Trebellius
2419 2949 2727 3010 Maximus

524 3068 691 3128 proc.
718 3049 1061 3110 Britanniae.
1095 3092 1100 3095 -
1146 3048 1407 3109 Musonii
1435 3049 1576 3108 Rufi
1604 3059 1667 3109 et
1695 3048 1906 3109 Annaei
1938 3047 2184 3108 Cornuti
2212 3046 2725 3128 philosophorum,

529 3146 839 3207 C.-Cassii
877 3146 1127 3227 Longini
1170 3147 1309 3207 Jcti
1356 3155 1418 3207 et
1454 3148 1523 3208 L.
1561 3146 1749 3208 Silani
1793 3145 2098 3226 relegatio,
2185 3146 2353 3206 Mors
2382 3135 2452 3204 L.
2479 3141 2727 3203 Antistii

526 3242 887 3315 Veteris,-ex
911 3264 1074 3324 proc.
1119 3245 1280 3306 Asiae
1302 3245 1540 3309 reversi.
1624 3247 1725 3306 66.
1772 3245 1844 3306 C.
1877 3244 2192 3304 Suetonius
2229 3241 2541 3302 Paullinus
2568 3251 2632 3304 et
2651 3240 2722 3303 L.

525 3340 777 3402 Pontius
807 3342 1118 3403 Telesinus
1146 3363 1306 3406 coss.
1391 3331 1561 3405 Mors
1591 3343 1920 3404 voluntaria
1950 3342 2018 3403 L.
2046 3340 2259 3401 Annoei
2288 3339 2491 3411 Melae,
2521 3340 2624 3418 qui
2653 3339 2720 3399 L.

526 3439 775 3501 Senecae
803 3450 865 3500 et
888 3441 924 3501 J
931 3441 1051 3500 unii
1080 3439 1373 3501 Gallionis
1399 3441 1578 3502 frater
1598 3453 1883 3520 paterque
1911 3439 2131 3499 Lucani
2162 3447 2310 3510 erat,
2341 3436 2414 3497 C.
2438 3436 2723 3507 Petronii,

526 3538 777 3599 Cerialis
808 3537 1022 3611 Anicii,
1060 3538 1214 3599 Rufii
1243 3538 1516 3618 Crispini,
1546 3538 1825 3598 Thraseae
1854 3536 2004 3596 Paeti
2034 3546 2096 3595 et
2119 3535 2324 3594 Bareae
2357 3533 2587 3607 Sorani,
2620 3532 2722 3613 qui

527 3654 600 3695 ex
639 3655 802 3714 proc.
832 3634 995 3695 Asiae
1021 3654 1288 3696 reversus
1322 3655 1360 3696 a
1399 3634 1470 3696 P.
1493 3635 1781 3715 *Egnati0,
1821 3633 1950 3714 ejus
1989 3632 2223 3701 cliente,
2264 3640 2629 3709 praeceptore
2660 3638 2724 3690 et

524 3730 742 3810 philos.
771 3743 1087 3792 accusatus
1116 3742 1265 3806 erat,
1292 3743 1354 3793 et
1390 3732 1873 3803 intercessionem
1905 3730 2144 3791 Aruleni
2183 3728 2415 3787 Rustici
2455 3727 2587 3786 trib.
2635 3726 2720 3806 pl.

528 3826 974 3906 deprecabatur.
1075 3828 1388 3908 Relegatio
1439 3829 1700 3889 Helvidii
1742 3827 1931 3888 Prisci
1973 3836 2037 3887 et
2088 3825 2335 3885 Paeonii
2380 3823 2716 3903 Agrippini.

527 3921 818 3984 Tiridates
847 3944 883 3983 a
911 3926 1249 3986 Corbulone
1279 3927 1622 4007 compulsus
1650 3925 1737 3985 ad·
1754 3944 2001 4005 regnum
2025 3922 2317 3982 Armeniae
2339 3939 2411 3979 ac
2441 3919 2718 3980 diadema

535 4020 748 4079 Romae
777 4039 814 4078 a
840 4020 1076 4082 Nerone
1104 4022 1534 4101 accipiendum.
1619 4022 1887 4082 Tiberius
1920 4017 2261 4079 Alexander
2286 4019 2543 4097 AEgypto
2563 4037 2716 4097 prae·¹

527 4118 720 4178 fectus
768 4136 829 4178 1..
869 4118 1053 4178 millia
1095 4118 1439 4181 Judoeorum
1483 4119 1861 4181 Alexandriae
1910 4115 2394 4180 tumultuantium
2438 4113 2716 4174 trucidari

519 4216 715 4297 jubet.
802 4213 891 4275 M.
939 4214 1231 4276 Cocceius
1271 4217 1489 4292 Nerva,
1538 4218 1652 4279 JC.
1696 4228 1758 4279 et
1802 4227 1968 4296 pater
2020 4214 2233 4275 Nervae
2273 4214 2422 4294 Imp.
2478 4223 2710 4293 praetor.
