3034 4925
969 375 1117 424 Lis.
1165 376 1213 425 ι.
1242 376 1429 427 oar.
1473 363 1582 430 53.
2235 369 2371 437 325

139 520 680 609 mplitudinem
724 520 923 589 Jovis
970 524 1233 609 templi,
1271 541 1429 609 quae
1475 524 1675 610 digna
1729 526 1952 594 Deum
2006 528 2370 598 bominum·

139 646 291 710 lue
345 646 535 710 rege,
579 644 735 712 quae
783 625 1094 695 Romano
1137 628 1448 712 imperio,
1494 624 1648 713 qnae
1723 630 1941 715 ip‘sius
1964 630 2165 697 etiam
2213 633 2370 700 ,loci

139 732 518 816 majestate
568 738 766 796 esset.
908 729 1271 816 Captivam
1322 734 1678 817 pecuniam
1729 733 1797 824 in
1847 733 2367 804 aedificationem

139 834 308 918 ejus
341 832 584 919 templi
604 834 930 919 seposuit.
1018 834 1316 920 Excepit
1344 835 1591 904 deinde
1611 857 1759 903 eum
1795 837 2043 904 lentius
2074 859 2199 924 spe
2231 840 2373 905 bel-

139 949 349 1016 ;um,·⁰
416 957 552 1022 quo
594 936 886 1018 Gabios,
937 940 1382 1024 propinquam
1428 940 1714 1017 urbem,r
1772 942 2221 1026 nequicquam
2291 944 2360 1010 vi

139 1040 476 1121 adortus»,
497 1061 651 1109 cum
672 1039 1026 1108 obsidendi
1044 1063 1317 1129 quoque
1340 1045 1609 1109 urbem⁷
1641 1063 1795 1130 spes
1824 1045 2023 1130 pulso
2055 1064 2099 1110 a
2130 1046 2369 1112 moeni·

168 1277 187 1288 ,
216 1205 246 1258 θ’
280 1225 551 1276 Pecuniam
571 1242 633 1276 ex
654 1226 862 1279 hostibus
878 1235 1082 1295 captum.
1150 1227 1340 1279 Deinde
1369 1227 1539 1278 benum
1561 1227 1834 1279 diuturnius
1855 1244 1996 1294 quam
2015 1233 2243 1294 sperasset
2266 1244 2371 1280 eum

140 1294 322 1340 vostea
343 1292 581 1342 exercuit.
2353 1301 2358 1310 '

1083 1373 1172 1395 OOC
1177 1372 1382 1394 OOOOOOO
1386 1373 1444 1394 ‘O

139 1472 336 1523 Drak.
379 1473 503 1524 Vid.
529 1474 656 1527 Not.
685 1477 907 1527 Van—7
937 1475 1002 1530 Τὸ
1035 1475 1196 1527 when
1234 1475 1491 1541 posterius
1527 1475 1803 1530 delendum
1838 1491 1956 1529 esse
1979 1479 2195 1528 censent
2230 1477 2286 1529 J.
2308 1477 2368 1528 F.

1154 1637 1374 1692 NO‘rAE

138 1729 419 1803 indicavi)
442 1736 640 1789 dabunt
671 1736 911 1789 librarum
934 1745 1224 1789 nostrarum

139 1827 270 1877 nott
315 1815 532 1879 amplius
571 1827 721 1879 quam
757 1817 906 1866 2160.
946 1822 1103 1880 atque
1143 1815 1226 1865 hic

140 1890 396 1955 vulgaris
418 1892 597 1944 talenti
618 1894 781 1942 valor.
815 1893 887 1943 Et
910 1893 984 1944 sic
1007 1894 1225 1958 quadra·

143 1967 318 2031 ginta
354 1969 572 2027 talenta,
618 1985 683 2020 ex
729 1970 981 2021 manubiis
1020 1971 1225 2021 Suessa

143 2044 425 2094 Pometiae
450 2045 512 2094 ad
551 2047 798 2111 templum
820 2045 939 2097 Jovi
964 2045 1226 2097 aedificau·

146 2121 290 2171 dum
324 2135 360 2171 a
394 2122 672 2188 Tarquinio
711 2123 958 2188 seposita,
995 2120 1227 2175 efficient

152 2198 407 2262 pecunias
462 2209 655 2250 nostra
708 2202 975 2267 octogiuta
1023 2209 1080 2251 et
1135 2215 1227 2252 sex

149 2276 348 2340 millia,
383 2284 537 2342 atque
571 2278 784 2342 insuper
822 2278 1229 2344 quadringentas

152 2352 330 2403 libras
342 2353 630 2412 Francicus,
646 2355 1062 2421 qtrasTurouicas
1072 2356 1228 2421 vulgo

152 2446 228 2496 ap
238 2430 508 2496 pellamus.
531 2431 809 2498 Dionysius
828 2432 1025 2501 talenta
1043 2433 1125 2484 hic
1135 2447 1230 2483 nu·

156 2515 340 2560 merat
363 2509 753 2576 quadringenta,
788 2518 904 2578 quae
943 2526 1140 2561 summa
1164 2509 1230 2562 ad

157 2592 470 2654 octingenta
504 2591 775 2656 sexaginta
806 2599 1031 2657 quatuor
1069 2588 1231 2640 millia

155 2668 409 2718 librarum
427 2673 745 2718 excurreret.
769 2668 875 2718 Sed
896 2667 1049 2719 aliter
1070 2669 1232 2718 sensit

160 2746 369 2810 Livius,
410 2752 468 2797 ut
519 2745 683 2810 liquet
737 2759 803 2796 ex
846 2745 1035 2813 ‚capite
1080 2746 1230 2810 liujus

158 2823 285 2872 libri
305 2826 387 2872 55.
404 2821 617 2888 ejusque
638 2822 897 2873 sententia
914 2822 1231 2887 probabilior

164 2898 435 2950 videbitur
459 2908 746 2963 temporum
769 2900 971 2950 illorum
994 2899 1231 2950 notitiam

165 2977 497 3028 habentibus.
531 2977 772 3028 Calculus
806 2979 1164 3044 Dionysianus
1200 2993 1231 3028 a

167 3056 295 3106 ver'o
336 3068 513 3120 parum
550 3052 686 3106 forte
719 3054 1036 3116 abhorrebit,
1078 3055 1124 3104 si
1161 3054 1227 3104 ad

169 3133 462 3183 universam
486 3131 812 3182 Pometinam
841 3132 1071 3197 praedam
1095 3131 1229 3183 refe-

172 3218 344 3272 ratur,
377 3207 521 3272 cujus
556 3206 754 3259 decima
778 3209 830 3257 in
850 3208 998 3261 Jovis
1034 3208 1231 3259 cultum

166 3285 406 3336 ,deducta
425 3283 598 3335 fuerit.
636 3285 715 3335 De
740 3285 897 3335 variis
917 3285 1230 3337 talentorum

174 3362 289 3412 auri
314 3360 613 3427 argentique
637 3362 934 3426 generibus,
954 3362 1121 3427 deque
1143 3361 1231 3412 de·

176 3440 434 3489 uariorum
478 3441 621 3488 vario
665 3438 918 3503 pondere,
959 3449 1133 3499 actum
1179 3440 1230 3490 in

179 3512 393 3565 Praefat.
415 3513 504 3564 nbi
527 3515 592 3564 de
617 3516 780 3565 veteri
805 3517 1053 3566 Pecunia.

224 3600 268 3652 ,Ω
308 3590 563 3651 Resrcisset
595 3592 892 3657 [recepisset]
935 3591 1231 3644 Gronovius

183 3671 375 3722 mavult
416 3670 671 3731 refecisset,
707 3670 844 3737 quod
889 3678 946 3721 et
995 3671 1232 3721 Latinum

182 3742 287 3797 sine
304 3745 456 3797 dubio
476 3754 575 3809 est,
597 3754 654 3796 et
671 3745 734 3797 ab
759 3746 1004 3798 Auctoris
1025 3755 1232 3817 senten-

180 3824 257 3895 tia
276 3838 377 3874 nou
401 3823 641 3875 alienum,
664 3824 797 3874 Mihi
817 3833 990 3875 tamen
1008 3824 1234 3876 hocloco

187 3901 376 3953 arridet
415 3901 574 3966 magis
617 3902 886 3964 recepisset,
927 3908 984 3971 ut
1038 3900 1237 3953 habeut

188 3980 426 4044 pleraque
475 3977 813 4043 exemplaria.
836 3970 841 3975 ’
866 3977 1051 4044 Neque
1097 3978 1235 4029 enim

184 4057 343 4107 ‚voluit
395 4054 566 4104 Livius
624 4061 790 4106 totam
847 4055 1116 4119 pecuniam
1170 4069 1236 4106 ex

192 4128 361 4194 preda
382 4126 655 4182 Pometina
676 4132 953 4183 collectam
988 4129 1240 4194 iudicare,

194 4208 275 4257 sed
312 4216 507 4274 partem
551 4208 810 4260 duntaxat
853 4208 918 4257 ad
962 4207 1237 4261 oedificium

198 4286 366 4350 templi
386 4285 682 4350 sepositam.
714 4286 779 4338 Id
795 4287 986 4338 clarius
1009 4287 1240 4354 explicat

1307 1737 1756 1788 Halicarnasseus.
1777 1738 1974 1789 Narrat
1988 1737 2124 1788 enim
2147 1738 2371 1803 potitum

1305 1813 1433 1863 urbe
1454 1815 1788 1879 Tarquinium
1825 1824 2050 1867 armatos
2085 1814 2373 1877 occidisse3

1304 1904 1393 1939 eos
1415 1892 1582 1956 quise
1604 1892 1796 1942 dedere
1829 1893 2090 1943 malebant
2127 1906 2242 1942 cum
2275 1892 2373 1943 int·

1305 1966 1428 2017 belli
1444 1983 1572 2019 sexu
1588 1978 1642 2019 et
1660 1977 1835 2034 aetate,
1850 1985 2071 2035 cumque
2087 1969 2375 2033 mancipiis,

1307 2046 1566 2112 rebusque
1589 2047 1827 2098 omnibns
1847 2047 2139 2110 mobilibus,
2180 2060 2294 2111 quae
2318 2045 2373 2095 in

1304 2123 1431 2173 urbe
1455 2137 1677 2190 qnaeque
1717 2125 1768 2175 in
1798 2125 1937 2189 agris
1968 2132 2137 2185 erant,
2161 2122 2213 2171 iu
2238 2133 2375 2187 prar-

1304 2198 1422 2252 dam
1439 2201 1593 2252 militi
1609 2201 1900 2265 permisisse
1917 2217 1933 2263 ;
1956 2208 2229 2265 argentum
2248 2214 2372 2266 qno·

1306 2293 1403 2343 qne
1427 2286 1482 2328 et
1507 2289 1707 2335 aurum,
1731 2292 1887 2327 unum
1919 2276 1971 2327 in
2009 2278 2176 2326 locum
2214 2277 2375 2326 colla·

1308 2363 1436 2418 tum.
1462 2355 1678 2405 decimis
1704 2364 1905 2407 tantum
1928 2354 1979 2404 in
2004 2355 2186 2418 templi
2208 2353 2370 2403 fabri-

1307 2449 1419 2485 cam
1456 2434 1756 2497 reservatis,
1792 2432 2027 2486 divisisse
2069 2428 2374 2492 victoribus,

1305 2528 1522 2580 quorum
1542 2506 1817 2579 uuicuique
1837 2509 2124 2575 obtigerint
2143 2508 2371 2573 quinque

1311 2589 1485 2641 miuae.
1539 2589 1768 2653 Recipere
1791 2596 1965 2638 autem
2005 2586 2272 2650 eleganter
2297 2583 2377 2632 di-

1311 2669 1449 2721 citur
1484 2682 1582 2733 pro
1626 2682 1690 2718 eo
1736 2664 1874 2730 quod
1911 2671 1994 2714 est
2024 2675 2277 2727 seponere
2314 2674 2377 2709 ac

1312 2758 1601 2806 reservare,
1627 2751 1691 2793 -ut
1728 2740 1868 2806 apud
1901 2739 2202 2791 Ciceronem
2226 2734 2379 2803 inde

1290 2810 1466 2871 Crat.
1507 2827 1564 2870 et
1601 2819 1652 2869 in
1685 2818 1817 2883 Top.
1841 2820 1856 2847 ‘
1882 2823 2100 2881 recepta
2133 2810 2377 2864 dicuntur

1311 2906 1431 2948 ruta
1460 2913 1603 2948 caesa
1638 2899 1691 2973 {¹²
1715 2894 2046 2951 venditione:
2078 2893 2131 2942 id
2161 2900 2263 2957 est,
2297 2905 2379 2951 re-

1311 2985 1521 3049 servata
1538 2974 1717 3026 fuisse.
1740 2975 1810 3026 Et
1824 2972 1962 3039 apud
1984 2971 2212 3024 Gellium
2242 2970 2376 3020 Cato

1310 3052 1445 3104 dicit
1488 3067 1727 3118 magnam
1772 3050 2041 3116 pecuniam
2089 3065 2120 3100 a
2161 3049 2378 3099 muliere

1300 3127 1487 3189 ,dotem
1512 3130 1668 3178 dante
1694 3137 1959 3192 receptam
1984 3141 2121 3184 esse,
2144 3139 2299 3190 qnam
2323 3126 2377 3174 iu

1304 3205 1408 3265 ,viri
1432 3215 1747 3272 potestatem
1770 3220 1876 3255 non
1897 3204 2265 3257 committeret.

1375 3291 1395 3318 ¹·
1429 3284 1628 3345 Gabios,
1648 3284 1962 3348 propinquum
1976 3279 2159 3343 urbem]
2191 3278 2380 3329 Valida

1310 3359 1414 3411 fuit
1428 3363 1712 3426 priscorum
1733 3361 2034 3410 Latinorum
2052 3359 2251 3413 civitas,
2268 3358 2379 3409 aive

1312 3455 1343 3490 a
1386 3440 1595 3490 Galatio
1638 3447 1695 3490 et
1744 3439 1845 3488 Bio
1890 3437 2080 3488 Siculis
2123 3434 2377 3485 fratribus

1311 3516 1612 3573 constituta,
1637 3524 1693 3566 ut
1716 3517 1791 3565 ait
1824 3515 2049 3577 Solinus,
2082 3512 2192 3561 aive
2217 3510 2377 3561 Alba·

1311 3607 1495 3645 uorum
1522 3594 1743 3655 colonia,
1778 3599 1835 3643 ut
1864 3590 2033 3641 refert
2072 3588 2375 3652 Dionysius,

1313 3671 1401 3736 qui
1436 3670 1708 3721 Romulum
1736 3669 2061 3733 Remumque
2084 3665 2284 3715 Graecis
2316 3665 2378 3713 li-

1313 3748 1440 3799 teris
1485 3749 1539 3798 iu
1583 3749 1678 3798 hac
1721 3745 1848 3796 urbe
1902 3744 2171 3795 institutos
2214 3749 2384 3804 notat,

1314 3831 1647 3890 testaturque
1683 3822 1840 3873 fuisse
1881 3820 1948 3871 ad
1983 3820 2116 3870 viam
2138 3818 2381 3869 Praenes·

1316 3904 1476 3954 tinam
1499 3904 1672 3953 medio
1700 3899 1863 3951 ferme
1901 3898 2094 3949 itinere
2115 3897 2251 3947 iuter
2276 3897 2380 3947 Ro·

1314 3995 1450 4031 mam
1474 3987 1532 4030 et
1555 3980 1846 4042 Praeneste,
1880 3983 2091 4027 centum
2129 3974 2197 4024 ab
2234 3969 2378 4025 Urbe

1316 4057 1520 4115 stadiis,
1544 4054 1766 4107 millibus
1782 4052 1985 4104 scilicet
2003 4064 2240 4116 passuum
2255 4049 2381 4100 duo-

1318 4134 1506 4186 decim.
1585 4130 1853 4183 Cluverius
1894 4136 1951 4180 et
1988 4122 2272 4178 Kircherns
2307 4126 2382 4176 ibi

1316 4212 1493 4260 locant
1538 4209 1624 4259 ubi
1666 4222 1802 4259 utine
1842 4206 2182 4257 diversorium
2221 4204 2306 4255 cui
2348 4218 2380 4251 a

1308 4285 1583 4347 ,Foeniculo
1622 4299 1829 4350 nomen,
1865 4282 2137 4363 l’Hosteria
2178 4283 2254 4330 del
2292 4279 2380 4341 Fi·
