3034 4925
590 416 722 483 642

591 576 990 660 militarique
1037 573 1636 643 honore'tribunos
1681 578 1972 644 militum
2019 580 2407 665 appellari-⁹
2505 582 2680 648 Cum
2713 582 2789 647 ad

583 700 742 745 eum
763 686 815 718 ¹²
860 681 1083 763 ipsum
1145 680 1434 763 primum
1487 681 1548 746 is
1609 681 1826 745 honos
1887 681 2279 762 deferretur,
2343 685 2788 750 ‘Melioribus

591 783 760 848 meis
789 783 1162 866 vestrisque
1192 783 1395 847 rebus
1425 776 1803 861 reservate,'
1822 784 2093 868 ·inquit,
2137 789 2159 821 ‘
2182 787 2324 850 ista
2354 786 2444 851 dc
2476 807 2590 850 me
2622 786 2791 871 judi·

582 887 751 952 cia.⁴¹
838 885 990 951 Nec
1035 884 1197 951 mihi
1242 885 1381 950 filia
1423 886 1631 951 inulta
1658 893 1754 932 ¹³⁸
1795 885 2114 952 honorem
2169 889 2380 952 ullum
2420 888 2791 972 jucundum

584 1007 740 1053 esse
796 987 1084 1071 patitur3
1129 1007 1254 1053 nec
1297 989 1363 1053 in
1410 979 1799 1071 perturbata
1858 1009 1926 1054 re
1964 991 2245 1074 publica
2296 1010 2427 1054 eos
2481 990 2655 1055 utile
2704 998 2795 1054 est

583 1107 881 1172 praeesse
912 1091 1127 1168 vobis,
1155 1092 1270 1175 qui
1299 1091 1589 1174 proximi
1624 1091 1894 1156 invidiae
1929 1079 2080 1157 sin't.
2167 1092 2243 1156 Si
2273 1093 2439 1174 quis
2472 1110 2651 1155 usus
2678 1093 2794 1155 mei

587 1197 715 1271 est,
778 1192 983 1260 nihilo
1014 1193 1232 1257 minor
1260 1212 1348 1257 ex
1379 1192 1648 1276 privato
1680 1192 2022 1276 capietur!
2110 1193 2223 1260 Ita
2249 1193 2501 1258 decem
2528 1191 2795 1257 nu'mero

591 1294 893 1359 tribunos
925 1297 1238 1361 militares
1282 1301 1531 1361 creant.
1623 1295 1867 1379 Neque
1895 1293 1962 1360 in
2000 1296 2275 1360 Sabinis
2309 1296 2588 1380 quievit
2618 1314 2797 1359 exer·

591 1398 787 1461 citus.
876 1398 983 1463 Ibi
1028 1418 1316 1483 quoque,
1357 1405 1634 1463 auctore
1676 1398 1873 1486 Icilio
1917 1397 2468 1483 Numitorioque,
2502 1397 2797 1462 secessio

591 1500 678 1563 ab
732 1499 1132 1567 decemviris
1203 1502 1382 1565 sacta
1426 1506 1617 1590 ‘ests
1670 1520 1798 1565 non
1860 1501 2110 1565 minore
2165 1507 2351 1565 motu
2423 1501 2798 1564 animorum

587 1596 798 1666 Siccii
838 1601 1049 1667 caedis
1098 1603 1416 1668 memoria
1442 1609 1843 1680 revocata,¹4
1864 1601 1891 1639 ¹³
1926 1620 2128 1686 quam
2159 1622 2356 1688 quem
2399 1621 2601 1666 nova
2630 1601 2799 1690 f‘uma

588 1701 674 1765 de
716 1703 972 1785 virgine
1005 1712 1055 1752 ¹⁵
1113 1707 1282 1770 adeo
1335 1704 1520 1770 foede
1564 1693 1652 1770 ad
1697 1705 2040 1770 libidinem
2086 1705 2306 1789 petita
2368 1702 2800 1769 accenderat.

592 1803 829 1871 ‘Icilius
873 1807 990 1871 ubi
1040 1809 1321 1887 audivit,
1372 1811 1680 1876 tribunos
1725 1810 2011 1875 militum
2040 1808 2111 1872 in
2140 1808 2482 1873 Aventino
2515 1811 2797 1881 creatos»,

586 1925 670 1970 ne
730 1908 1144 1975 comitiorum
1206 1912 1591 1977 militarium
1651 1913 2167 1996 praerogativam
2191 1918 2215 1945 ‘²
2268 1910 2535 1974 urbana
2595 1908 2799 1973 comi-

586 2008 689 2073 tia
736 2009 973 2074 iisdem
1019 2013 1304 2078 tribunis
1363 2014 1604 2096 plebis'
1648 2013 1950 2078 creandis
2006 2018 2476 2097 sequerentur,
2532 2010 2796 2093 peritus

586 2129 802 2177 rerum
830 2115 1282 2197 popularium,
1320 2114 1808 2201 imminensque
1839 2117 1901 2180 ei
1932 2115 2272 2199 potestati,
2296 2119 2364 2177 et
2391 2114 2557 2197 ipse
2594 2112 2800 2194 prius,

585 2232 789 2297 quam
816 2215 1021 2280 iretur
1043 2215 1130 2281 ad
1171 2217 1449 2296 Urbem,
1497 2219 1645 2302 pari
1690 2214 2073 2301 potestate‘¹
2117 2215 2403 2281 eundem
2434 2231 2794 2278 numerum

587 2316 675 2379 ab
725 2315 870 2379 suis
924 2318 1281 2383 creandum
1327 2326 1537 2384 curat.
1625 2319 1840 2406 Porta
1870 2319 2137 2384 Collina
2181 2318 2416 2382 urbem
2457 2318 2793 2381 intravere

650 2440 674 2465 ⁰
706 2433 892 2483 Bonum
913 2435 1033 2486 hunc
1054 2438 1112 2486 de
1130 2451 1202 2486 me
1221 2435 1500 2500 opinionem,
1522 2451 1616 2501 qua
1635 2451 1709 2488 me
1729 2437 1926 2499 dignum
1945 2442 2078 2487 tanto
2100 2437 2269 2487 honore
2277 2433 2537 2496 judicatis.

649 2496 674 2529 ⁶
706 2497 764 2547 Si
784 2501 889 2549 usui
910 2502 1042 2550 vobis
1059 2518 1160 2551 esse
1175 2517 1376 2564 possum.
1948 2552 1951 2555 .

645 2569 671 2593 θ
702 2563 891 2614 Milite·
908 2581 939 2614 a
958 2568 1235 2616 decemviris
1256 2567 1476 2632 (ducibus
1489 2564 1617 2631 suis)
1641 2572 1943 2617 secesserunt.

1532 433 1600 484 Τ.
1651 432 1843 484 mvn

1500 2678 1654 2699 0000&
1658 2678 1742 2700 ”O
1746 2679 1865 2699 ΜΟ

575 2772 588 2787 ‘
651 2754 714 2805 12
748 2752 843 2806 “rb
875 2772 979 2807 eum
1014 2759 1290 2823 redundat,
1321 2767 1376 2811 et
1406 2761 1542 2811 forte
1575 2761 1943 2824 inducendum,
1969 2760 2085 2826 quia
2107 2760 2221 2824 ipse
2252 2757 2519 2823 Virginius
2557 2755 2787 2821 proxime

586 2820 875 2872 nominatus
897 2830 952 2873 et
974 2825 1175 2875 loeutus
1199 2827 1313 2876 est!
1346 2827 1657 2877 Rauen—18
1692 2829 1848 2890 vulg.
1893 2827 1997 2875 Nee
2029 2826 2149 2875 mihi
2171 2825 2289 2891 filia
2324 2825 2378 2873 in
2414 2823 2673 2872 υἱέι-14
2704 2820 2786 2870 ΔΙ.

583 2891 954 2938 τεκοῦσαι-15
999 2890 1228 2953 Virginios
1249 2891 1384 2941 Edd.
1408 2908 1440 2942 a
1463 2894 1651 2942 Venet.
1672 2896 1818 2943 1496.
1836 2891 1900 2942 ad
1926 2890 2092 2941 Drak-

1579 2988 1800 3055 nom:

649 3086 674 3112 ⁸
707 3080 837 3129 Mihi
866 3081 983 3145 fllia
1017 3084 1194 3148 inulta]
1228 3084 1394 3142 Alias,
1414 3085 1553 3149 filiu,
1591 3086 1645 3135 in
1724 3085 1815 3151 qui
1859 3085 2009 3150 primi
2052 3090 2302 3149 rogantur
2342 3080 2694 3132 sententinmz
2722 3094 2785 3128 ιι

583 3155 685 3204 vitu
704 3156 921 3207 honorem
949 3160 1116 3225 naum,
1144 3163 1226 3223 tre.
1261 3162 1493 3212 correxit
1529 3160 1643 3212 feli·
1719 3163 1937 3228 prejuge.
2004 3163 2189 3226 Itaque
2213 3176 2297 3222 ne,
2322 3175 2438 3209 eum
2471 3157 2689 3209 creandi
2711 3170 2784 3206 es·

585 3232 723 3281 citer
754 3232 1000 3284 schottus
1035 3251 1101 3285 ex
1141 3241 1304 3287 veteri
1339 3241 1491 3290 libro.
1556 3241 1645 3291 Sic
1724 3246 1840 3289 sent
1864 3245 2049 3303 postea
2072 3238 2250 3289 decem
2276 3235 2468 3286 tribuni
2493 3234 2679 3297 plebis,
2703 3246 2785 3282 eo·

585 3307 779 3371 quippe
804 3309 1066 3374 Virginius
1085 3312 1305 3364 bonores
1325 3330 1427 3365 non
1451 3317 1503 3366 in
1530 3331 1644 3380 per·

586 3391 800 3448 petitum
833 3393 1067 3440 recusat:
1106 3389 1196 3438 sed
1232 3389 1284 3438 id
1321 3391 1459 3455 exigi
1485 3391 1644 3456 qnod·

584 3461 821 3513 ammodo
866 3477 898 3511 ι
947 3462 1067 3513 filiae
1117 3467 1348 3517 manibus
1396 3467 1645 3531 ostendit,

587 3543 660 3593 nt,
679 3537 846 3589 donee
875 3539 1162 3591 vindictam·
1185 3542 1250 3591 de
1283 3542 1419 3592 illius
1451 3543 1648 3608 injuria

577 3615 804 3678 ⁸ceperit,
826 3618 961 3667 omni
984 3619 1175 3674 honore
1200 3622 1476 3671 abstineat.

648 3689 671 3724 θ
705 3691 855 3742 Siccii
874 3694 1016 3743 coedis
1031 3697 1251 3744 memoria
1267 3696 1506 3760 revocata]
1543 3695 1644 3747 Re-

570 3770 747 3817 'vocute
767 3769 906 3818 idem
930 3775 1009 3820 est
1031 3785 1091 3820 uc
1114 3779 1377 3834 renovata,
1399 3773 1642 3834 repetita.

573 3842 671 3891 Sic
707 3843 796 3894 lib.
836 3859 923 3895 ιιι.
969 3845 1116 3896 ‘Nec
1153 3860 1378 3910 praesens
1418 3848 1643 3897 omnium

571 3917 737 3966 ‘modo
759 3917 922 3970 effusa
944 3920 1124 3972 loetitia
1148 3931 1248 3987 est,
1268 3924 1357 3973 sed
1397 3939 1490 3988 per
1514 3926 1643 3974 mul·

573 3995 665 4038 tos
702 3991 813 4043 dies
852 3999 1013 4060 gratis
1054 4003 1110 4047 et
1152 4000 1551 4065 cogitationibus
1586 4008 1644 4052 et

586 4069 903 4122 sermonibus
929 4076 1207 4127 revocata?

649 4152 673 4178 ο
711 4143 786 4194 Ne
821 4150 1112 4202 conitiorum
1150 4153 1432 4205 militarium
1462 4170 1641 4219 pra-ro·

578 4221 819 4287 garinum]
866 4224 1206 4289 Proerogutiva
1259 4230 1341 4280 bie
1399 4232 1640 4295 praejudi·

585 4297 721 4349 cium
742 4297 1019 4365 significet,
1041 4304 1151 4355 sive
1183 4306 1439 4370 judicium
1462 4322 1640 4361 eorum

1722 3315 1871 3365 mitia
1890 3314 2083 3364 urbane
2105 3319 2412 3378 sequeretur
2425 3309 2683 3375 judicium
2702 3321 2783 3357 eo-

1724 3392 1984 3441 mitiornm
2017 3404 2114 3455 per
2152 3388 2426 3439 tumultum
2468 3401 2499 3434 a
2533 3384 2783 3433 militibus

1723 3466 1823 3516 illis
1857 3465 2165 3521 habitorum,
2187 3471 2244 3514 et
2271 3464 2346 3513 sic
2380 3460 2785 3510 excluderentur

1723 3557 1754 3593 a
1776 3544 2042 3594 tribunatu
2065 3541 2234 3605 plebis
2259 3537 2345 3602 qui
2367 3537 2608 3597 uberent,
2628 3540 2784 3598 etque

1723 3619 1838 3684 ipse
1861 3619 2094 3683 inprimis
2117 3617 2312 3671 Icilius,
2343 3614 2429 3678 qui
2455 3612 2578 3660 huic
2600 3610 2784 3673 magis-

1726 3695 1887 3745 tratui
1910 3694 2176 3753 inhiabam
2207 3690 2355 3741 dedit
2392 3702 2614 3752 operam
2640 3692 2701 3745 u,t
2722 3685 2784 3735 nb

1724 3772 1822 3821 hoc
1858 3772 2018 3820 altero
2054 3768 2287 3818 exercitu
2328 3764 2538 3815 Fidenis
2576 3761 2785 3811 adveni·

1725 3846 2092 3897 ente·totidem
2116 3843 2308 3894 tribuni
2338 3842 2592 3890 militares
2626 3839 2786 3902 elige⁴

1725 3931 1937 3983 rentur3
1974 3921 2074 3972 etsi
2105 3919 2190 3969 bic
2229 3917 2485 3982 posterior
2518 3914 2785 3965 exereitus

1725 4000 1893 4064 impar
1913 4005 2053 4048 esset
2077 3996 2336 4059 legionum
2360 4007 2594 4042 numero.

1786 4074 1811 4108 ‘¹
1845 4074 1969 4124 Pari
1985 4070 2242 4137 potestate]
2275 4069 2349 4119 Ut
2371 4081 2590 4118 summae
2613 4079 2784 4116 rer-um

1720 4158 2010 4218 praeessent
2024 4148 2455 4216 quemadmodum
2477 4147 2569 4196 eiii
2586 4146 2784 4207 decen,

1720 4237 1778 4281 et
1798 4245 1884 4282 res
1906 4227 2364 4288 administrarent3
2398 4231 2557 4290 utque
2588 4221 2787 4272 adhibi-

1719 4306 1788 4359 tis
1825 4309 1881 4358 in
1917 4304 2184 4357 eonsilium
2218 4302 2613 4355 centurionibus
2646 4311 2783 4350 eoru·
