3034 4925
1052 380 1199 429 Lm.
1245 375 1366 427 ιιι.
1411 378 1576 429 οΑΡ.
1619 359 1729 429 67.
2324 361 2491 446 ‚67¹7

302 543 457 592 num
488 524 677 591 urbis
701 525 901 610 hujus
925 544 944 605 3
967 532 990 560 ⁰
1034 523 1309 589 Patrum
1342 542 1425 588 ac
1456 524 1673 608 plebis
1702 519 2106 589 certamina:
2154 521 2308 588 dum
2359 540 2486 589 nec

302 629 503 692 nobis
532 628 818 711 imperii,
862 647 986 691 nec
1015 627 1211 691 vobis
1255 626 1584 690 libertatis
1630 631 1732 691 est
1774 626 2044 704 modus,
2090 626 2246 691 dum
2280 628 2491 692 taedet

303 745 430 795 vos
454 730 906 812 patriciorum,
937 727 1061 793 hos
1081 732 1131 777 ¹⁷
1153 728 1563 811 plebeiorum
1594 731 2126 811 magistratuum,
2157 729 2485 793 sustulere

300 832 404 897 illi
428 832 707 895 animos.
770 831 905 895 Pro
932 832 1149 895 Deum
1173 829 1394 907 fidem,
1426 830 1587 913 quid
1618 832 1816 895 vobis
1840 832 2043 895 vultis
2064 833 2094 895 ‘l
2154 830 2490 895 Tribunos

299 935 519 1018 plebis
548 931 1019 1018 concupistis.‘¹
1104 933 1506 999 Concordiae
1543 952 1755 998 causa
1784 933 2265 999 concessimus.
2354 934 2491 997 De-

299 1038 633 1101 cemviros
663 1035 1177 1101 ‘desiderastis‘
1264 1035 1494 1102 Creari
1551 1038 1738 1121 passi
1793 1055 2046 1101 sumus.
2138 1036 2495 1100 Decemvi-

299 1157 525 1203 rorum
577 1159 701 1210 vos
756 1147 1116 1223 pertaesum
1170 1136 1320 1205 est.f
1421 1138 1789 1221 Coiigimus
1850 1140 2028 1203 abire
2085 1138 2489 1220 magistratu.

303 1240 615 1305 Manente
644 1243 708 1305 in
733 1241 1008 1307 eosdem
1032 1243 1330 1325 privatos
1351 1243 1453 1306 ira
1479 1250 1728 1320 vestra,
1759 1241 1927 1306 mori
1952 1248 2155 1325 atque
2178 1240 2495 1305 exulare⁸

300 1345 757 1409 nobilissimos
801 1345 979 1408 viros
1024 1344 1715 1427 honoratissimosque
1759 1345 1946 1427 passi
1990 1359 2244 1408 sumus.
2346 1342 2498 1406 Tri-

301 1449 520 1510 bunos
542 1447 764 1530 plebis
788 1446 1065 1511 creare¹⁸
1100 1444 1375 1511 iterumh
1406 1447 1733 1510 voluistis.
1790 1445 2111 1510 Creastis.
2158 1443 2492 1509 Consules

299 1550 517 1614 facere
579 1554 937 1613 vestrarum
998 1549 1306 1630 partium,
1368 1549 1497 1612 etsi
1552 1547 1867 1611 Patribus
1925 1547 2321 1610 videbamus
2369 1544 2492 1607 ini-

303 1672 550 1736 quum3
597 1651 949 1736 patricium
997 1670 1268 1735 quoque
1314 1652 1781 1733 magistratum
1824 1651 2007 1733 plebi
2039 1644 2320 1713 donumei
2352 1647 2494 1710 fieri

300 1745 621 1819 vidimus,
711 1752 1061 1817 Auxilium
1115 1754 1566 1830 tribunicium,
1630 1752 2178 1837 provocationem
2230 1749 2314 1814 ad
2371 1769 2495 1832 po-

303 1857 560 1939 pulum,
593 1856 771 1920 scita
798 1855 1019 1939 plebis
1050 1855 1354 1941 injuncta
1403 1853 1779 1933 Patribus,¹¹
1824 1856 1950 1918 sub
1992 1854 2182 1917 titulo
2229 1869 2492 1935 sequan-

289 1958 538 2038 ‘darum
559 1959 804 2041 legum,
836 1964 1063 2021 nostra
1081 1957 1238 2040 jura
1259 1974 1590 2037 oppressa
1613 1956 1891 2018 tulimus
1913 1963 1983 2018 et
2002 1954 2311 2036 ferimus.¹
2359 1953 2498 2031 Qui

306 2060 463 2123 finis
513 2060 640 2124 erit
684 2058 1211 2123 discordiarum?
1268 2056 1646 2139 Ecquando
1701 2075 1898 2120 unam
1952 2057 2179 2118 urbem
2229 2053 2495 2131 habere,

306 2160 664 2245 ecquando
696 2178 1105 2224 communem
1130 2158 1303 2222 hanc
1334 2177 1490 2222 esse
1511 2157 1795 2240 patriam
1825 2157 2114 2221 licebit‘l
2162 2156 2352 2221 Victi
2378 2175 2498 2219 nos

305 2264 606 2347 aequiore
656 2264 878 2327 animo
929 2262 1363 2347 quiescimus,
1414 2279 1619 2346 quam
1671 2279 1792 2324 vos
1840 2262 2150 2325 victores.
2226 2260 2499 2324 Satisne

308 2374 437 2443 est,
465 2367 660 2430 nobis
689 2385 813 2430 vos
845 2364 1243 2429 metuendos
1272 2362 1468 2426 esse?
1488 2373 1510 2399 ⁸
1569 2359 1922 2426 Adversus
1945 2383 2068 2427 nos
2092 2362 2494 2425 Aventinum
2556 2401 2571 2415 -

307 2466 618 2551 capitur,¹
667 2469 983 2533 adversus
1030 2487 1153 2530 nos
1203 2468 1407 2530 Sacer
1438 2471 1807 2549 occupatur
1847 2485 2067 2528 mons·
2154 2464 2498 2548 Esquilias

309 2571 582 2654 quidem
630 2571 716 2634 ab
762 2571 955 2635 hoste
1000 2588 1210 2653 prope
1255 2575 1642 2651 captas,¹⁹¹¹¹
1687 2575 1752 2632 et
1798 2567 2226 2633 scandentem
2276 2568 2494 2647 inag-

375 2728 399 2753 2
430 2721 601 2770 Annon
621 2721 766 2770 etiam
786 2719 984 2770 nimium
1004 2725 1075 2769 est
1096 2735 1176 2768 vos
1191 2718 1393 2782 plebeios
1415 2717 1547 2767 nobis
1564 2718 1784 2782 patriciis
1803 2732 1902 2767 esse
1922 2716 2133 2765 terrori?

1230 2845 1498 2866 “mu“
1503 2845 1528 2864 0
1532 2845 1563 2865 O*
1567 2846 1595 2863 O

311 2928 520 2977 Gronov.
523 2933 653 2977 —16
703 2928 861 2991 Vulg.
902 2933 1079 2976 vosmet
1120 2932 1306 2976 tantum
1347 2929 1592 2991 paeniteat.
1596 2931 1720 2977 -17
1775 2928 1881 2976 Nos
1922 2924 2058 2974 Edd
2104 2938 2131 2972 ιι
2175 2888 2395 2972 Froben.
2407 2921 2501 2969 ad

211 3030 216 3035 .
307 2992 475 3042 Drak.
479 2996 606 3041 -18
642 2993 813 3042 Creari
834 2993 1064 3042 (ἔκτοπον.
1088 2992 1273 3042 Cleric.
1278 2994 1453 3042 -19‘
1475 2994 1702 3056 Esquilio:
1721 2997 1872 3050 oaptoe
1905 2989 2107 3041 emend.
2131 2989 2362 3038 Gronov.
2382 2987 2499 3051 (qui
2576 3043 2583 3047 ,

309 3058 469 3106 etiam
490 3057 667 3106 hostem
691 3066 806 3120 post
828 3057 1044 3106 Volscum
1066 3057 1343 3106 delendum
1370 3057 1618 3122 putabat)
1641 3065 1696 3107 et
1711 3058 1903 3106 vidistis
1925 3063 2013 3104 aut
2037 3055 2198 3104 simile
2215 3055 2336 3119 quid
2361 3053 2502 3103 exci-

311 3122 452 3172 disse
474 3131 590 3186 post
611 3127 774 3185 captas
794 3123 929 3185 conj.
950 3121 1218 3174 Schellen’
1246 3122 1448 3186 Rupere.

1295 3251 1522 3303 NOTAE

376 3355 400 3383 ⁶
430 3349 670 3399 Venenum
689 3348 820 3398 urbia
834 3348 994 3414 Ιιιῇιιε]
1018 3349 1167 3400 Dixit
1190 3357 1364 3414 antea,
1447 3350 1669 3400 Horatio
1694 3351 1863 3413 plebis
1894 3349 2024 3397 adeo
2062 3347 2302 3396 studiosis
2322 3359 2501 3394 consu-

312 3424 329 3451 ‘
353 3424 631 3474 tribunicio
664 3424 898 3474 veneno!
1447 3427 1586 3475 latus
1609 3442 1726 3488 cap.
1749 3432 1829 3474 55.

377 3498 403 3532 ⁴¹
440 3499 672 3550 Tribunos
709 3500 859 3562 plebis
891 3499 1196 3563 concupistis]
1226 3500 1368 3549 Vide
1512 3500 1538 3534 Β
1571 3501 1707 3550 Scita
1721 3501 1872 3562 plebia
1892 3496 2107 3559 injuncta
2127 3490 2381 3555 Patribus]
2408 3495 2504 3542 Le-

312 3575 405 3625 lib.
428 3590 492 3625 u.
516 3591 562 3626 c.
582 3580 665 3626 ³2.
691 3583 746 3624 et
768 3580 851 3625 88.
1450 3590 1515 3639 ge
1558 3576 1795 3635 Horatia,
1829 3589 1932 3640 qua
1964 3572 2234 3637 plebiscita
2259 3585 2351 3633 pro
2377 3570 2501 3631 legi-

379 3660 403 3687 θ
435 3653 739 3702 Decemviros
757 3649 1082 3713 desiderastis]
1127 3650 1254 3713 Sup.
1280 3650 1371 3699 bu·
1449 3651 1547 3701 bus
1571 3653 1730 3700 etiam
1765 3651 1819 3700 in
1857 3649 2105 3715 patricios
2148 3648 2315 3696 valere
2342 3645 2505 3708 jussa,

305 3732 399 3795 jus
425 3731 514 3780 nb.
532 3746 649 3795 cap.
674 3735 756 3780 81.
774 3736 830 3779 et
851 3732 933 3778 33
1452 3741 1571 3789 cap.
1592 3733 1678 3776 55.

379 3805 400 3840 f
428 3807 816 3857 Decemvirorum
861 3822 942 3856 vos
980 3811 1233 3870 pertaesum
1272 3800 1368 3870 est]
1516 3802 1530 3836 ¹
1560 3803 1809 3853 Adversus
1844 3816 1930 3853 ιιοε
1969 3797 2258 3852 Aventinum
2295 3792 2506 3859 capitur]

315 3883 447 3946 Cap.
466 3887 549 3934 53.
569 3890 623 3932 et
645 3888 727 3932 54.
1452 3880 1744 3931 Aventinus
1777 3895 1923 3930 mons
1962 3878 2242 3928 masculino
2282 3876 2507 3938 plerum-

382 3967 407 4004 t
443 3959 575 4008 Mori
592 3964 729 4024 atque
750 3957 965 4022 exulare]
1000 3955 1128 4022 Cap.
1145 3963 1227 4009 58.
1453 3973 1554 4022 que
1579 3971 1769 4020 genere
1787 3954 2032 4006 effertur:
2059 3955 2142 4003 hic
2160 3963 2365 4012 neutro,
2384 3965 2507 4014 qua-

382 4032 407 4067 ¹¹
446 4033 677 4084 Tribunos
687 4034 1216 4098 plebiscreareiterum]
1240 4034 1371 4100 Cap.
1452 4034 1496 4084 ti
1541 4032 1955 4097 subintelligatur
1980 4031 2183 4095 jugum.
2247 4030 2333 4079 Sic
2381 4026 2506 4076 Rhe-

318 4114 404 4160 54.
1452 4126 1564 4161 num
1599 4109 1873 4173 aliquando
1915 4115 2103 4157 neutro
2149 4120 2338 4170 genere
2373 4104 2505 4152 dici·

385 4187 398 4218 ¹
431 4187 704 4235 Patricium
720 4201 895 4249 quoque
918 4186 1256 4248 magistratum
1276 4189 1375 4251 ple-
1453 4202 1587 4248 nius,
1609 4201 1724 4236 cum
1748 4185 1960 4236 additur
1975 4183 2181 4235 flunmen.

316 4263 367 4312 bi
388 4262 583 4325 doraum]
619 4262 749 4311 Cum
773 4261 976 4312 delatus
995 4269 1077 4311 est
1090 4262 1299 4313 Valerio
1323 4270 1376 4313 et
1520 4270 1555 4297 ¹¹·
1594 4254 1832 4325 Esquilias
1865 4264 2049 4326 quidem
2093 4262 2153 4310 ab
2192 4262 2320 4309 hoste
2360 4268 2504 4318 prope
