3034 4925
562 312 691 378 168
1093 313 1096 322 '
1490 332 1563 382 τ.
1612 334 1805 381 mvn

555 477 635 524 18.
675 472 847 524 Numa
877 473 1180 538 Pompilius,
1216 475 1439 527 Curibus
1462 477 1667 529 Sabinis
1689 478 1946 543 habitans,
1976 479 2063 546 qni
2093 479 2223 531 falso
2260 482 2434 534 editur
2451 482 2746 548 discipulus

618 554 935 620 Pythagora:
957 556 1130 618 Samii,
1152 570 1240 606 rex
1266 565 1496 620 creatur,
1514 566 1572 608 et
1591 559 1943 624 inauguratur.
2000 566 2080 613 19.
2104 563 2159 613 Is
2181 564 2341 629 leges,
2362 577 2548 624 mores,
2570 579 2636 615 ae
2663 579 2750 613 sa-

617 650 709 686 cra
731 637 987 687 instituit:
1022 636 1212 687 Janum
1235 636 1365 688 facit
1385 639 1611 690 indicem
1634 640 1779 704 pacis
1815 640 2069 707 bellique:
2103 643 2310 695 simulat
2346 644 2440 694 sibi
2473 658 2591 693 cum
2626 644 2752 694 Dea

619 717 812 782 Egeria
832 732 1135 780 congressus
1154 728 1435 771 nocturnos
1456 735 1569 771 esse
1591 739 1605 773 z
1635 737 1822 773 annum
1857 723 1923 773 ad
1952 739 2154 774 mirsum
2179 727 2314 775 lunae
2337 726 2387 775 in
2412 739 2515 775 ιιι.
2537 739 2752 775 menses

618 797 897 849 describit:
933 797 1161 849 nefastos
1187 800 1300 851 dies
1328 800 1594 868 fastosque
1618 802 1765 855 facit.
1830 809 1914 855 20.
1950 805 2209 857 Flamines
2242 817 2324 857 m.
2349 820 2453 856 xn-
2474 809 2668 868 Salios,
2690 813 2754 856 et

619 880 927 932 Pontificem
951 882 1093 947 legit,
1117 883 1339 934 Numam
1360 884 1629 936 Marcium.
1695 887 2001 939 Procuratio
2032 890 2402 954 prodigiorum.
2463 890 2574 940 Ara
2595 889 2754 940 Jovis

620 962 788 1036 Elicii.
852 968 933 1013 21.
962 963 1153 1028 Populi
1178 965 1324 1015 Rom.
1361 966 1543 1031 religio
1580 975 1635 1017 et
1663 983 1767 1033 pax
1796 972 2054 1021 contiuua.
2121 970 2479 1022 Camoenarum
2513 972 2669 1020 lucus
2691 978 2752 1020 et

620 1044 844 1095 coucilia
882 1060 999 1096 cnm
1032 1046 1239 1110 Egeria.
1302 1047 1452 1099 Fidei
1489 1050 1721 1115 solenne,
1757 1058 1814 1101 et
1853 1052 2002 1102 multi
2039 1051 2195 1117 Argei
2233 1068 2272 1103 s.
2311 1053 2428 1102 loca
2466 1052 2632 1102 sacris
2671 1050 2752 1115 fa-

621 1125 835 1176 ciundis.

554 1209 635 1256 22.
665 1207 874 1259 Tullum
897 1207 1200 1273 Hostilium,
1222 1216 1461 1274 nepotem
1484 1211 1641 1262 Hosti
1677 1212 1906 1277 Hostilii,
1941 1228 2114 1279 regem
2152 1215 2370 1280 populus
2395 1214 2566 1279 jubet.
2645 1214 2755 1265 Hic

617 1286 841 1339 ferocior
862 1290 1017 1340 etiam
1041 1291 1263 1341 Romulo
1286 1300 1389 1355 est,
1423 1293 1718 1359 bellumque
1739 1294 1924 1345 indicit
1941 1296 2006 1347 C.
2025 1297 2232 1362 Cluilio,
2254 1297 2493 1347 dictatori
2516 1295 2754 1346 Albano.

616 1374 701 1422 23.
737 1371 937 1421 Bellum
961 1370 1235 1423 Albanum.
1303 1374 1473 1425 Cluilii
1498 1374 1633 1426 fossa
1656 1384 1713 1426 et
1744 1391 1896 1427 mors.
1961 1378 2120 1428 Metti
2151 1377 2361 1429 Fuffetii
2395 1380 2661 1428 successio
2700 1378 2756 1426 iu

618 1453 784 1503 locum
808 1453 936 1516 ejus,
960 1458 1015 1502 et
1035 1453 1343 1518 colloquium
1368 1469 1483 1504 cum
1506 1456 1680 1509 Tullo.
1735 1462 1814 1509 24.
1838 1463 1918 1509 25.
1945 1459 2275 1511 Horatiorum
2298 1459 2755 1522 Curiatiorumque

620 1534 1005 1597 trigeminorum
1029 1549 1220 1599 pugna.
1286 1536 1513 1586 Foederis
1537 1536 1762 1588 faciendi
1785 1540 1933 1590 ritus.
1986 1541 2213 1590 Fetiales
2236 1548 2291 1590 et
2322 1549 2466 1602 pater
2489 1548 2758 1602 patratus.

617 1618 702 1665 26.
736 1614 984 1664 Horatius
1007 1630 1232 1666 sororem
1253 1615 1551 1681 obtruncat,
1591 1626 1645 1669 et
1681 1634 1712 1668 a
1746 1620 2026 1670 duumviris
2060 1621 2429 1686 perduellionis
2450 1622 2760 1683 damnatur,

618 1695 710 1745 sed
734 1704 982 1760 provocat
1003 1698 1066 1747 ad
1093 1700 1358 1763 populum,
1380 1706 1435 1750 et
1469 1701 1765 1754 absolvitur.
1828 1706 1912 1754 27.
1945 1704 2149 1754 Bellum
2172 1717 2287 1754 cum
2313 1702 2659 1752 Fidenatibus
2700 1712 2760 1751 et

615 1778 945 1829 Veientibus.
1012 1779 1243 1830 Perfidia
1284 1779 1466 1847 Metti,
1498 1783 1625 1834 socii
1661 1784 1809 1834 Rom.
1886 1788 1973 1834 28.
2006 1786 2192 1835 Dirum
2231 1784 2538 1848 supplicium
2579 1782 2651 1833 de
2691 1797 2760 1832 eo

625 1869 867 1911 sumtum.
931 1863 1013 1912 29.
1050 1859 1184 1911 Alba
1206 1855 1401 1926 diruta,
1423 1871 1480 1913 et
1508 1864 1693 1916 incolae
1726 1867 1950 1916 traducti
1977 1868 2210 1917 Romam.
2271 1869 2354 1916 30.
2390 1865 2583 1915 Coelius
2605 1879 2762 1914 mons

616 1939 748 1992 Urbi
770 1942 1066 2006 additus,et
1089 1941 1240 1993 sedes
1263 1943 1440 2008 regiae.
1489 1945 1766 2012 Principes
1785 1946 2103 1998 Albanorum
2125 1950 2173 1996 in
2193 1948 2380 1997 Patres
2401 1946 2537 1996 lecti.
2591 1943 2765 1995 Curia

617 2024 866 2074 Hostilia.
931 2024 1137 2074 Bellum
1162 2038 1280 2075 cum
1315 2025 1533 2076 Sabinis.
1598 2027 1832 2078 Feroniae
1855 2027 2046 2078 fanum.
2114 2027 2298 2093 Pugna
2320 2028 2385 2079 ad
2409 2028 2608 2092 sylvam
2632 2027 2763 2077 Ma-

617 2105 855 2155 litiosam.
921 2110 1003 2155 31.
1020 2105 1083 2155 Iu
1110 2115 1284 2157 monte
1304 2106 1513 2158 Albano
1537 2107 1795 2173 lapidibus
1820 2110 1970 2173 pluit.
2027 2109 2168 2160 Hinc
2186 2123 2385 2160 sacrum
2408 2106 2766 2157 novemdiale.

618 2187 950 2238 Pestilentia.
1014 2187 1151 2238 Tulli
1175 2190 1382 2240 morbus
1403 2197 1458 2239 et
1479 2203 1635 2247 mors,
1655 2188 1809 2240 domo
1832 2190 1941 2254 ejus
1960 2190 2176 2241 fulmine
2196 2191 2318 2241 icta.

550 2271 635 2320 32.
667 2267 1129 2326 Ancus‘Marcius¹
1166 2285 1330 2336 nepos
1367 2271 1576 2335 Numae,
1613 2285 1706 2321 rex
1742 2278 1970 2330 creatur,
2002 2280 2059 2322 et
2098 2286 2246 2322 sacra
2280 2286 2345 2321 ex
2368 2271 2764 2321 commentariis

618 2350 701 2400 avi
726 2350 1021 2417 pontificem
1061 2351 1114 2402 in
1156 2353 1275 2403 albo
1315 2352 1642 2418 promulgare
1671 2347 1863 2417 jubet(
1913 2349 2012 2405 Jus
2046 2353 2344 2411 Fetialium,
2380 2351 2444 2402 ab
2467 2347 2766 2416 AEquicolis

615 2431 953 2499 descriptum,
977 2449 1081 2501 quo
1101 2440 1409 2500 repetuntur
1431 2449 1510 2486 res
1536 2435 1824 2501 bellumque
1846 2435 2109 2488 iudicitur.
2173 2439 2256 2487 33.
2287 2435 2487 2486 Bellum
2511 2448 2626 2484 cnm
2655 2433 2762 2484 La·

616 2514 756 2578 tinis,
776 2530 990 2582 quorum
1013 2518 1175 2568 multa
1197 2516 1379 2579 millia,
1403 2516 1678 2581 Politorio,
1699 2516 1954 2580 Tellenis,
1976 2517 2187 2582 Ficana,
2208 2524 2265 2568 et
2286 2513 2536 2566 Medullia
2561 2516 2767 2577 captis,

617 2596 835 2648 Romam
858 2599 1224 2650 traducuntur.
1278 2598 1570 2650 Aventinus
1595 2613 1742 2649 mons
1767 2598 2008 2649 Palatino
2019 2600 2250 2664 junctus,
2272 2605 2327 2647 et
2348 2608 2494 2645 novae
2516 2592 2764 2645 multitu-

615 2668 722 2728 dini
746 2680 920 2744 datus,
944 2679 1008 2730 ad
1031 2681 1251 2730 Murcia
1276 2680 1457 2734 oedem.
1523 2679 1813 2731 Jauiculum
1838 2694 2059 2746 quoque,
2091 2687 2251 2744 ponte
2271 2678 2484 2728 sublicio
2506 2678 2558 2726 in
2576 2675 2767 2727 Tiberi

618 2756 782 2822 facto,
800 2760 930 2811 Urbi
954 2762 1307 2826 conjunctum.
1376 2762 1658 2814 Quiritium
1683 2762 1839 2813 fossa.
1894 2763 2104 2821 Cat-cer,
2127 2761 2237 2811 foro
2257 2761 2538 2811 imminens.
2592 2757 2769 2820 Sylva

617 2840 800 2890 Maesia
821 2840 1130 2893 Veientibus
1170 2844 1395 2894 ademta.
1461 2844 1616 2894 Ostia
1650 2846 1703 2895 in
1738 2859 1830 2894 ore
1852 2844 2061 2895 Tiberis·
2084 2843 2316 2904 condita,
2340 2850 2395 2891 et
2417 2841 2588 2889 salinae
2611 2839 2767 2888 circa

618 2919 789 2971 factae.
854 2926 936 2973 34.
974 2922 1219 2979 Lucumo,
1252 2925 1522 2974 Damarati
1548 2925 1803 2975 Corinthii
1824 2923 1978 2982 filius,
2011 2926 2118 2990 qui,
2146 2922 2347 2973 Arunte
2370 2922 2529 2971 fratre
2552 2928 2607 2969 et
2629 2921 2763 2969 dein

619 3008 774 3065 patre
796 3003 1034 3066 mortuis,
1066 3003 1290 3051 omnium
1320 3003 1473 3068 hujus
1498 3003 1745 3055 bonorum
1780 3006 1944 3055 liaeres
1980 3004 2151 3054 factus
2186 3011 2315 3065 erat,
2344 3016 2509 3068 eaque
2534 3008 2765 3051 auxerat

619 3082 806 3146 opibus
825 3084 1121 3148 Tanaquilis
1144 3084 1341 3147 uxoris,
1375 3085 1440 3135 ab
1460 3086 1754 3150 Tarquiniis
1787 3086 1975 3150 migrat
2002 3077 2236 3149 Romam,
2260 3085 2345 3135 nbi
2371 3084 2426 3134 1..
2445 3084 2763 3148 Tarquinius

619 3171 855 3225 vocatur,
879 3172 935 3215 et
959 3176 990 3214 a
1014 3180 1136 3230 rege
1159 3179 1261 3214 non
1286 3166 1437 3216 modo
1470 3166 1524 3216 in
1562 3165 1969 3217 familiaritatem
2001 3167 2270 3232 recipitur,
2304 3165 2397 3215 sed
2430 3162 2574 3215 tutor
2596 3166 2762 3215 etiam

621 3247 801 3297 liberis
825 3247 1115 3296 instituitur
1139 3252 1470 3297 testamento.

554 3328 636 3397 35.
669 3328 729 3379 1..
752 3329 1059 3393 Tarquinius
1078 3326 1290 3378 Priscus
1317 3329 1450 3393 petit
1473 3343 1708 3394 reguum,
1732 3336 1787 3380 et
1811 3328 2021 3393 accipit.
2074 3328 2297 3379 Centum
2322 3329 2372 3378 iu
2395 3328 2587 3379 Patres
2613 3326 2766 3388 lecti,

618 3411 705 3477 qui
728 3409 919 3461 deinde
938 3410 1066 3459 dicti
1084 3415 1202 3459 suut
1227 3411 1477 3459 minorum
1496 3411 1745 3475 gentium,
1759 3417 1814 3460 et
1837 3410 2135 3474 conscripti.
2185 3410 2388 3460 Bellum
2407 3423 2523 3457 cum
2545 3402 2764 3457 Latinis.

617 3493 788 3543 Locus
823 3492 974 3543 Circo
1014 3492 1236 3541 maximo
1270 3491 1591 3556 designatus.
1659 3491 1793 3542 Ludi
1829 3491 2122 3542 Romani's.
2156 3490 2359 3555 Magni.
2424 3488 2675 3540 Porticus
2710 3496 2765 3538 et

567 3598 572 3603 ·
619 3576 871 3624 tabernae·
927 3577 1007 3624 36.
1025 3572 1105 3622 37.
1124 3573 1329 3622 Bellum
1350 3587 1463 3622 cum
1480 3572 1704 3623 Sabinis.
1762 3571 1917 3622 Attus
1944 3572 2139 3622 Navius
2157 3571 2355 3637 Augur.
2417 3574 2501 3623 38.
2536 3567 2767 3620 Ademta

615 3655 820 3707 Sabinis
845 3654 1087 3716 Collatia,
1110 3653 1229 3719 (ubi
1253 3653 1491 3717 Egerius,
1525 3652 1767 3714 Aruntis,
1788 3652 1963 3705 fratris
1993 3654 2149 3720 regis,
2185 3653 2320 3703 filius
2355 3653 2684 3717 posthumus,
2708 3652 2763 3700 iu

619 3736 859 3798 praesidio
900 3733 1236 3800 relinquitur)
1275 3732 1473 3786 Latinis
1513 3734 1863 3790 Corniculum,
1895 3734 2127 3791 Ficulea,
2166 3732 2420 3796 Cameria,
2455 3732 2765 3782 Crustume-

620 3817 768 3878 rium,
803 3812 1084 3876 Ameriola,
1123 3816 1455 3872 Nomentum,
1495 3814 1767 3865 Medullia.
1823 3814 2067 3865 Formula
2098 3815 2391 3865 deditionis.
2449 3814 2591 3864 Urbs
2616 3829 2763 3864 muro

621 3898 795 3946 cincta
818 3913 879 3946 ex
906 3897 1083 3962 lapide
1108 3897 1379 3963 quadrato.
1403 3897 1626 3948 Cloacae.
1652 3894 1793 3946 Area
1807 3897 1986 3962 templi
2003 3896 2150 3947 Jovis
2166 3897 2216 3946 in
2234 3894 2511 3960 Capitolio.
2579 3900 2662 3945 39.
2696 3894 2762 3944 Iu

619 3979 783 4040 regia,
803 3978 852 4026 in
877 3995 976 4043 qua
994 3986 1143 4029 natus
1167 3987 1281 4029 erat
1299 3978 1508 4028 Servius
1530 3976 1745 4035 Tullius,
1770 3978 1916 4042 cujus
1940 3986 2090 4042 pater
2114 3983 2356 4042 princeps
2378 3975 2554 4026 fuerat
2577 3968 2764 4027 Corui·

619 4059 740 4113 culi,
764 4072 924 4121 puero
946 4057 1221 4109 dormienti
1245 4066 1403 4124 caput
1425 4059 1595 4109 ardet.
1650 4056 1783 4108 Inde
1806 4059 2080 4108 liberorum
2100 4059 2186 4109 ille
2210 4060 2325 4109 loco
2343 4058 2586 4123 habetur,
2609 4059 2762 4123 eique

620 4148 803 4205 postea
838 4139 1188 4203 despondetur
1228 4141 1364 4203 regis
1403 4138 1529 4190 filia.
1595 4146 1677 4192 40.
1710 4141 1850 4190 Hinc
1889 4139 2024 4191 Anci
2064 4140 2166 4190 duo
2196 4138 2288 4203 filii
2323 4139 2535 4190 insidias
2570 4147 2758 4204 parant

620 4222 763 4287 regi;
785 4235 937 4287 quem
963 4221 1062 4271 duo
1086 4229 1342 4285 pastores,
1365 4220 1431 4272 ab
1456 4222 1553 4272 illis
1575 4221 1830 4288 corrupti,
1849 4220 2112 4272 occidunt.
