3034 4925
610 385 742 449 404

1538 398 1583 446 Τ
1637 397 1844 447 ΙΙΑῚΠΙ

614 551 1020 618 Saturnalia*
1057 551 1400 618 institutus
1428 552 1645 641 festus
1674 554 1838 618 dies.
1927 551 2016 617 A.
2044 549 2284 617 deinde
2336 548 2746 614 Postumius
2765 554 2794 602 2¹

610 664 678 719 et
707 656 789 719 Τ.
819 655 1157 738 Virginius
1186 656 1499 721 consules
1530 656 1713 722 facti.

1802 654 1959 721 Hoc
1989 655 2258 719 demum
2290 671 2469 717 anno
2513 650 2601 715 ad
2648 649 2800 715 Re·

609 756 843 838 gillum
872 757 1092 821 lacum
1117 763 1499 841 pugnatum,
1527 758 1707 843 apud
1731 758 2056 842 quosdam
2077 755 2396 834 invenio,¹
2421 752 2509 818 A.
2537 753 2798 819 Postu·

607 859 838 937 mium,
881 859 1041 942 quia
1069 860 1364 943 collega!
1406 860 1634 925 dubiae
1664 859 1822 925 fidei
1857 859 2079 937 fuerit,
2109 877 2181 923 se
2211 856 2567 922 consulatu
2597 853 2799 919 abdi·

609 952 840 1042 οέιεεος
891 961 1274 1027 dictatorem
1321 961 1471 1026 inde
1521 962 1792 1027 factum.
1884 961 2089 1027 Tanti
2137 979 2390 1026 errores
2439 958 2801 1042 implicant

608 1067 1039 1147 temporum,⁴
1079 1064 1273 1129 aliter
1310 1063 1493 1148 apud
1541 1063 1710 1129 alios
1754 1064 2081 1130 ordinatis
2121 1061 2653 1147 magistratibus,
2701 1068 2800 1136 nt,

608 1184 736 1229 nec
784 1167 900 1249 qui
945 1167 1252 1231 consules
1301 1164 1666 1232 secundum
1714 1166 2090 1251 quosdam,⁵
2134 1184 2261 1231 nee
2310 1163 2471 1250 quid
2513 1162 2800 1248 quoque

607 1286 779 1333 anno
827 1274 1050 1333 actum
1101 1269 1211 1347 sit,
1256 1271 1325 1334 in
1372 1273 1566 1334 tanta
1611 1271 1975 1349 vetustate,
2005 1288 2135 1336 non
2166 1288 2378 1335 rerum
2408 1266 2644 1343 modo,
2680 1262 2802 1328 sed

607 1370 809 1437 etiam
854 1377 1221 1451 auctorum,
1267 1371 1563 1456 digerere
1614 1371 1888 1456 possis-⁶
1973 1370 2111 1457 Ap.
2138 1369 2503 1437 Claudius⁸
2546 1365 2802 1494 deinde

668 1554 890 1604 Tanta
924 1561 1034 1606 sunt
1053 1555 1271 1631 umbages
1291 1555 1459 1619 quibus
1488 1561 1695 1620 tempora
1716 1555 1800 1607 illa
1833 1555 2150 1612 involvuntur,
2170 1555 2411 1605 consulam
2441 1560 2801 1616 ceterorumque

602 1619 963 1680 magistratuum
993 1620 1114 1669 serie
1133 1623 1276 1670 aliter
1305 1626 1444 1685 atque
1463 1622 1606 1670 aliter
1624 1623 1750 1684 apud
1772 1621 2018 1671 historicos
2050 1622 2255 1684 digesta,
2287 1624 2345 1668 ut
2372 1620 2426 1668 in
2456 1619 2548 1668 hue
2568 1623 2683 1667 tam
2704 1618 2800 1666 loa·

597 1685 796 1746 ginqun,
819 1689 921 1732 tuns
948 1698 1104 1733 rei-ess
1120 1691 1380 1749 gestarum,
1403 1691 1504 1736 tuas
1524 1686 1831 1737 scribentium
1850 1686 1994 1736 etim
2013 1685 2319 1760 antiquitate,
2354 1684 2563 1734 discerni
2597 1697 2668 1733 ae
2703 1683 2802 1732 dia·

602 1748 760 1809 tingui
781 1753 997 1812 nequeat,
1016 1764 1077 1799 ex
1111 1756 1240 1800 certa
1270 1753 1436 1801 saltem
1471 1751 1736 1814 aliquorum
1773 1752 2063 1807 narratione,
2095 1765 2179 1802 nec
2212 1749 2402 1816 quinam
2439 1755 2555 1800 tunc
2573 1749 2799 1799 consules

604 1818 755 1862 essent
775 1827 880 1862 cum
899 1827 974 1862 res
990 1821 1288 1880 gererentur,
1309 1830 1395 1867 nee
1416 1831 1505 1881 quo
1528 1831 1651 1865 anno
1669 1819 1819 1879 gestoe
1838 1816 1958 1868 sint.

1493 1956 1865 1983 eoeneueeeff

659 2061 690 2107 4
724 2057 872 2122 Conj.
915 2059 1114 2111 Duker.
1158 2069 1479 2126 tempora.—6
1515 2062 1848 2114 ‘Perizonius
1891 2060 1945 2113 in
1988 2060 2265 2113 Animadv.
2310 2058 2450 2110 Hist.
2492 2070 2614 2121 cap.
2655 2060 2711 2106 ⁵.
2747 2068 2796 2118 p.

1584 2225 1799 2277 NOTAE

593 2317 881 2386 Superbus.
940 2321 1213 2389 Dionysius
1226 2324 1324 2375 hoc
1348 2339 1480 2375 anno
1499 2324 1644 2375 dedi·

589 2403 761 2446 catum
785 2405 961 2449 narrat
984 2400 1034 2449 iu
1056 2402 1190 2451 clivo
1209 2402 1519 2468 Capitolino,
1542 2417 1644 2469 qua

591 2488 622 2525 e
655 2472 767 2525 foro
806 2477 1123 2542 ascenditur,
1164 2480 1250 2530 ubi
1288 2487 1441 2531 antea
1470 2479 1644 2530 fuerat

587 2563 679 2601 ara
696 2552 762 2602 ab
782 2552 1014 2605 Hercule
1037 2562 1256 2607 sacrata.
1322 2555 1480 2621 Apud
1511 2557 1643 2606 hanc

580 2628 757 2697 *edem
774 2628 1030 2682 AErarium
1061 2631 1165 2684 fuit
1195 2633 1370 2697 populi
1401 2632 1645 2694 Romani,

590 2705 644 2755 in
679 2722 780 2773 quo
818 2715 926 2758 tum
962 2711 1196 2774 pecunia,
1220 2718 1328 2762 tum
1362 2717 1486 2761 acta
1512 2709 1642 2775 pub.

588 2780 688 2831 lica
721 2785 973 2835 asservari
1016 2801 1125 2836 mos
1164 2795 1295 2837 erat.
1358 2786 1424 2837 Id
1468 2795 1642 2837 tamen

585 2874 618 2910 a
655 2862 925 2928 Poplicola
963 2865 1253 2919 institutum
1290 2869 1401 2919 vult
1437 2869 1643 2919 Plutar-

590 2937 736 2999 cbus,
757 2954 788 2987 a
811 2954 910 3005 quo
940 2941 1190 2994 destinari
1230 2946 1457 3017 quidem
1469 2960 1534 2994 ea
1560 2959 1642 2994 res

589 3014 781 3078 potuit,
800 3029 899 3064 uon
922 3016 1130 3080 perfici,
1166 3019 1207 3069 si
1231 3036 1333 3071 uon
1357 3027 1478 3071 ante
1507 3022 1643 3072 hunc

589 3101 777 3139 anuum
811 3091 984 3142 dicata
1007 3093 1145 3143 aedes
1172 3094 1290 3146 fuit.
1355 3098 1531 3160 Hujus
1554 3112 1642 3147 au-

588 3172 695 3214 tem
729 3166 950 3217 instituti
986 3183 1100 3218 cum
1139 3171 1314 3234 plures
1361 3171 1642 3224 afferantur

587 3255 777 3301 cause,
797 3244 875 3292 has
910 3245 1130 3296 maxime
1153 3248 1444 3312 probabiles
1478 3249 1642 3300 videri

588 3324 821 3382 possunt,
855 3319 992 3384 quod
1025 3322 1166 3372 locus
1198 3324 1421 3375 munitus
1443 3331 1497 3376 et
1520 3341 1640 3377 con·

584 3393 816 3458 spiculis,
839 3409 1004 3461 eoque
1029 3404 1170 3450 tutus
1194 3407 1364 3463 esset;
1395 3401 1638 3467 quodque

581 3470 805 3520 Saturno
836 3479 1082 3536 regnante
1120 3476 1375 3538 privatum
1412 3478 1539 3529 nibil
1558 3478 1636 3529 fu·

581 3547 685 3598 isse
738 3547 964 3605 dicatur,
1018 3549 1237 3615 ideoque
1290 3568 1389 3605 nec
1434 3552 1634 3608 furtum

580 3622 918 3674 commissum.
979 3624 1035 3676 S.
1058 3625 1346 3691 Cyprianus
1387 3631 1523 3683 hanc
1554 3645 1632 3681 ra·

580 3699 773 3749 tionem
808 3698 972 3766 addit,
1016 3702 1156 3765 qnod
1192 3703 1445 3756 Saturnus
1483 3721 1630 3759 num-

578 3788 718 3824 mum
742 3776 935 3839 primus
963 3777 1321 3840 percussisset..

638 3855 655 3888 ⁸
676 3854 975 3921 δαείω-ποιῶ]
1002 3854 1143 3908 Ante
1166 3858 1425 3910 Caesarem
1446 3861 1630 3911 Satur·

580 3930 716 3980 nalia
733 3946 833 3981 uuo
855 3932 960 3997 die,
976 3947 1165 3999 nempe
1177 3948 1302 3987 xiv.
1325 3938 1445 3989 Kal.
1467 3939 1630 3990 Janu·

581 4004 716 4054 arias
752 4007 1168 4062 celebrabantur.
1273 4014 1402 4065 Cum
1454 4024 1629 4066 autem

582 4081 790 4132 Coesar
776 4096 827 4131 in
848 4097 979 4134 suno
1008 4089 1332 4142 emendando
1362 4092 1476 4144 dies
1499 4093 1627 4145 duos

577 4157 744 4207 mensi
802 4159 1079 4212 Decembri
1112 4164 1414 4232 adjecisset,
1466 4171 1629 4235 coepit

577 4234 907 4287 hoeFestum
925 4248 1040 4288 xvi.
1064 4240 1183 4291 Kal.
1214 4242 1489 4296 Januarias
1508 4247 1626 4336 ⁸3⁵..
1610 4281 1627 4310 ,

580 4310 716 4367 unde
749 4325 866 4364 cum
900 4312 988 4364 alii
1021 4329 1087 4366 ex
1128 4320 1291 4370 veteri
1323 4336 1482 4389 more,
1517 4323 1628 4389 qui-

1725 2323 1845 2373 dam
1889 2337 1954 2372 ex
2002 2321 2244 2371 instituto
2281 2317 2504 2371 Caesaris
2549 2314 2793 2366 celebra·

1726 2412 1861 2466 rent,
1883 2400 2078 2452 factum
2095 2410 2174 2452 est
2194 2398 2443 2466 paulatim
2468 2404 2525 2446 ut
2548 2394 2791 2460 pluribus
2869 2411 2874 2428 ·

1723 2479 1901 2529 diebus
1945 2478 1999 2528 id
2037 2479 2228 2527 festum
2259 2482 2534 2538 ageretur:
2587 2481 2651 2521 et
2687 2471 2791 2522 An·

1723 2561 1905 2621 gustus
1927 2553 2116 2605 deinde
2154 2567 2242 2603 eas
2272 2550 2434 2601 ferias
2465 2546 2654 2600 triduo
2689 2562 2790 2597 ser·

1722 2632 1830 2682 vari
1841 2632 2017 2696 jussit.
2087 2626 2452 2682 Saturnalibus
2476 2633 2662 2675 autem
2686 2638 2790 2674 aas·

1722 2724 1851 2760 nera
1881 2709 2030 2760 mitti
2070 2708 2324 2770 solebant,
2377 2704 2518 2755 cerei
2561 2716 2790 2767 praser-

1721 2785 1815 2837 tim
1838 2801 1855 2847 ς
1888 2786 2152 2851 servisque
2175 2784 2415 2835 convivio
2434 2781 2682 2846 exceptis
2705 2779 2787 2830 do-

1721 2863 1845 2912 mini
1875 2877 1937 2913 eo
1976 2869 2211 2927 tempore
2248 2859 2640 2911 ministrabant.
2711 2857 2785 2907 De

1721 2941 1900 2991 harum
1939 2939 2185 2990 seriarum
2229 2938 2333 2988 ritu
2377 2943 2539 3001 atque
2582 2934 2785 2999 origine

1721 3016 1874 3080 plura
1897 3016 2033 3080 apud
2058 3015 2281 3079 Dionys.
2307 3013 2467 3062 babes
2490 3010 2583 3062 lib.
2607 3025 2689 3061 vr.
2711 3019 2784 3060 at·

1725 3096 1838 3159 quet
1855 3093 2088 3158 inprimis
2110 3091 2250 3156 apud
2275 3087 2609 3140 Maon-obium
2631 3088 2724 3138 lib.
2744 3100 2783 3136 ι.

1722 3171 1933 3220 Saturu.

1784 3253 1807 3279 ¹·
1840 3249 1908 3298 A.
1944 3248 2111 3297 deinde
2155 3242 2460 3306 Postumius]
2497 3242 2692 3294 Factos
2730 3242 2780 3291 in

1721 3338 1807 3375 an.
1843 3323 1911 3374 U.
1945 3324 2006 3375 C.
2041 3326 2155 3374 257.
2190 3321 2444 3373 Consules
2486 3320 2550 3368 A.
2589 3318 2780 3369 Postu·

1719 3401 1876 3453 mium
1916 3401 2127 3457 Album.
2160 3406 2217 3449 et
2247 3399 2307 3448 T.
2331 3396 2630 3461 virginium
2667 3394 2778 3444 Tri·

1717 3483 1917 3528 costum
1933 3477 2385 3537 Coelimoutanum,
2403 3488 2471 3523 ex
2497 3473 2714 3527 Nostro,
2724 3479 2779 3521 et

1712 3553 1862 3605 fastis
1893 3553 2096 3615 Siculis,
2119 3552 2360 3617 aliisque,
2381 3549 2652 3601 discimus.

1776 3638 1804 3666 ¹
1838 3632 1979 3695 Apud
1999 3630 2221 3695 quosaam
2237 3627 2455 3691 invenio]
2491 3625 2776 3691 Atqueboe

1711 3709 2046 3775 probabilius,
2060 3706 2195 3772 quod
2208 3706 2266 3756 Τ.
2282 3705 2492 3755 Lartius
2511 3711 2637 3755 ante
2653 3703 2778 3754 Pos-

1712 3784 1928 3837 tumium
1953 3783 2185 3835 dictator
2205 3779 2367 3831 fuerit
2389 3797 2405 3842 ;
2437 3780 2582 3830 illius
2602 3786 2775 3830 aute-

1709 3863 2024 3913 dietaturam
2051 3860 2104 3909 in
2129 3872 2214 3908 an.
2246 3861 2365 3907 265.
2398 3854 2614 3907 confert
2648 3854 2772 3905 Dio-

1653 3970 1664 3979 =
1711 3955 1822 4006 nys.
1846 3953 1945 3989 nec
1965 3937 2159 3993 Livius,
2170 3934 2259 4000 qui
2277 3940 2618 3983 antevertere
2630 3930 2771 3981 vide-

1709 4021 1814 4077 tur,
1858 4012 1998 4066 aliud
2037 4009 2276 4066 affirmat,
2315 4022 2472 4074 quam
2505 4006 2770 4058 dictatoris

1710 4091 1918 4144 creandi
1947 4089 2262 4139 mentionem
2285 4085 2501 4135 factam.
2566 4082 2769 4134 Deinde

1707 4170 1803 4220 boc
1826 4181 1961 4217 anuo
1980 4162 2226 4227 triumphi
2249 4161 2318 4211 de
2336 4159 2537 4213 Latinis
2550 4157 2767 4222 vestigia

1709 4245 1902 4298 suntin
1925 4238 2229 4305 fragmentis
2257 4236 2588 4300 Capitolinis.
2650 4233 2766 4285 noe

1711 4333 1917 4389 quoqne
1941 4331 2073 4370 anno
2094 4321 2377 4383 pugnatum
2399 4311 2585 4365 Idibus
2607 4309 2766 4365 Quin·
