3034 4925
2294 366 2426 441 29³

212 531 406 600 bus⁸
470 532 648 619 (jam
699 531 878 597 euim
923 530 1215 597 induciae
1240 539 1267 567 ⁸
1326 529 1708 614 exierant)⁸
1729 559 1752 606 f
1798 530 2081 616 aliisque
2125 525 2427 601 Etruscis

212 643 561 702 sumtum.
643 636 723 702 In
772 656 854 701 eo
904 635 1087 700 hello
1146 643 1217 700 et
1246 633 1451 699 virtus
1499 638 1568 698 et
1601 632 1861 700 fortuna
1901 635 2144 706 enituit
2193 636 2425 704 Tullii.

218 740 560 825 Fusoque
585 741 830 824 ingenti
867 738 1162 805 hostium
1212 738 1546 832 exercitu,
1584 737 1766 804 haud
1797 737 2040 804 dubius
2084 738 2258 819 rex,b
2299 759 2424 806 seu

210 843 539 922 Petrum,
583 864 695 909 seu
747 844 969 930 plebis
1017 843 1276 909 animos
1324 843 1825 927 periclitaretur,
1870 842 2161 908 Romam
2208 845 2425 912 rediit.

212 945 767 1033 Aggrediturque
804 948 952 1013 inde
997 945 1119 1012 ad⁵
1163 947 1360 1031 pacis
1401 947 1599 1029 longe
1648 946 2011 1011 maximum
2064 961 2282 1031 opust
2327 958 2422 1027 ut,

210 1051 797 1133 quemadmodum
829 1051 1061 1118 Numa
1103 1051 1315 1117 divini
1359 1055 1614 1126 auctor‘
1626 1049 1800 1133 juris
1846 1049 2105 1128 fuisset,
2151 1049 2246 1115 ita
2274 1051 2424 1117 Ser·

209 1155 412 1218 vium
445 1154 857 1220 conditorem
887 1155 1108 1221 omnis
1137 1155 1500 1221 incivitate
1525 1153 1928 1219 discriminis
1958 1152 2420 1239 ordinumque,

212 1258 479 1341 quibus
501 1259 673 1323 inter
701 1258 946 1341 gradus
965 1257 1298 1341 dignitatis
1326 1256 1738 1340 fortunaeque
1758 1254 2022 1339 aliquid
2042 1254 2419 1334 interlucet,

210 1361 489 1444 posteri
507 1362 685 1426 fama
700 1361 991 1427 ferrent?
1033 1361 1324 1427 Censum
1343 1361 1515 1425 enim
1535 1360 1910 1436 instituit‚⁰·
1930 1363 1949 1395 ‘
1963 1376 2098 1423 rem
2122 1359 2422 1424 saluber·

1024 383 1169 435 ms.
1216 385 1267 436 ι.
1312 385 1474 436 cAr.
1519 369 1626 436 42.

283 1585 315 1609 ²
358 1578 425 1626 Ut
458 1581 709 1641 posteritas
736 1595 842 1630 enm
871 1516 1382 1640 emmim&
1403 1580 1529 1628 velut
1548 1578 1901 1628 constitutorem
1921 1576 2071 1625 omnis
2099 1574 2419 1624 distinctionis

210 1658 331 1707 quoe
354 1644 482 1692 inter
500 1645 627 1694 cives
653 1651 741 1711 est,
772 1650 914 1709 atque
934 1646 1169 1704 ordinum,
1200 1660 1286 1710 per
1317 1660 1433 1709 quos
1450 1644 1630 1694 diversi
1660 1644 1883 1693 honorum
1904 1647 1952 1691 et
1988 1641 2208 1691 bonorum
2236 1640 2418 1703 vadus

209 1722 553 1767 secernuntur,
573 1717 711 1777 atque
732 1712 1130 1762 internoscantur.

286 1521 318 1544 ¹⁸
355 1511 670 1563 Frater-ierac
694 1477 873 1578 tempus

1150 1823 1206 1843 06
1212 1822 1508 1843 mmem

281 1911 320 1956 4
357 1906 486 1957 Μαι.
508 1907 736 1958 nonnulli
758 1907 1127 1959 liberorum—5
1159 1906 1241 1958 Aa
1262 1908 1363 1958 del.
1384 1907 1522 1958 Edd.
1544 1914 1667 1957 ante
1697 1905 1860 1956 Drak.

1226 2021 1438 2074 NOTAE

278 2128 303 2153 ²
342 2120 469 2169 cm
497 2119 794 2184 Veientibus]
829 2121 1043 2173 Mortuo
1067 2122 1286 2186 Tarqui·
1362 2121 1629 2186 producta*
1650 2118 1857 2169 fueraut
1884 2116 2257 2179 induciae‚cum
2282 2113 2420 2164 staca

211 2197 307 2246 nio
351 2197 559 2258 Prisco,
580 2198 830 2249 Veientes
870 2199 1287 2275 primumkcnm·

213 2289 321 2339 que
361 2274 446 2326 bis
477 2275 881 2341 Tarquinienses
917 2285 974 2327 et
1004 2276 1285 2341 Caeretani,

213 2366 279 2402 ac
314 2352 514 2402 deinde
536 2355 697 2404 ceteri
720 2351 955 2404 Etruriae
979 2354 1158 2417 populi
1181 2354 1284 2405 Ro·

210 2443 491 2483 manorum
515 2431 786 2495 imperium
809 2429 1120 2481 abnuerunt.
1145 2430 1284 2481 Hine

211 2506 510 2557 vicennale
564 2521 680 2557 eum
733 2507 812 2557 eis
864 2507 1056 2558 bellum
1095 2507 1282 2566 Tullio,

212 2583 524 2646 proliorum
569 2584 795 2634 omnium
844 2583 1047 2641 victori,
1103 2584 1281 2634 trium-

214 2661 444 2722 phorum
507 2661 662 2711 trium
716 2661 985 2711 materiem
1040 2661 1284 2724 prabuit.

214 2736 415 2787 Donec
439 2734 622 2788 fractae
646 2735 916 2787 duodecim
946 2738 1283 2789 Etruscorum

212 2813 464 2865 civitates
501 2813 553 2862 ei
610 2827 724 2863 sese
760 2811 1087 2863 dediderunt.
1153 2816 1282 2868 Qui·

215 2889 316 2940 bns
342 2891 437 2940 ille
460 2904 640 2953 pacem
663 2891 738 2940 ita
757 2889 924 2952 dedit,
947 2897 1006 2940 ut
1032 2898 1141 2940 tres
1164 2891 1281 2941 illos

216 2969 466 3033 populos,
502 2971 587 3033 qui
626 2969 777 3033 primi
819 2982 962 3027 arma
991 2977 1282 3032 moverant,

180 3061 186 3067 ·
215 3046 331 3110 agri
375 3052 526 3108 parte
563 3047 860 3097 mulctaret.
926 3045 989 3096 Id
1016 3047 1068 3096 in
1091 3060 1281 3098 aunum

217 3122 283 3173 U.
306 3123 373 3172 C.
398 3126 514 3172 202.
532 3122 884 3173 referendum.

279 3208 305 3235 ⁸
344 3201 590 3265 ludwice]
626 3201 859 3251 Induciae
903 3201 1213 3253 Veientibus
1250 3215 1282 3251 a

217 3277 443 3327 Romulo
467 3277 665 3328 dataein
687 3285 898 3329 centnm
922 3292 1082 3329 annos
1105 3293 1284 3344 supra.

217 3370 337 3419 cap.
387 3360 468 3405 15.
503 3356 596 3406 sub
635 3357 784 3407 Tullo
819 3356 1046 3407 Hostilio
1077 3359 1282 3409 violatae

216 3429 457 3493 fueraut,
478 3446 524 3481 c.
544 3436 627 3485 27.
648 3442 703 3482 et
723 3448 754 3482 a
789 3440 954 3484 morte
989 3435 1192 3485 Romuli
1215 3434 1283 3485 ad

216 3509 313 3560 hoe
340 3511 589 3573 temporis
614 3511 731 3561 anni
752 3512 867 3574 plus
892 3526 1044 3576 quam
1063 3513 1282 3576 quadra-

218 3589 368 3651 ginta
385 3602 545 3651 supra
563 3599 772 3643 centum
796 3584 1123 3642 effluxerant.
1180 3592 1283 3641 Sed

223 3665 339 3719 vide
368 3681 485 3730 quae
508 3675 662 3716 antea
684 3682 731 3717 c.
748 3672 831 3719 31.
854 3683 918 3719 es
939 3669 1007 3718 de
1032 3683 1089 3721 re
1113 3668 1242 3721 dixi.

282 3752 305 3798 †
319 3741 575 3791 Jamenim
584 3742 1037 3806 inducioeexierant]
1057 3745 1114 3795 Si
1132 3744 1284 3795 intel-

224 3817 457 3893 ligantur
480 3820 701 3872 indueiae
723 3823 777 3870 in
809 3832 1017 3875 centnm
1047 3836 1205 3872 annos
1224 3822 1284 3873 iis

224 3907 254 3945 a
276 3894 502 3945 Romulo
538 3897 674 3947 datm
715 3905 773 3948 ut
794 3913 951 3963 snpra
974 3913 1022 3949 c.
1058 3904 1137 3948 15.
1150 3899 1284 3961 jam-

224 3971 415 4023 dudum
471 3980 624 4023 erant
669 3975 863 4039 elapsae
889 3991 907 4036 ς
965 3974 1104 4025 datoe
1146 3974 1282 4025 enim

226 4056 376 4099 erant
397 4064 500 4100 non
540 4050 705 4100 serius
745 4065 879 4102 auno
915 4051 983 4101 U.
1006 4051 1067 4101 C.
1092 4054 1172 4101 87.
1194 4050 1284 4114 qui

225 4126 435 4176 ultimus
477 4125 583 4176 fuit
621 4127 849 4187 Romuli,
885 4135 940 4176 et
968 4127 1078 4190 jam
1114 4139 1277 4177 annus

226 4203 476 4264 agebatur
495 4202 562 4252 ab
583 4204 651 4252 U.
677 4202 735 4255 C.
757 4204 1018 4255 minimum
1041 4207 1154 4254 176.
1188 4202 1279 4268 qui

227 4280 419 4339 primus
438 4280 607 4331 Servii
633 4281 789 4332 Tullii
822 4280 940 4333 fnit.
1004 4281 1110 4333 Sed
1137 4279 1276 4333 forte

1361 2206 1429 2250 toe
1452 2197 1662 2248 fuerant
1685 2197 1782 2249 sub
1804 2195 1975 2250 Tullo,
1997 2208 2114 2258 cap.
2136 2197 2217 2244 27.
2241 2199 2298 2243 et
2320 2192 2418 2242 ite·

1360 2288 1474 2325 rum
1498 2277 1817 2324 instaurate.
1849 2273 1903 2321 J.
1931 2270 2164 2320 Clericus.

1423 2351 1447 2386 b
1480 2350 1630 2401 Haud
1646 2349 1817 2400 dubius
1834 2346 1948 2411 rex]
1980 2345 2155 2395 Antea
2175 2344 2414 2407 nutabat,

1359 2431 1506 2498 quasi
1549 2429 1778 2487 dubium,
1826 2429 1937 2494 ejus
1993 2439 2227 2489 regnum,
2279 2423 2419 2490 quod

1359 2524 1459 2560 non
1482 2523 1626 2559 more
1646 2508 1898 2571 majorum
1921 2504 2157 2570 patribus
2188 2502 2338 2551 simul
2363 2508 2420 2552 et

1359 2588 1553 2651 populo
1608 2582 1885 2648 probatum
1940 2586 2100 2631 esset.
2165 2575 2240 2649 At
2285 2583 2420 2641 most

1359 2663 1660 2714 affinitatem
1697 2676 1813 2712 cum
1855 2655 2170 2722 Tarquiniis,
2207 2656 2264 2707 el
2288 2670 2418 2719 prae·

1357 2742 1548 2791 claram
1572 2738 1843 2789 victoriam
1868 2735 1935 2784 de
1959 2732 2195 2784 Etruscis
2229 2745 2418 2795 oppor-

1360 2827 1485 2869 tune
1542 2823 1880 2884 reportatam,
1944 2809 2157 2860 dubium
2222 2809 2419 2857 nullum

1358 2903 1493 2959 erat,
1532 2894 1676 2959 quin,
1711 2892 1820 2942 sive
1844 2890 2088 2949 Senatus,
2119 2885 2229 2934 sive
2255 2884 2420 2948 plebis

1358 2971 1611 3037 suffragia
1629 2967 1856 3034 experiri
1876 2966 2054 3027 vellet,
2074 2976 2309 3025 suprema
2334 2975 2420 3024 po.

1359 3059 1523 3101 testas
1565 3045 1910 3110 eirommuui
1947 3053 2202 3092 consensu
2233 3035 2422 3088 confir·

1356 3127 1564 3190 manda,
1580 3134 1671 3176 aut
1691 3120 1974 3173 deferenda
1997 3123 2154 3169 esset.

1421 3211 1444 3237 θ
1479 3205 1683 3253 censum
1714 3200 1840 3250 enim
1864 3191 2103 3257 instituit]
2139 3189 2417 3240 Veteribus

1358 3280 1666 3331 vocabulum
1738 3279 1919 3327 Census
1960 3284 2058 3321 non
2113 3283 2208 3332 pro
2244 3280 2417 3316 annuo

1358 3358 1530 3408 reditu
1569 3362 1624 3407 et
1683 3350 2034 3419 pensitatione
2079 3346 2317 3405 sumitur,
2360 3350 2419 3392 ut

1359 3442 1540 3499 postea
1563 3438 1888 3494 usurpatum,
1920 3424 2010 3475 sed
2050 3437 2144 3487 pro
2170 3422 2417 3470 bonorum

1358 3511 1733 3570 aestimation03
1769 3519 1888 3556 cum
1926 3502 2130 3553 scilicet
2165 3498 2417 3559 cujusque

1357 3588 1482 3638 civis
1503 3586 1701 3637 familia
1730 3591 1787 3635 et
1813 3579 2093 3631 facultates
2139 3586 2416 3622 recensen-

1358 3672 1464 3726 tur,
1506 3671 1667 3727 atque
1710 3661 1763 3709 in
1810 3656 2011 3708 tabulas
2057 3650 2293 3716 publicas
2337 3661 2418 3696 re·

1358 3740 1618 3791 feruntur.
1663 3736 1727 3787 Id
1752 3743 1924 3784 autem
1949 3745 2011 3780 ea
2034 3725 2325 3793 presertim
2348 3723 2417 3774 de

1360 3833 1516 3869 causa
1542 3817 1835 3866 institutum
1857 3809 1958 3859 fuit
1979 3823 2010 3857 a
2032 3803 2210 3854 Servio
2228 3801 2417 3860 Tullio,

1360 3904 1421 3955 ut
1463 3893 1847 3959 intelligeretur
1884 3890 2132 3951 quantum
2177 3879 2417 3945 quisque,

1360 3971 1716 4036 proportione,
1736 3980 1837 4016 non
1863 3960 2215 4026 arithmetica,
2244 3965 2303 4006 ut
2325 3971 2415 4006 an-

1361 4055 1468 4106 tea,
1493 4047 1586 4097 sed
1611 4041 1951 4109 geometrica,
1985 4038 2038 4089 in
2073 4034 2304 4103 publicas
2327 4048 2416 4083 ne-

1359 4125 1631 4175 cessitates
1663 4117 1903 4170 conferre
1937 4122 2131 4180 posset,
2164 4128 2224 4163 ac
2260 4111 2421 4171 debe-

1361 4210 1444 4253 ret
1464 4216 1531 4249 ex
1553 4198 1689 4248 bono
1712 4204 1768 4247 et
1792 4209 1962 4261 aequo.

1423 4276 1453 4306 '⁵
1487 4277 1555 4325 A.
1577 4275 1643 4324 U.
1667 4273 1726 4323 C.
1754 4276 1863 4323 191.
1911 4314 1916 4323 .
