3034 4925
1048 407 1195 457 ma.
1242 406 1326 458 ιι.
1369 405 1534 457 on.
1576 387 1687 457 33.

2323 391 2455 462 4ae

246 551 388 637 Sp.
417 550 696 620 Cassius
725 556 794 620 et
823 552 1197 619 Postumus
1227 549 1583 618 Cominius
1611 550 2034 619 consulatum
2057 559 2085 589 ¹¹
2112 549 2454 630 inierunt?

248 654 405 721 His
434 656 830 724 consulibus
876 674 1031 722 cum
1071 654 1339 722 Latinis
1382 652 1661 739 populis
1690 654 1899 722 ictum
1927 647 2177 721 ibidus.
2242 653 2355 722 Ad
2385 653 2456 720 id

242 758 631 826 feriendum
660 760 894 828 consul
939 760 1106 825 alter
1154 758 1398 826 Romae
1439 757 1722 840 mansit3
1768 757 1957 837 alter,
2007 757 2097 823 ad
2126 755 2456 824 Volscum

243 861 515 928 bellum
555 863 825 954 missua,
873 862 1187 931 Antiates
1214 859 1516 927 Volscos
1534 867 1561 896 ⁰
1609 858 1827 925 fundit
1865 859 2228 944 fugatque:
2275 877 2457 925 com-

243 962 502 1047 pulsos
547 965 617 1031 in
666 966 997 1051 oppidum
1040 963 1406 1048 Longulam
1428 969 1458 1012 Ρ
1501 970 1915 1047 persecutae,
1968 963 2304 1040 moenibus
2333 981 2457 1047 po·

244 1067 442 1136 titur.
529 1068 698 1138 Inde
757 1069 1138 1145 Poluscam,
1209 1067 1369 1134 item
1391 1072 1418 1112 ‘¹
1481 1064 1915 1145 Volscorum,
1971 1066 2160 1151 cepit
2183 1073 2241 1133 2³
2312 1072 2457 1132 tum

1185 1211 1543 1240 corneo-aeone

326 1319 359 1364 a
394 1315 554 1383 ναις.
588 1316 711 1369 [και
724 1315 942 1382 putiau
964 1315 1271 1369 nmen
1296 1313 1572 1367 voum
1604 1314 1749 1381 capa.
1801 1313 1925 1366 vid.
1950 1314 2083 1367 Not.
2104 1312 2201 1367 inf.
2222 1321 2278 1366 οι
2302 1312 2458 1366 Nm.

1257 1444 1470 1500 NoTAE

252 1544 370 1595 res,
409 1529 614 1584 dubitat
635 1531 1015 1583 Gotlelevaeus:
1048 1546 1201 1582 unam
1236 1531 1321 1581 hie

250 1609 500 1659 nominat
518 1609 694 1660 Livius
715 1616 773 1661 et
795 1609 1114 1675 Dionysium
1163 1616 1218 1659 et
1242 1614 1321 1659 tn·-

248 1702 383 1738 men
428 1686 566 1740 idem
608 1689 785 1743 Livius
829 1690 973 1754 alibi,
1013 1697 1070 1742 et
1114 1689 1319 1754 Cicero,

250 1760 502 1831 pluribus
524 1767 668 1833 loeis,
698 1774 914 1819 sacratas
936 1769 1114 1819 dicunt
1144 1778 1319 1818 nume-

250 1859 321 1895 ro
345 1846 553 1910 plurali.
618 1846 772 1900 Quod
802 1847 1008 1898 etiamsi
1039 1845 1103 1895 de
1128 1845 1245 1910 lege
1265 1847 1320 1895 in

251 1924 602 1974 securitatem
626 1923 944 1975 tribunorum
974 1924 1082 1973 lata
1101 1922 1321 1987 accipia-

253 2014 402 2059 mus,
421 1999 638 2064 intelligi
660 2007 803 2051 recte
825 2006 998 2066 potest
1015 2000 1079 2049 de
1096 1999 1327 2064 pluribus

256 2078 382 2144 ejus
419 2078 694 2144 capitibus,
727 2094 841 2148 quae
878 2079 1081 2146 singula
1105 2077 1327 2132 totidem

254 2157 411 2220 leges
450 2157 570 2212 sint,
634 2155 842 2222 Alioqui
876 2162 1081 2210 sumta
1114 2157 1243 2219 teges
1275 2156 1329 2208 iu

255 2247 462 2297 genere
482 2234 808 2285 nominantur
844 2250 878 2285 a
915 2235 1329 2298 consecratione,

255 2323 425 2375 qnam
447 2309 709 2375 duplicem
737 2311 922 2363 Cicero
943 2310 1073 2361 facit
1097 2311 1148 2361 in
1173 2312 1327 2363 Orat.

256 2399 367 2451 pro
410 2387 565 2439 Corn.
599 2388 785 2439 Balbo.
834 2387 1215 2452 ‘Sanctiones,'
1256 2388 1330 2439 in·

259 2465 407 2530 quit,
427 2464 444 2492 ‘
463 2467 725 2516 sacrandoe
755 2473 895 2523 sunt,
927 2475 1018 2518 aut
1040 2480 1230 2532 genere
1255 2467 1330 2530 ip·

259 2558 346 2602 so,
389 2550 448 2594 ut
482 2544 830 2595 obtestatione
861 2553 917 2595 et
940 2543 1330 2595 consecratione

146 2671 151 2677 .
258 2621 423 2687 legis,
458 2628 549 2673 aut
573 2637 742 2687 poena,
765 2636 881 2672 cnm
904 2629 1068 2686 caput
1089 2620 1218 2686 ejus,
1241 2621 1332 2687 qui

260 2705 461 2749 contra
478 2697 624 2762 facit,
648 2698 1020 2751 consecratur.’

332 2785 362 2810 ⁸
394 2777 482 2841 Sp.
509 2778 705 2828 Cassius
735 2782 783 2829 et
809 2779 1062 2828 Postumus
1086 2778 1333 2830 Cominius

259 2855 586 2921 constantim]
617 2855 748 2905 Post
767 2855 966 2905 irritam
981 2856 1203 2906 Senatus
1226 2855 1332 2921 pri-

260 2946 409 2982 mam
433 2932 498 2982 ad
523 2933 794 2983 seditiosos
815 2931 1151 2998 legationem,
1172 2932 1333 2983 indic·

267 3011 341 3061 tis
381 3018 501 3060 ante
549 3018 751 3077 tempus
788 3012 1009 3062 comitiis
1049 3010 1334 3073 consulari·

263 3089 394 3152 bns,
429 3103 545 3139 eum
569 3104 721 3140 nemo
744 3103 859 3139 enm
880 3090 1125 3141 honorem
1167 3088 1220 3138 in
1254 3102 1336 3139 re·

262 3168 369 3218 bus
395 3167 617 3218 turbidis
650 3167 887 3226 ambiret,
922 3167 1180 3234 designati
1217 3171 1338 3217 sunt

264 3243 516 3295 consules
572 3244 809 3310 utrisque
871 3244 1106 3308 partibus
1177 3242 1337 3309 grati,

267 3322 534 3372 Postumus
560 3321 827 3386 Cominius,
852 3321 957 3387 (sic
990 3321 1126 3372 enim
1161 3319 1336 3386 legen·

267 3398 400 3447 dum
425 3412 526 3447 non
549 3398 841 3456 Postumius,
864 3396 1002 3464 quod
1027 3410 1214 3448 nomen
1237 3401 1338 3455 est,

267 3489 381 3525 non
407 3474 749 3542 praenomen,)
782 3474 920 3525 idem
944 3477 1198 3527 Auruncus
1231 3472 1340 3523 dic·

269 3559 363 3603 tus
414 3566 446 3602 a
488 3552 709 3603 devictis
757 3552 1033 3616 Auruncis,
1081 3559 1138 3602 et
1184 3550 1341 3615 Spnr.

271 3630 494 3682 Cassius
513 3631 841 3696 vincentum,
862 3645 1076 3696 quorum
1097 3627 1342 3692 auspiciis

272 3709 532 3762 debellati
575 3707 785 3759 fuerant
838 3707 1036 3759 Sabini.
1106 3704 1210 3756 Hic
1254 3718 1341 3754 eo-

274 3803 394 3838 rum
438 3784 697 3837 secundus
733 3785 1029 3835 consulatus
1070 3781 1255 3834 incidit
1289 3781 1342 3831 in

272 3869 361 3914 ⁷2.
429 3861 818 3932 Olympiadem,
855 3861 1093 3928 principe
1117 3858 1343 3910 Athenis

273 3943 574 4005 Diogneto,
607 3946 667 3990 ut
702 3939 979 4006 Dionysius
1002 3943 1168 3988 notat.
1232 3936 1344 4002 Illi,

274 4018 479 4069 sancita
511 4016 806 4074 concordia,
843 4023 899 4067 et
936 4015 1092 4067 rebus
1130 4013 1344 4076 sedatis,

277 4096 461 4146 munia
484 4094 655 4145 sortiti
686 4101 841 4145 sunt:
895 4092 1191 4158 obtigitqne
1213 4092 1342 4142 Cas-

278 4175 359 4224 sio
403 4187 529 4223 cura
565 4187 736 4222 rerum
773 4170 1106 4233 urbanarum,
1154 4169 1342 4220 Postu-

279 4251 389 4301 mio
414 4264 495 4299 res
519 4249 777 4300 militaris.

344 4325 376 4356 ⁴*
412 4327 478 4379 A.
505 4326 578 4378 U.
602 4325 667 4379 C.
691 4330 811 4377 260.

1454 1537 1487 1568 -0
1520 1526 1748 1580 Antiates
1774 1527 1986 1592 Volscos]
2021 1527 2108 1578 De
2128 1527 2332 1578 ‘Volscis
2350 1525 2460 1579 dic·

1401 1610 1511 1658 tum
1533 1604 1624 1657 lib.
1655 1618 1697 1655 ι.
1716 1618 1836 1671 cap.
1858 1609 1940 1656 68.
1975 1602 2042 1657 de
2072 1602 2234 1657 Antio
2255 1603 2461 1659 dicetur

1400 1695 1521 1747 cap.
1541 1685 1627 1732 68.
1643 1681 1796 1747 hujus
1819 1680 1959 1734 libri.

1462 1765 1489 1800 Ρ
1522 1756 1814 1824 Longulam]
1847 1757 2153 1810 Volscorum
2188 1755 2460 1810 Antiatum

1401 1833 1498 1886 hoc
1530 1833 1798 1901 oppidnmss
1821 1848 1937 1885 enm
1972 1832 2331 1900 sequentibus,
2358 1848 2460 1900 quo

1403 1912 1510 1963 situ
1531 1911 1709 1976 fuerit,
1732 1927 1851 1962 mox
1875 1911 2210 1962 indicabitur.

1465 1996 1491 2031 ‘1
1525 1990 1646 2040 Inde
1667 1991 1938 2049 Poluscam,
1972 1987 2109 2051 item]
2160 1987 2462 2051 Legebatur

1405 2074 1583 2133 antea,
1608 2069 1724 2119 Inde
1754 2068 1972 2133 protinus
1998 2068 2319 2120 mucamitem.
2385 2065 2464 2120 At

1403 2160 1472 2200 ex
1488 2146 1623 2198 Mss.
1648 2145 1926 2207 nonnullis,
1944 2144 2033 2194 nbi
2054 2143 2295 2210 habetur,
2310 2144 2464 2208 proti·

1401 2235 1492 2276 nus
1501 2221 1851 2285 Volumnium,
1868 2226 2012 2271 recte
2027 2220 2271 2284 Sigonius
2287 2233 2463 2270 emen·

1400 2299 1566 2360 davit,
1599 2299 1852 2349 Poluscam
1889 2299 2041 2347 item.-
2072 2296 2224 2360 cnjus
2258 2310 2464 2347 correc-

1405 2376 1565 2426 tionis
1587 2375 1933 2440 conjecturam
1957 2373 2129 2423 hausit
2150 2386 2216 2421 ex
2235 2386 2300 2421 eo
2324 2370 2465 2437 qnod

1405 2453 1559 2519 paulo
1598 2458 1719 2520 post
1756 2452 1954 2502 Noster
1995 2450 2062 2501 de
2096 2448 2373 2501 Coriolano
2410 2464 2465 2500 a·

1405 2547 1534 2597 gens
1559 2535 1649 2589 ait,
1689 2533 1704 2560 ⁶
1725 2531 2026 2594 Longulam,
2050 2529 2343 2585 Poluscam,
2365 2528 2466 2579 Co·

1405 2610 1577 2674 riolos,
1610 2610 1814 2660 novella
1844 2608 1957 2657 haec
1992 2606 2237 2657 Romanis
2268 2604 2466 2670 oppida

1406 2686 1601 2737 ademit
1616 2685 1651 2739 ε’
1699 2698 1994 2751 quanquam
2019 2696 2081 2732 eo
2116 2683 2231 2731 loco
2256 2683 2466 2746 legitur,

1407 2763 1675 2815 Polustium
1707 2777 1801 2828 pro
1829 2761 2101 2818 Poluscam,
2137 2761 2320 2809 vitiose
2360 2759 2469 2824 qui·

1407 2841 1545 2905 dem,
1564 2847 1623 2890 nt
1644 2839 1854 2905 Sigonio
1879 2838 2099 2888 videtur.
2165 2837 2269 2888 Sed
2295 2846 2466 2886 tamen

1409 2917 1705 2969 Polustinos
1738 2917 1791 2966 in
1826 2929 1888 2965 eo
1912 2920 2082 2965 tractu
2107 2914 2335 2963 nominat
2357 2912 2467 2964 Pli-

1408 2995 1523 3049 nius
1546 2994 1640 3046 lib.
1664 3008 1753 3044 nr.
1774 3007 1893 3059 cap.
1931 2996 1981 3043 6.
2016 2996 2076 3041 ut
2112 2990 2224 3056 ejus
2263 2988 2469 3041 scilicet

1408 3071 1589 3138 oppidi
1622 3071 1853 3121 incolas:
1903 3066 2040 3118 unde
2082 3066 2324 3117 bifariam
2362 3063 2469 3116 for·

1409 3156 1603 3200 matum
1627 3148 1779 3213 hujus
1812 3146 1912 3196 loci
1946 3144 2250 3196 vocabulum
2285 3143 2471 3197 Cluve-

1410 3226 1519 3277 rius
1551 3225 1833 3288 existimat,
1853 3229 1912 3273 ut
1933 3228 1986 3274 et
2014 3222 2259 3287 Polusca‚
2279 3228 2337 3272 et
2358 3220 2471 3271 aliis

1413 3304 1649 3354 Polnstia
1686 3302 1966 3353 diceretur.
2032 3298 2276 3349 Ceterum
2299 3298 2352 3348 in
2374 3299 2471 3348 hoc

1413 3395 1600 3432 nomen
1621 3379 1757 3446 apud
1793 3378 2245 3428 Halicarnasseum
2264 3389 2472 3440 quoque

1415 3456 1610 3508 foedum
1632 3458 1916 3521 irrepserat
1932 3453 2173 3504 mendum
2193 3467 2207 3501 ε
2232 3452 2321 3516 qui
2337 3450 2472 3502 hanc

1416 3537 1674 3588 Postumii
1728 3533 2111 3599 expeditionem
2170 3530 2471 3580 describens

1415 3614 1510 3665 lib.
1554 3628 1631 3664 νι.
1664 3610 1832 3662 refert
1870 3625 2008 3672 eum,
2042 3614 2196 3670 capta
2221 3607 2472 3670 Longula,

1417 3691 1706 3742 exereitum
1750 3688 1960 3738 duxisse
2003 3685 2073 3735 in.
2096 3684 2248 3734 aliam
2292 3684 2473 3733 urbem

1417 3768 1742 3828 Volscorum,
1775 3765 1922 3830 ‘qun
1955 3762 2146 3811 dicitnr
2169 3757 2364 3823 Polus‚'
2396 3759 2474 3810 in·

1417 3846 1640 3898 tervallo
1671 3857 1773 3894 non
1805 3856 1994 3906 magno
2036 3853 2070 3888 a
2107 3837 2338 3899 Longula
2371 3836 2475 3887 dis-

1419 3933 1553 3987 tans,
1572 3920 1604 3981 ἣ
1632 3922 1849 3974 καλεῖται
1879 3915 1969 3981 μὶν
1994 3914 2197 3978 Πάλους,
2220 3915 2343 3965 κατὰ
2373 3913 2476 3965 δαί·

1418 4019 1581 4064 “ml-⁶
1602 3999 1653 4050 δὲ
1673 3999 1728 4048 οὗ
1758 3997 1884 4048 πολὺ
1902 3997 1989 4055 τῆς
2010 3992 2267 4057 Λογγόλας
2284 3991 2475 4070 inriget.

1420 4080 1720 4144 Legendum
1744 4079 1922 4143 itaque
1947 4080 2127 4124 censet
2150 4074 2375 4135 Polme,
2393 4085 2475 4122 re·

1418 4162 1587 4227 petita
1618 4160 1786 4226 prima
1818 4153 2082 4222 sequentis
2106 4152 2344 4204 vocabuli
2372 4150 2477 4215 syl-

1415 4240 1559 4296 laba,
1582 4244 1641 4288 ut
1674 4238 1743 4286 sit
1770 4235 2029 4286 Πολοῢσκα
2065 4231 2191 4282 κατὰ
2226 4229 2476 4292 διάστημα,

1419 4323 1521 4370 διο.
1540 4318 1695 4383 idque
1715 4320 1773 4364 et
1796 4311 2037 4378 sequenti
2068 4307 2304 4361 firmatur
2328 4306 2475 4359 Hali·
