3034 4925
962 352 1145 404 viu
1195 352 1286 400 Εἰ·
1335 350 1699 402 uisromA
1748 351 1929 401 aona.
2411 337 2536 428 ‘27

334 501 606 586 ingenio
636 499 786 585 ejus
814 498 1022 566 multo
1043 496 1402 580 digniorem
1425 498 1926 580 uberioremque
1948 495 2537 563 subministrabant

337 606 711 679 materiam,
743 606 810 667 et
854 620 896 665 a
937 600 1127 665 nullo
1171 600 1523 684 scriptore,
1554 599 1772 665 adhuc
1812 601 2191 685 superstite,
2222 605 2538 665 accurate

339 716 413 773 et
440 708 761 780 continuo
791 702 1022 769 ordine
1073 708 1230 768 sunt
1278 702 1643 785 expositae.
1732 701 1901 767 Inde
1945 703 2149 768 etiam
2193 702 2424 787 primis
2454 718 2536 766 x.

336 809 529 875 libris
554 807 1073 891 quadringentos
1102 811 1175 869 et
1204 804 1834 885 sexaginta'aunos,
1873 804 2146 890 reliquis
2176 820 2373 868 xxv.
2403 819 2537 868 non

339 912 476 975 nisi
504 910 985 995 quinquaginta
1010 912 1395 991 persecutus
1428 911 1552 985 est,
1582 908 1747 972 etin
1779 907 1917 973 illis
1946 925 2081 972 non
2108 926 2259 974 raro
2288 909 2540 991 impro-

339 1012 600 1077 babilia
618 1005 994 1075 ‘immiscuit
1023 1014 1093 1075 et
1120 1009 1457 1087 fabulosa,
1491 1010 1562 1074 in
1590 1009 1721 1087 his,
1747 1009 2038 1096 Polybio
2071 1010 2264 1089 duce,
2297 1017 2368 1075 et
2394 1028 2542 1075 cer-

238 1133 243 1140 ·
341 1116 525 1179 tiora
552 1111 848 1190 tradidit,
880 1121 948 1177 et
972 1111 1341 1185 historiam,
1370 1112 1762 1194 quae·vulgo
1791 1113 2205 1197 pragmatica
2231 1119 2541 1191 vocatur,

347 1216 642 1282 scribere
691 1232 1047 1297 aggressus
1088 1218 1233 1296 est‚'
1267 1219 1352 1292 et,
1408 1213 1595 1298 quod
1640 1213 1880 1279 Cicero
1932 1215 2017 1279 de
2071 1214 2293 1281 Coelio
2339 1215 2541 1295 dixit,

343 1316 555 1401 paulo
605 1316 862 1381 inflavit
906 1316 1394 1397 vehementius3
1437 1315 1643 1381 itaut
1680 1316 1747 1380 hi
1787 1316 1987 1401 plane
2015 1316 2375 1382 dissimiles
2405 1317 2543 1381 sint

344 1420 517 1497 illis,
542 1424 630 1496 et,
659 1418 889 1483 labore
915 1418 1181 1502 longius
1220 1418 1642 1503 procedente,
1677 1418 1991 1485 'studium
2020 1419 2168 1504 ejus
2196 1437 2332 1484 non
2360 1420 2543 1485 elanss

346 1523 595 1607 guisse,
643 1519 762 1584 sed
811 1520 1009 1584 simul
1058 1539 1207 1587 cum
1255 1521 1533 1587 materia
1575 1522 1870 1587 crevisse
1900 1521 2234 1587 videatur.
2313 1521 2544 1601 Quare

345 1642 485 1687 non
515 1627 622 1686 est
650 1621 831 1705 quod
862 1622 1448 1707 dubitemus,-quin
1479 1624 1759 1690 virtutes
1792 1624 1942 1710 ejus
1973 1626 2264 1689 maxime
2294 1625 2543 1690 enitue-

343 1727 476 1791 rint
502 1724 573 1789 in
605 1740 852 1789 xcvn.
884 1725 1074 1791 libris
1106 1728 1793 1813 xnv11.-oxt.11.qui
1838 1727 2081 1812 injuria
2117 1726 2386 1810 maligni
2421 1721 2544 1791 fati

342 1828 559 1893 nobis
574 1828 780 1910 erepti
813 1833 991 1904 sunt,
1020 1829 1400 1914 quibusque
1425 1851 1555 1907 ree,
1586 1830 1778 1895 annis
1805 1835 2063 1896 tantum
2093 1845 2361 1895 onvnr.
2392 1829 2543 1912 ges'-

207 1969 220 1979 -
348 1937 479 2008 tas,
504 1930 593 1995 ab
619 1949 684 1995 a.
716 1929 804 1996 U.
834 1929 915 1998 C.
943 1930 1096 1998 586.
1099 1933 1282 1998 ·-.’744
1311 1933 1712 2019 complexus
1742 1937 1870 1999 est.

816 2282 851 2366 §
894 2281 960 2346 5.
1022 2280 1157 2368 (2.)
1203 2278 1308 2345 De
1347 2279 1517 2345 vitiis
1562 2278 1828 2347 historice
1876 2278 2186 2346 Livianae.

428 2481 510 2547 'N
515 2502 599 2547 on
631 2486 733 2546 est
762 2483 949 2566 quod
978 2483 1088 2548 vel
1116 2484 1398 2563 mireris,
1429 2484 1489 2549 si
1531 2485 1601 2548 in
1633 2491 1850 2551 vastae
1878 2482 2080 2548 molis
2111 2502 2307 2567 opere
2330 2482 2549 2545 bonus

354 2584 756 2672 quandoque
789 2587 1108 2653 dormitat
1139 2587 1501 2668 Homerus,
1532 2588 1640 2652 vel
1670 2586 2059 2657 dissimiles,
2087 2602 2260 2669 quos
2288 2583 2547 2665 egregio

351 2688 700 2773 inspersos
747 2682 1110 2774 reprendas
1160 2708 1464 2775 corpore,
1510 2708 1771 2756 naevos.
1880 2687 2122 2772 Neque
2166 2692 2386 2751 tamen
2435 2703 2553 2749 au·

353 2791 602 2870 diendi,
636 2792 754 2876 qui
785 2792 1045 2876 judicio
1076 2801 1200 2859 aut
1226 2795 1453 2879 inepto
1502 2802 1617 2860 aut
1663 2792 1863 2859 nimis
1908 2810 2172 2857 moroso
2200 2788 2383 2881 ducti
2411 2808 2552 2853 om-

350 2893 489 2971 nia,
517 2894 721 2959 etiam
764 2896 1118 2980 praeclara,
1169 2897 1554 2982 vituperare
1602 2904 1849 2964 amant.
1935 2887 2232 2960 Illorum'
2258 2910 2553 2968 numero,

354 3002 601 3082 'praeter
631 3017 772 3076 eoS,
804 3000 918 3083 qui
950 2998 1128 3066 Livii
1158 2999 1359 3066 fidem
1391 3002 1819 3086 veritatisque
1862 2998 2152 3064 studium
2185 2997 2250 3060 in
2283 2996 2553 3059 dubium

358 3107 708 3178 vocarunt,
754 3109 824 3167 et
869 3103 1011 3186 jam
1060 3122 1266 3188 supra
1312 3105 1347 3189 §
1376 3105 1441 3167 4.
1475 3104 1798 3169 confutati
1834 3107 2012 3181 suut,
2046 3094 2392 3165 habendus
2424 3094 2552 3161 Ca-

355 3201 568 3283 ligula
615 3203 792 3288 Imp.
820 3205 939 3288 qui
989 3210 1156 3271 teste
1210 3207 1394 3272 Suet.
1442 3228 1505 3271 c.
1532 3207 1643 3271 34.
1688 3209 1871 3271 “non
1921 3205 2172 3268 minore
2213 3201 2425 3265 livore
2473 3217 2554 3263 ac

355 3305 808 3389 malignitate,
825 3326 1026 3390 quam
1059 3309 1378 3392 superbia
1400 3310 1819 3393 saevitiaque,
1845 3325 2045 3392 paene
2072 3304 2391 3370 adversus
2420 3310 2559 3365 om*

356 3408 459 3471 nis
488 3407 622 3473 aevi
653 3408 957 3474 homines
986 3430 1324 3494 grassanS,
1355 3400 1685 3495 cogitavit
1714 3410 1796 3475 de
1826 3409 2111 3475 Homeri
2144 3406 2557 3474 carminibus

358 3510 737 3590 abolendis,
779 3518 982 3597 atque
1026 3513 1295 3597 Virgilii
1346 3522 1413 3581 et
1457 3514 1542 3578 Τ.
1572 3514 1756 3579 Livii
1798 3514 2053 3598 scripta
2097 3519 2170 3576 et
2208 3508 2558 3591 imagines,

358 3601 656 3696 paulum
676 3613 1051 3699 afuit,‘quin
1082 3635 1170 3681 ex
1199 3618 1511 3682 omnibus
1540 3616 1972 3682 bibliothecis
2003 3611 2362 3679 amoverit:
2395 3626 2559 3692 quo-

356 3716 502 3778 ‘rum
537 3715 837 3795 alterum,
867 3726 943 3783 ut
970 3718 1221 3784 nullius
1265 3718 1519 3803 ingenii
1560 3719 1979 3809 minimaeque
2011 3710 2361 3789 doctrinae,
2387 3709 2560 3774 alte—

358 3837 510 3882 rum
563 3822 640 3883 ut
697 3821 1051 3886 verbosum
1102 3822 1172 3886 in
1227 3821 1508 3887 historia
1565 3820 2140 3905 negligentemque
2197 3815 2560 3899 carpebat.⁵

365 3919 634 3987 Horum
667 3920 749 3987 C.
775 3921 1056 3988 Asinius
1088 3920 1333 4003 Pollio,
1369 3925 1474 3989 vir
1494 3922 1928 3990 ¹clarissimus
1955 3918 2227 4005 quidem
2255 3917 2413 3983 belli
2439 3935 2559 4003 pa-

423 4160 442 4184 ·
474 4150 825 4215 Negligentioe
846 4152 1019 4204 Livius
1048 4153 1227 4220 inepte
1249 4154 1419 4219 argui·
1499 4152 1777 4206 solvendus
1815 4150 2056 4214 videtum
2104 4147 2240 4216 quod
2279 4144 2414 4198 infra
2450 4158 2557 4197 mo-

366 4234 481 4281 tur:
516 4229 850 4280 verbositatis
873 4230 997 4281 vitio
1015 4245 1118 4283 uon
1153 4231 1309 4297 plane
1331 4231 1420 4282 ab·
1502 4230 1752 4281 nebimus.
