<?xml version="1.0" encoding="UTF-8"?>
<!DOCTYPE html PUBLIC "-//W3C//DTD XHTML 1.0 Transitional//EN"
    "http://www.w3.org/TR/xhtml1/DTD/xhtml1-transitional.dtd">
<html xmlns="http://www.w3.org/1999/xhtml" xml:lang="en" lang="en">
 <head>
  <title>
</title>
<meta http-equiv="Content-Type" content="text/html;charset=utf-8" />
  <meta name='ocr-system' content='tesseract 3.04.00' />
  <meta name='ocr-capabilities' content='ocr_page ocr_carea ocr_par ocr_line ocrx_word'/>
</head>
<body>
  <div class='ocr_page' id='page_1' title='image "./tliviipatavinih23unkngoog_0593.png"; bbox 0 0 3034 4925; ppageno 0'>
   <div class='ocr_carea' id='block_1_1' title="bbox 2267 310 2405 413">
    <p class='ocr_par' dir='ltr' id='par_1_1' title="bbox 2267 310 2405 413">
     <span class='ocr_line' id='line_1_1' title="bbox 2267 310 2405 413; baseline 0 -1"><span class='ocrx_word' id='word_1_1' title='bbox 2267 310 2405 413; x_wconf 68' lang='lat' dir='ltr'><strong>ass</strong></span> 
     </span>
    </p>
   </div>
   <div class='ocr_carea' id='block_1_2' title="bbox 183 513 2450 701">
    <p class='ocr_par' dir='ltr' id='par_1_2' title="bbox 183 513 2450 701">
     <span class='ocr_line' id='line_1_2' title="bbox 183 513 2450 602; baseline -0.001 -22"><span class='ocrx_word' id='word_1_2' title='bbox 183 536 545 600; x_wconf 77' lang='lat' dir='ltr'><strong>egressus,</strong></span> <span class='ocrx_word' id='word_1_3' title='bbox 598 516 961 582; x_wconf 88' lang='lat' dir='ltr'><strong>comitante</strong></span> <span class='ocrx_word' id='word_1_4' title='bbox 1015 517 1375 581; x_wconf 85' lang='lat' dir='ltr'>Fabiorum</span> <span class='ocrx_word' id='word_1_5' title='bbox 1429 515 1713 598; x_wconf 80' lang='lat' dir='ltr'><strong>agmine,</strong></span> <span class='ocrx_word' id='word_1_6' title='bbox 1764 513 1878 599; x_wconf 90' lang='lat' dir='ltr'><strong>qui</strong></span> <span class='ocrx_word' id='word_1_7' title='bbox 1936 515 2001 579; x_wconf 92' lang='lat' dir='ltr'><strong>iu</strong></span> <span class='ocrx_word' id='word_1_8' title='bbox 2063 514 2394 580; x_wconf 85' lang='lat' dir='ltr'><strong>vestibulo</strong></span> <span class='ocrx_word' id='word_1_9' title='bbox 2447 597 2450 602; x_wconf 19' lang='lat'><strong>⁴</strong></span> 
     </span>
     <span class='ocr_line' id='line_1_3' title="bbox 186 614 2397 701; baseline -0.001 -19"><span class='ocrx_word' id='word_1_10' title='bbox 186 621 465 695; x_wconf 80' lang='lat' dir='ltr'><strong>curiae,</strong></span> <span class='ocrx_word' id='word_1_11' title='bbox 485 627 754 684; x_wconf 87' lang='lat' dir='ltr'><strong>senatus</strong></span> <span class='ocrx_word' id='word_1_12' title='bbox 795 619 1173 683; x_wconf 88' lang='lat' dir='ltr'><strong>consultum</strong></span> <span class='ocrx_word' id='word_1_13' title='bbox 1217 622 1678 701; x_wconf 77' lang='lat' dir='ltr'><strong>expectanteS,</strong></span> <span class='ocrx_word' id='word_1_14' title='bbox 1730 621 2073 692; x_wconf 83' lang='lat' dir='ltr'><strong>steterant,</strong></span> <span class='ocrx_word' id='word_1_15' title='bbox 2125 614 2397 680; x_wconf 90' lang='lat' dir='ltr'><strong>domum</strong></span> 
     </span>
    </p>
   </div>
   <div class='ocr_carea' id='block_1_3' title="bbox 185 717 2396 887">
    <p class='ocr_par' dir='ltr' id='par_1_3' title="bbox 185 717 2396 887">
     <span class='ocr_line' id='line_1_4' title="bbox 185 717 2396 844; baseline -0.001 -60"><span class='ocrx_word' id='word_1_16' title='bbox 185 721 432 785; x_wconf 82' lang='lat' dir='ltr'><strong>rediit.</strong></span> <span class='ocrx_word' id='word_1_17' title='bbox 518 720 563 785; x_wconf 82' lang='lat' dir='ltr'><strong>J</strong></span> <span class='ocrx_word' id='word_1_18' title='bbox 569 739 709 784; x_wconf 75' lang='grc' dir='ltr'><strong>ιιεει</strong></span> <span class='ocrx_word' id='word_1_19' title='bbox 754 722 993 786; x_wconf 87' lang='lat' dir='ltr'><strong>armati</strong></span> <span class='ocrx_word' id='word_1_20' title='bbox 1024 726 1289 804; x_wconf 84' lang='lat' dir='ltr'><strong>postero</strong></span> <span class='ocrx_word' id='word_1_21' title='bbox 1322 720 1427 783; x_wconf 87' lang='lat' dir='ltr'><strong>die</strong></span> <span class='ocrx_word' id='word_1_22' title='bbox 1453 718 1539 783; x_wconf 93' lang='lat' dir='ltr'><strong>ad</strong></span> <span class='ocrx_word' id='word_1_23' title='bbox 1571 718 1771 782; x_wconf 90' lang='lat' dir='ltr'><strong>limen</strong></span> <span class='ocrx_word' id='word_1_24' title='bbox 1812 718 2112 782; x_wconf 84' lang='lat' dir='ltr'><strong>consulis</strong></span> <span class='ocrx_word' id='word_1_25' title='bbox 2142 717 2396 844; x_wconf 44' lang='lat' dir='ltr'><strong>adesisef</strong></span> 
     </span>
     <span class='ocr_line' id='line_1_5' title="bbox 186 821 1029 887; baseline 0.002 -3"><span class='ocrx_word' id='word_1_26' title='bbox 186 821 449 887; x_wconf 84' lang='lat' dir='ltr'><strong>domos</strong></span> <span class='ocrx_word' id='word_1_27' title='bbox 477 822 632 887; x_wconf 86' lang='lat' dir='ltr'><strong>inde</strong></span> <span class='ocrx_word' id='word_1_28' title='bbox 659 822 1029 887; x_wconf 87' lang='lat' dir='ltr'><strong>discedunt.</strong></span> 
     </span>
    </p>
   </div>
   <div class='ocr_carea' id='block_1_4' title="bbox 186 919 2405 2121">
    <p class='ocr_par' dir='ltr' id='par_1_4' title="bbox 186 919 2405 2121">
     <span class='ocr_line' id='line_1_6' title="bbox 290 919 2398 990; baseline -0.002 -3"><span class='ocrx_word' id='word_1_29' title='bbox 290 924 406 990; x_wconf 80' lang='grc'><strong>49.</strong></span> <span class='ocrx_word' id='word_1_30' title='bbox 456 922 692 988; x_wconf 87' lang='lat' dir='ltr'><strong>Manat</strong></span> <span class='ocrx_word' id='word_1_31' title='bbox 720 927 860 988; x_wconf 90' lang='lat' dir='ltr'><strong>tota</strong></span> <span class='ocrx_word' id='word_1_32' title='bbox 888 925 1050 987; x_wconf 87' lang='lat' dir='ltr'><strong>urbe</strong></span> <span class='ocrx_word' id='word_1_33' title='bbox 1079 941 1346 989; x_wconf 86' lang='lat' dir='ltr'><strong>rumor:</strong></span> <span class='ocrx_word' id='word_1_34' title='bbox 1365 921 1651 987; x_wconf 85' lang='lat' dir='ltr'><strong>Fabios</strong></span> <span class='ocrx_word' id='word_1_35' title='bbox 1680 920 1766 988; x_wconf 89' lang='lat' dir='ltr'><strong>ad</strong></span> <span class='ocrx_word' id='word_1_36' title='bbox 1812 920 2058 987; x_wconf 83' lang='lat' dir='ltr'><strong>coelum</strong></span> <span class='ocrx_word' id='word_1_37' title='bbox 2088 919 2398 984; x_wconf 82' lang='lat' dir='ltr'><strong>laudibus</strong></span> 
     </span>
     <span class='ocr_line' id='line_1_7' title="bbox 186 1022 2399 1090; baseline -0.002 -1"><span class='ocrx_word' id='word_1_38' title='bbox 186 1026 452 1090; x_wconf 87' lang='lat' dir='ltr'><strong>ferunt.</strong></span> <span class='ocrx_word' id='word_1_39' title='bbox 521 1026 870 1090; x_wconf 83' lang='lat' dir='ltr'><strong>Familiam</strong></span> <span class='ocrx_word' id='word_1_40' title='bbox 902 1045 1102 1090; x_wconf 89' lang='lat' dir='ltr'><strong>unam</strong></span> <span class='ocrx_word' id='word_1_41' title='bbox 1150 1025 1420 1090; x_wconf 79' lang='lat' dir='ltr'><strong>subisse</strong></span> <span class='ocrx_word' id='word_1_42' title='bbox 1440 1033 1464 1073; x_wconf 82' lang='lat'>⁵</span> <span class='ocrx_word' id='word_1_43' title='bbox 1513 1024 1815 1090; x_wconf 87' lang='lat' dir='ltr'><strong>civitatis</strong></span> <span class='ocrx_word' id='word_1_44' title='bbox 1845 1042 2013 1087; x_wconf 89' lang='lat' dir='ltr'><strong>onus</strong></span> <span class='ocrx_word' id='word_1_45' title='bbox 2040 1043 2057 1084; x_wconf 76' lang='lat' dir='ltr'><strong><em>z</em></strong></span> <span class='ocrx_word' id='word_1_46' title='bbox 2080 1031 2106 1068; x_wconf 76' lang='lat'>⁸</span> <span class='ocrx_word' id='word_1_47' title='bbox 2154 1022 2399 1086; x_wconf 87' lang='lat' dir='ltr'><strong>Veiens</strong></span> 
     </span>
     <span class='ocr_line' id='line_1_8' title="bbox 186 1123 2402 1210; baseline -0.001 -20"><span class='ocrx_word' id='word_1_48' title='bbox 186 1127 462 1191; x_wconf 86' lang='lat' dir='ltr'><strong>bellum</strong></span> <span class='ocrx_word' id='word_1_49' title='bbox 491 1126 558 1190; x_wconf 90' lang='lat' dir='ltr'><strong>in</strong></span> <span class='ocrx_word' id='word_1_50' title='bbox 586 1129 915 1210; x_wconf 84' lang='lat' dir='ltr'><strong>privatam</strong></span> <span class='ocrx_word' id='word_1_51' title='bbox 944 1147 1190 1204; x_wconf 82' lang='lat' dir='ltr'><strong>curam,</strong></span> <span class='ocrx_word' id='word_1_52' title='bbox 1222 1127 1292 1191; x_wconf 91' lang='lat' dir='ltr'><strong>in</strong></span> <span class='ocrx_word' id='word_1_53' title='bbox 1320 1128 1586 1210; x_wconf 82' lang='lat' dir='ltr'><strong>privata</strong></span> <span class='ocrx_word' id='word_1_54' title='bbox 1613 1144 1798 1191; x_wconf 86' lang='lat' dir='ltr'><strong>arma</strong></span> <span class='ocrx_word' id='word_1_55' title='bbox 1820 1145 2102 1189; x_wconf 82' lang='lat' dir='ltr'><strong>versum.</strong></span> <span class='ocrx_word' id='word_1_56' title='bbox 2164 1123 2240 1188; x_wconf 92' lang='lat' dir='ltr'><strong>Si</strong></span> <span class='ocrx_word' id='word_1_57' title='bbox 2268 1123 2402 1188; x_wconf 85' lang='lat' dir='ltr'><strong>siut</strong></span> 
     </span>
     <span class='ocr_line' id='line_1_9' title="bbox 195 1224 2400 1310; baseline -0 -20"><span class='ocrx_word' id='word_1_58' title='bbox 195 1224 419 1290; x_wconf 67' lang='lat' dir='ltr'><strong>duaeh</strong></span> <span class='ocrx_word' id='word_1_59' title='bbox 472 1227 729 1292; x_wconf 86' lang='lat' dir='ltr'><strong>roboris</strong></span> <span class='ocrx_word' id='word_1_60' title='bbox 769 1226 1067 1310; x_wconf 87' lang='lat' dir='ltr'><strong>ejusdem</strong></span> <span class='ocrx_word' id='word_1_61' title='bbox 1110 1229 1176 1291; x_wconf 89' lang='lat' dir='ltr'><strong>in</strong></span> <span class='ocrx_word' id='word_1_62' title='bbox 1217 1225 1427 1292; x_wconf 87' lang='lat' dir='ltr'><strong>urbe⁶</strong></span> <span class='ocrx_word' id='word_1_63' title='bbox 1496 1232 1763 1309; x_wconf 86' lang='lat' dir='ltr'><strong>gentes;</strong></span> <span class='ocrx_word' id='word_1_64' title='bbox 1807 1227 2202 1310; x_wconf 88' lang='lat' dir='ltr'><strong>deposcant,</strong></span> <span class='ocrx_word' id='word_1_65' title='bbox 2251 1224 2400 1289; x_wconf 80' lang='lat' dir='ltr'><strong>haec</strong></span> 
     </span>
     <span class='ocr_line' id='line_1_10' title="bbox 195 1326 2401 1412; baseline 0.001 -20"><span class='ocrx_word' id='word_1_66' title='bbox 195 1327 513 1394; x_wconf 86' lang='lat' dir='ltr'><strong>Volscos</strong></span> <span class='ocrx_word' id='word_1_67' title='bbox 564 1326 740 1407; x_wconf 82' lang='lat' dir='ltr'><strong>sibi,¹</strong></span> <span class='ocrx_word' id='word_1_68' title='bbox 799 1330 917 1393; x_wconf 86' lang='lat' dir='ltr'><strong>illa</strong></span> <span class='ocrx_word' id='word_1_69' title='bbox 976 1329 1280 1412; x_wconf 86' lang='lat' dir='ltr'><strong>AEquos:</strong></span> <span class='ocrx_word' id='word_1_70' title='bbox 1324 1330 1581 1412; x_wconf 88' lang='lat' dir='ltr'><strong>populo</strong></span> <span class='ocrx_word' id='word_1_71' title='bbox 1630 1328 1941 1394; x_wconf 87' lang='lat' dir='ltr'><strong>Romano</strong></span> <span class='ocrx_word' id='word_1_72' title='bbox 1987 1327 2401 1410; x_wconf 83' lang='lat' dir='ltr'><strong>tranquillam</strong></span> 
     </span>
     <span class='ocr_line' id='line_1_11' title="bbox 197 1426 2401 1515; baseline -0.001 -22"><span class='ocrx_word' id='word_1_73' title='bbox 197 1448 452 1513; x_wconf 85' lang='lat' dir='ltr'><strong>pacem</strong></span> <span class='ocrx_word' id='word_1_74' title='bbox 483 1438 736 1512; x_wconf 87' lang='lat' dir='ltr'><strong>agente,</strong></span> <span class='ocrx_word' id='word_1_75' title='bbox 769 1451 1003 1497; x_wconf 89' lang='lat' dir='ltr'><strong>omnes</strong></span> <span class='ocrx_word' id='word_1_76' title='bbox 1027 1431 1341 1498; x_wconf 87' lang='lat' dir='ltr'><strong>finitimos</strong></span> <span class='ocrx_word' id='word_1_77' title='bbox 1367 1432 1589 1515; x_wconf 85' lang='lat' dir='ltr'><strong>subigi</strong></span> <span class='ocrx_word' id='word_1_78' title='bbox 1612 1431 1903 1515; x_wconf 84' lang='lat' dir='ltr'><strong>populos</strong></span> <span class='ocrx_word' id='word_1_79' title='bbox 1926 1448 2148 1513; x_wconf 84' lang='lat' dir='ltr'><strong>posse.</strong></span> <span class='ocrx_word' id='word_1_80' title='bbox 2205 1426 2401 1492; x_wconf 89' lang='lat' dir='ltr'><strong>Fabii</strong></span> 
     </span>
     <span class='ocr_line' id='line_1_12' title="bbox 196 1529 2401 1617; baseline -0.001 -24"><span class='ocrx_word' id='word_1_81' title='bbox 196 1539 537 1613; x_wconf 86' lang='lat' dir='ltr'><strong>postero⁷</strong></span> <span class='ocrx_word' id='word_1_82' title='bbox 591 1531 700 1595; x_wconf 90' lang='lat' dir='ltr'><strong>die</strong></span> <span class='ocrx_word' id='word_1_83' title='bbox 745 1552 931 1597; x_wconf 82' lang='lat' dir='ltr'><strong>arma</strong></span> <span class='ocrx_word' id='word_1_84' title='bbox 979 1534 1275 1617; x_wconf 87' lang='lat' dir='ltr'><strong>capiunt.</strong></span> <span class='ocrx_word' id='word_1_85' title='bbox 1349 1531 1507 1612; x_wconf 83' lang='lat' dir='ltr'><strong>Quo</strong></span> <span class='ocrx_word' id='word_1_86' title='bbox 1525 1532 1707 1616; x_wconf 86' lang='lat' dir='ltr'><strong>jussi</strong></span> <span class='ocrx_word' id='word_1_87' title='bbox 1737 1538 1943 1609; x_wconf 86' lang='lat' dir='ltr'><strong>erant,</strong></span> <span class='ocrx_word' id='word_1_88' title='bbox 1976 1529 2401 1595; x_wconf 85' lang='lat' dir='ltr'><strong>conveniunt.</strong></span> 
     </span>
     <span class='ocr_line' id='line_1_13' title="bbox 202 1629 2403 1718; baseline 0 -25"><span class='ocrx_word' id='word_1_89' title='bbox 202 1629 494 1710; x_wconf 81' lang='lat' dir='ltr'><strong>Consul,</strong></span> <span class='ocrx_word' id='word_1_90' title='bbox 540 1632 903 1716; x_wconf 89' lang='lat' dir='ltr'><strong>paludatus</strong></span> <span class='ocrx_word' id='word_1_91' title='bbox 932 1634 1318 1718; x_wconf 64' lang='lat' dir='ltr'><strong>egrediens:</strong></span> <span class='ocrx_word' id='word_1_92' title='bbox 1359 1633 1428 1697; x_wconf 90' lang='lat' dir='ltr'><strong>in</strong></span> <span class='ocrx_word' id='word_1_93' title='bbox 1469 1634 1804 1698; x_wconf 83' lang='lat' dir='ltr'><strong>vestibulo</strong></span> <span class='ocrx_word' id='word_1_94' title='bbox 1846 1641 2101 1716; x_wconf 82' lang='lat' dir='ltr'><strong>gentem</strong></span> <span class='ocrx_word' id='word_1_95' title='bbox 2146 1649 2403 1695; x_wconf 90' lang='lat' dir='ltr'><strong>omnem</strong></span> 
     </span>
     <span class='ocr_line' id='line_1_14' title="bbox 205 1733 2405 1818; baseline -0 -22"><span class='ocrx_word' id='word_1_96' title='bbox 205 1752 410 1796; x_wconf 87' lang='lat' dir='ltr'><strong>suam</strong></span> <span class='ocrx_word' id='word_1_97' title='bbox 442 1734 767 1800; x_wconf 87' lang='lat' dir='ltr'><strong>instructo</strong></span> <span class='ocrx_word' id='word_1_98' title='bbox 815 1736 1077 1818; x_wconf 87' lang='lat' dir='ltr'><strong>agmine</strong></span> <span class='ocrx_word' id='word_1_99' title='bbox 1106 1736 1313 1800; x_wconf 84' lang='lat' dir='ltr'><strong>videt.</strong></span> <span class='ocrx_word' id='word_1_100' title='bbox 1383 1734 1735 1818; x_wconf 83' lang='lat' dir='ltr'><strong>Acceptus</strong></span> <span class='ocrx_word' id='word_1_101' title='bbox 1766 1736 1832 1800; x_wconf 92' lang='lat' dir='ltr'><strong>in</strong></span> <span class='ocrx_word' id='word_1_102' title='bbox 1859 1734 2179 1810; x_wconf 88' lang='lat' dir='ltr'><strong>medium,</strong></span> <span class='ocrx_word' id='word_1_103' title='bbox 2210 1733 2405 1814; x_wconf 87' lang='lat' dir='ltr'><strong>sigua</strong></span> 
     </span>
     <span class='ocr_line' id='line_1_15' title="bbox 203 1832 2402 1924; baseline 0 -28"><span class='ocrx_word' id='word_1_104' title='bbox 203 1832 368 1898; x_wconf 83' lang='lat' dir='ltr'><strong>ferri</strong></span> <span class='ocrx_word' id='word_1_105' title='bbox 419 1836 640 1920; x_wconf 87' lang='lat' dir='ltr'><strong>jubet.</strong></span> <span class='ocrx_word' id='word_1_106' title='bbox 728 1836 1095 1921; x_wconf 88' lang='lat' dir='ltr'><strong>Nunquam</strong></span> <span class='ocrx_word' id='word_1_107' title='bbox 1161 1838 1498 1902; x_wconf 84' lang='lat' dir='ltr'><strong>exercitus</strong></span> <span class='ocrx_word' id='word_1_108' title='bbox 1562 1856 1776 1920; x_wconf 86' lang='lat' dir='ltr'><strong>neque</strong></span> <span class='ocrx_word' id='word_1_109' title='bbox 1830 1836 2045 1900; x_wconf 88' lang='lat' dir='ltr'><strong>minor</strong></span> <span class='ocrx_word' id='word_1_110' title='bbox 2101 1853 2402 1924; x_wconf 86' lang='lat' dir='ltr'><strong>numero,</strong></span> 
     </span>
     <span class='ocr_line' id='line_1_16' title="bbox 205 1924 2404 2019; baseline 0 -22"><span class='ocrx_word' id='word_1_111' title='bbox 205 1954 435 2019; x_wconf 85' lang='lat' dir='ltr'><strong>neque</strong></span> <span class='ocrx_word' id='word_1_112' title='bbox 484 1938 726 2003; x_wconf 85' lang='lat' dir='ltr'><strong>clarior</strong></span> <span class='ocrx_word' id='word_1_113' title='bbox 775 1938 957 2003; x_wconf 87' lang='lat' dir='ltr'><strong>sama</strong></span> <span class='ocrx_word' id='word_1_114' title='bbox 1002 1943 1070 2002; x_wconf 91' lang='lat' dir='ltr'><strong>et</strong></span> <span class='ocrx_word' id='word_1_115' title='bbox 1108 1924 1542 2001; x_wconf 82' lang='lat' dir='ltr'><strong>admiratione</strong></span> <span class='ocrx_word' id='word_1_116' title='bbox 1593 1936 1952 2007; x_wconf 88' lang='lat' dir='ltr'><strong>hominum,</strong></span> <span class='ocrx_word' id='word_1_117' title='bbox 2001 1955 2120 2018; x_wconf 89' lang='lat' dir='ltr'><strong>per</strong></span> <span class='ocrx_word' id='word_1_118' title='bbox 2169 1936 2404 1998; x_wconf 86' lang='lat' dir='ltr'><strong>urbem</strong></span> 
     </span>
     <span class='ocr_line' id='line_1_17' title="bbox 207 2036 2404 2121; baseline 0 -22"><span class='ocrx_word' id='word_1_119' title='bbox 207 2037 515 2102; x_wconf 78' lang='lat' dir='ltr'><strong>incessit.</strong></span> <span class='ocrx_word' id='word_1_120' title='bbox 577 2040 719 2104; x_wconf 81' lang='lat' dir='ltr'><strong>Sex</strong></span> <span class='ocrx_word' id='word_1_121' title='bbox 762 2047 831 2106; x_wconf 91' lang='lat' dir='ltr'><strong>et</strong></span> <span class='ocrx_word' id='word_1_122' title='bbox 879 2040 1153 2105; x_wconf 85' lang='lat' dir='ltr'><strong>trecenti</strong></span> <span class='ocrx_word' id='word_1_123' title='bbox 1198 2036 1501 2117; x_wconf 54' lang='lat' dir='ltr'><strong>milites}</strong></span> <span class='ocrx_word' id='word_1_124' title='bbox 1552 2057 1787 2121; x_wconf 80' lang='lat' dir='ltr'><strong>omues</strong></span> <span class='ocrx_word' id='word_1_125' title='bbox 1838 2038 2126 2121; x_wconf 86' lang='lat' dir='ltr'><strong>patricii,</strong></span> <span class='ocrx_word' id='word_1_126' title='bbox 2178 2053 2404 2101; x_wconf 90' lang='lat' dir='ltr'><strong>omnes</strong></span> 
     </span>
    </p>
   </div>
   <div class='ocr_carea' id='block_1_5' title="bbox 991 315 1630 414">
    <p class='ocr_par' dir='ltr' id='par_1_5' title="bbox 991 315 1630 414">
     <span class='ocr_line' id='line_1_18' title="bbox 991 315 1630 414; baseline -0.006 0"><span class='ocrx_word' id='word_1_127' title='bbox 991 366 1133 414; x_wconf 76' lang='lat' dir='ltr'><strong>mu.</strong></span> <span class='ocrx_word' id='word_1_128' title='bbox 1186 365 1265 414; x_wconf 89' lang='grc' dir='ltr'><strong>ιι.</strong></span> <span class='ocrx_word' id='word_1_129' title='bbox 1311 315 1477 414; x_wconf 62' lang='lat' dir='ltr'><strong>esp,</strong></span> <span class='ocrx_word' id='word_1_130' title='bbox 1521 346 1630 412; x_wconf 84' lang='grc'><strong>49.</strong></span> 
     </span>
    </p>
   </div>
   <div class='ocr_carea' id='block_1_6' title="bbox 279 2202 1635 2270">
    <p class='ocr_par' dir='ltr' id='par_1_6' title="bbox 279 2202 1635 2270">
     <span class='ocr_line' id='line_1_19' title="bbox 279 2202 1635 2270; baseline 0.001 -19"><span class='ocrx_word' id='word_1_131' title='bbox 279 2208 301 2233; x_wconf 56' lang='grc' dir='ltr'><strong><em>θ</em></strong></span> <span class='ocrx_word' id='word_1_132' title='bbox 339 2202 703 2269; x_wconf 70' lang='grc' dir='ltr'><strong>Ραῑιιάαηιειιὲο,</strong></span> <span class='ocrx_word' id='word_1_133' title='bbox 722 2210 850 2255; x_wconf 75' lang='lat' dir='ltr'><strong>ueste</strong></span> <span class='ocrx_word' id='word_1_134' title='bbox 872 2205 1089 2270; x_wconf 60' lang='lat' dir='ltr'><strong>manati,</strong></span> <span class='ocrx_word' id='word_1_135' title='bbox 1108 2219 1249 2269; x_wconf 72' lang='lat' dir='ltr'><strong>super</strong></span> <span class='ocrx_word' id='word_1_136' title='bbox 1269 2218 1403 2254; x_wconf 74' lang='lat' dir='ltr'><strong>urm</strong></span> <span class='ocrx_word' id='word_1_137' title='bbox 1422 2203 1635 2254; x_wconf 74' lang='lat' dir='ltr'><strong>indutus.</strong></span> 
     </span>
    </p>
   </div>
   <div class='ocr_carea' id='block_1_7' title="bbox 1146 2361 1510 2386">
    <p class='ocr_par' dir='ltr' id='par_1_7' title="bbox 1146 2361 1510 2386">
     <span class='ocr_line' id='line_1_20' title="bbox 1146 2361 1510 2386; baseline 0 -3"><span class='ocrx_word' id='word_1_138' title='bbox 1146 2361 1206 2386; x_wconf 64' lang='lat'><strong>06</strong></span> <span class='ocrx_word' id='word_1_139' title='bbox 1211 2363 1510 2385; x_wconf 56' lang='lat' dir='ltr'><strong>“mooe“</strong></span> 
     </span>
    </p>
   </div>
   <div class='ocr_carea' id='block_1_8' title="bbox 284 2456 2408 2518">
    <p class='ocr_par' dir='ltr' id='par_1_8' title="bbox 284 2456 2408 2518">
     <span class='ocr_line' id='line_1_21' title="bbox 284 2456 2408 2518; baseline -0.002 -6"><span class='ocrx_word' id='word_1_140' title='bbox 284 2469 314 2512; x_wconf 85' lang='lat'><strong>5</strong></span> <span class='ocrx_word' id='word_1_141' title='bbox 355 2464 565 2514; x_wconf 73' lang='lat' dir='ltr'><strong>Subiisse</strong></span> <span class='ocrx_word' id='word_1_142' title='bbox 587 2465 719 2515; x_wconf 84' lang='lat' dir='ltr'><strong>Edd.</strong></span> <span class='ocrx_word' id='word_1_143' title='bbox 740 2465 807 2517; x_wconf 89' lang='lat' dir='ltr'><strong>ab</strong></span> <span class='ocrx_word' id='word_1_144' title='bbox 827 2466 950 2518; x_wconf 87' lang='lat' dir='ltr'><strong>Ald.</strong></span> <span class='ocrx_word' id='word_1_145' title='bbox 971 2466 1037 2518; x_wconf 86' lang='lat' dir='ltr'><strong>ad</strong></span> <span class='ocrx_word' id='word_1_146' title='bbox 1060 2466 1323 2517; x_wconf 59' lang='lat' dir='ltr'><strong>Dalm—6</strong></span> <span class='ocrx_word' id='word_1_147' title='bbox 1354 2464 1525 2515; x_wconf 87' lang='lat' dir='ltr'><strong>Voces</strong></span> <span class='ocrx_word' id='word_1_148' title='bbox 1546 2461 1600 2512; x_wconf 73' lang='lat' dir='ltr'><strong>in</strong></span> <span class='ocrx_word' id='word_1_149' title='bbox 1618 2460 1733 2512; x_wconf 75' lang='lat' dir='ltr'><strong>urbe</strong></span> <span class='ocrx_word' id='word_1_150' title='bbox 1756 2460 1946 2512; x_wconf 86' lang='lat' dir='ltr'><strong>desunt</strong></span> <span class='ocrx_word' id='word_1_151' title='bbox 1965 2458 2018 2509; x_wconf 89' lang='lat' dir='ltr'><strong>in</strong></span> <span class='ocrx_word' id='word_1_152' title='bbox 2044 2459 2144 2509; x_wconf 87' lang='lat' dir='ltr'><strong>Ms.</strong></span> <span class='ocrx_word' id='word_1_153' title='bbox 2165 2456 2408 2509; x_wconf 66' lang='lat' dir='ltr'><strong>Vetus.—</strong></span> 
     </span>
    </p>
   </div>
   <div class='ocr_carea' id='block_1_9' title="bbox 1205 2611 1421 2663">
    <p class='ocr_par' dir='ltr' id='par_1_9' title="bbox 1205 2611 1421 2663">
     <span class='ocr_line' id='line_1_22' title="bbox 1205 2611 1421 2663; baseline 0 -1"><span class='ocrx_word' id='word_1_154' title='bbox 1205 2611 1421 2663; x_wconf 73' lang='lat' dir='ltr'>NOTAE</span> 
     </span>
    </p>
   </div>
   <div class='ocr_carea' id='block_1_10' title="bbox 218 2697 2412 3075">
    <p class='ocr_par' dir='ltr' id='par_1_10' title="bbox 218 2697 2412 2843">
     <span class='ocr_line' id='line_1_23' title="bbox 218 2697 2410 2771; baseline -0.003 -17"><span class='ocrx_word' id='word_1_155' title='bbox 218 2705 406 2768; x_wconf 86' lang='lat' dir='ltr'><strong>prium,</strong></span> <span class='ocrx_word' id='word_1_156' title='bbox 440 2719 532 2755; x_wconf 88' lang='lat' dir='ltr'><strong>suo</strong></span> <span class='ocrx_word' id='word_1_157' title='bbox 569 2711 738 2755; x_wconf 88' lang='lat' dir='ltr'><strong>sumtu</strong></span> <span class='ocrx_word' id='word_1_158' title='bbox 761 2705 1042 2771; x_wconf 86' lang='lat' dir='ltr'><strong>gerendum</strong></span> <span class='ocrx_word' id='word_1_159' title='bbox 1063 2721 1274 2771; x_wconf 84' lang='lat' dir='ltr'><strong>operam</strong></span> <span class='ocrx_word' id='word_1_160' title='bbox 1354 2706 1604 2755; x_wconf 81' lang='lat' dir='ltr'><strong>adversus</strong></span> <span class='ocrx_word' id='word_1_161' title='bbox 1624 2705 1876 2755; x_wconf 87' lang='lat' dir='ltr'><strong>Veientes</strong></span> <span class='ocrx_word' id='word_1_162' title='bbox 1905 2705 2205 2765; x_wconf 78' lang='lat' dir='ltr'><strong>susceperat</strong></span> <span class='ocrx_word' id='word_1_163' title='bbox 2227 2697 2410 2749; x_wconf 64' lang='grc' dir='ltr'><strong>Ροδίο-</strong></span> 
     </span>
     <span class='ocr_line' id='line_1_24' title="bbox 220 2774 2412 2843; baseline -0.004 -13"><span class='ocrx_word' id='word_1_164' title='bbox 220 2781 428 2831; x_wconf 88' lang='lat' dir='ltr'><strong>obtulit.</strong></span> <span class='ocrx_word' id='word_1_165' title='bbox 1347 2796 1467 2832; x_wconf 80' lang='lat' dir='ltr'><strong>rum</strong></span> <span class='ocrx_word' id='word_1_166' title='bbox 1500 2780 1735 2830; x_wconf 81' lang='lat' dir='ltr'><strong>familia:</strong></span> <span class='ocrx_word' id='word_1_167' title='bbox 1769 2786 1956 2843; x_wconf 78' lang='lat' dir='ltr'><strong>optant</strong></span> <span class='ocrx_word' id='word_1_168' title='bbox 1987 2777 2147 2840; x_wconf 78' lang='lat' dir='ltr'><strong>igitur</strong></span> <span class='ocrx_word' id='word_1_169' title='bbox 2177 2774 2412 2836; x_wconf 87' lang='lat' dir='ltr'><strong>Romani,</strong></span> 
     </span>
    </p>

    <p class='ocr_par' dir='ltr' id='par_1_11' title="bbox 223 2848 2412 3075">
     <span class='ocr_line' id='line_1_25' title="bbox 290 2848 2412 2911; baseline -0.002 -9"><span class='ocrx_word' id='word_1_170' title='bbox 290 2866 317 2901; x_wconf 77' lang='lat' dir='ltr'><strong>s</strong></span> <span class='ocrx_word' id='word_1_171' title='bbox 373 2857 626 2907; x_wconf 71' lang='lat' dir='ltr'><strong>Familiam</strong></span> <span class='ocrx_word' id='word_1_172' title='bbox 678 2874 821 2909; x_wconf 73' lang='lat' dir='ltr'><strong>unam</strong></span> <span class='ocrx_word' id='word_1_173' title='bbox 882 2861 1064 2911; x_wconf 70' lang='lat' dir='ltr'><strong>subisse</strong></span> <span class='ocrx_word' id='word_1_174' title='bbox 1103 2861 1276 2910; x_wconf 77' lang='lat' dir='ltr'><strong>civita·</strong></span> <span class='ocrx_word' id='word_1_175' title='bbox 1355 2864 1415 2907; x_wconf 89' lang='lat' dir='ltr'><strong>ut</strong></span> <span class='ocrx_word' id='word_1_176' title='bbox 1457 2856 1570 2906; x_wconf 81' lang='lat' dir='ltr'><strong>aliae</strong></span> <span class='ocrx_word' id='word_1_177' title='bbox 1628 2855 1745 2905; x_wconf 81' lang='lat' dir='ltr'><strong>duae</strong></span> <span class='ocrx_word' id='word_1_178' title='bbox 1801 2854 2127 2903; x_wconf 79' lang='lat' dir='ltr'><strong>inveniantur</strong></span> <span class='ocrx_word' id='word_1_179' title='bbox 2180 2848 2412 2909; x_wconf 61' lang='lat' dir='ltr'><strong>familiae,</strong></span> 
     </span>
     <span class='ocr_line' id='line_1_26' title="bbox 223 2925 2411 2998; baseline -0.005 -16"><span class='ocrx_word' id='word_1_180' title='bbox 223 2933 291 2982; x_wconf 78' lang='lat' dir='ltr'><strong>tis</strong></span> <span class='ocrx_word' id='word_1_181' title='bbox 329 2932 475 2995; x_wconf 76' lang='lat' dir='ltr'><strong>onus]</strong></span> <span class='ocrx_word' id='word_1_182' title='bbox 539 2934 781 2985; x_wconf 79' lang='lat' dir='ltr'><strong>Imitatus</strong></span> <span class='ocrx_word' id='word_1_183' title='bbox 838 2935 1044 2987; x_wconf 77' lang='lat' dir='ltr'><strong>videtur</strong></span> <span class='ocrx_word' id='word_1_184' title='bbox 1099 2936 1276 2986; x_wconf 80' lang='lat' dir='ltr'><strong>Livius</strong></span> <span class='ocrx_word' id='word_1_185' title='bbox 1356 2939 1578 2998; x_wconf 83' lang='lat' dir='ltr'><strong>quarum</strong></span> <span class='ocrx_word' id='word_1_186' title='bbox 1612 2947 1715 2982; x_wconf 89' lang='lat' dir='ltr'><strong>una</strong></span> <span class='ocrx_word' id='word_1_187' title='bbox 1749 2931 1960 2995; x_wconf 84' lang='lat' dir='ltr'><strong>AEquos,</strong></span> <span class='ocrx_word' id='word_1_188' title='bbox 1996 2928 2160 2976; x_wconf 87' lang='lat' dir='ltr'><strong>altera</strong></span> <span class='ocrx_word' id='word_1_189' title='bbox 2192 2925 2411 2973; x_wconf 82' lang='lat' dir='ltr'><strong>Volscos</strong></span> 
     </span>
     <span class='ocr_line' id='line_1_27' title="bbox 226 3010 1276 3075; baseline -0.002 -14"><span class='ocrx_word' id='word_1_190' title='bbox 226 3010 494 3074; x_wconf 81' lang='lat' dir='ltr'><strong>Ovidium,</strong></span> <span class='ocrx_word' id='word_1_191' title='bbox 538 3011 635 3060; x_wconf 88' lang='lat' dir='ltr'><strong>nisi</strong></span> <span class='ocrx_word' id='word_1_192' title='bbox 689 3011 861 3075; x_wconf 87' lang='lat' dir='ltr'><strong>potius</strong></span> <span class='ocrx_word' id='word_1_193' title='bbox 912 3013 1113 3062; x_wconf 83' lang='lat' dir='ltr'><strong>Livium</strong></span> <span class='ocrx_word' id='word_1_194' title='bbox 1147 3011 1276 3061; x_wconf 84' lang='lat' dir='ltr'><strong>Ovi-</strong></span> 
     </span>
    </p>
   </div>
   <div class='ocr_carea' id='block_1_11' title="bbox 225 3086 1287 4360">
    <p class='ocr_par' dir='ltr' id='par_1_12' title="bbox 225 3086 1277 3285">
     <span class='ocr_line' id='line_1_28' title="bbox 225 3086 1277 3150; baseline 0.002 -16"><span class='ocrx_word' id='word_1_195' title='bbox 225 3086 365 3147; x_wconf 86' lang='lat' dir='ltr'><strong>dius,</strong></span> <span class='ocrx_word' id='word_1_196' title='bbox 397 3087 532 3149; x_wconf 81' lang='lat' dir='ltr'><strong>apud</strong></span> <span class='ocrx_word' id='word_1_197' title='bbox 557 3100 711 3150; x_wconf 85' lang='lat' dir='ltr'><strong>quem</strong></span> <span class='ocrx_word' id='word_1_198' title='bbox 744 3100 806 3138; x_wconf 84' lang='lat'><strong>11.</strong></span> <span class='ocrx_word' id='word_1_199' title='bbox 828 3088 970 3138; x_wconf 83' lang='lat' dir='ltr'><strong>Fast.</strong></span> <span class='ocrx_word' id='word_1_200' title='bbox 1003 3088 1020 3116; x_wconf 87' lang='lat'>‘</span> <span class='ocrx_word' id='word_1_201' title='bbox 1039 3089 1155 3137; x_wconf 85' lang='lat' dir='ltr'><strong>Una</strong></span> <span class='ocrx_word' id='word_1_202' title='bbox 1187 3087 1277 3136; x_wconf 88' lang='lat' dir='ltr'><strong>do-</strong></span> 
     </span>
     <span class='ocr_line' id='line_1_29' title="bbox 228 3161 1277 3267; baseline 0.005 -59"><span class='ocrx_word' id='word_1_203' title='bbox 228 3175 342 3209; x_wconf 85' lang='lat' dir='ltr'><strong>mus</strong></span> <span class='ocrx_word' id='word_1_204' title='bbox 379 3161 510 3210; x_wconf 81' lang='lat' dir='ltr'><strong>vires</strong></span> <span class='ocrx_word' id='word_1_205' title='bbox 547 3168 602 3211; x_wconf 85' lang='lat' dir='ltr'><strong>et</strong></span> <span class='ocrx_word' id='word_1_206' title='bbox 644 3174 774 3211; x_wconf 81' lang='lat' dir='ltr'><strong>onus</strong></span> <span class='ocrx_word' id='word_1_207' title='bbox 841 3170 1143 3267; x_wconf 67' lang='lat' dir='ltr'><strong>susceperat</strong></span> <span class='ocrx_word' id='word_1_208' title='bbox 1195 3177 1277 3213; x_wconf 90' lang='lat' dir='ltr'><strong>ur·</strong></span> 
     </span>
     <span class='ocr_line' id='line_1_30' title="bbox 227 3235 342 3285; baseline 0 -1"><span class='ocrx_word' id='word_1_209' title='bbox 227 3235 342 3285; x_wconf 84' lang='lat' dir='ltr'><strong>bis.’</strong></span> 
     </span>
    </p>

    <p class='ocr_par' dir='ltr' id='par_1_13' title="bbox 228 3314 1287 4360">
     <span class='ocr_line' id='line_1_31' title="bbox 294 3314 1280 3381; baseline 0.002 -18"><span class='ocrx_word' id='word_1_210' title='bbox 294 3314 320 3348; x_wconf 81' lang='lat'><strong>¹²</strong></span> <span class='ocrx_word' id='word_1_211' title='bbox 330 3315 412 3364; x_wconf 82' lang='lat' dir='ltr'><strong>Si</strong></span> <span class='ocrx_word' id='word_1_212' title='bbox 440 3315 539 3364; x_wconf 74' lang='lat' dir='ltr'><strong>sint</strong></span> <span class='ocrx_word' id='word_1_213' title='bbox 570 3314 698 3378; x_wconf 80' lang='lat' dir='ltr'><strong>duoe]</strong></span> <span class='ocrx_word' id='word_1_214' title='bbox 731 3315 853 3365; x_wconf 87' lang='lat' dir='ltr'><strong>Non</strong></span> <span class='ocrx_word' id='word_1_215' title='bbox 882 3315 1055 3381; x_wconf 81' lang='lat' dir='ltr'><strong>dispar</strong></span> <span class='ocrx_word' id='word_1_216' title='bbox 1073 3315 1280 3380; x_wconf 76' lang='lat' dir='ltr'><strong>Virgilii</strong></span> 
     </span>
     <span class='ocr_line' id='line_1_32' title="bbox 228 3390 1280 3451; baseline 0 -11"><span class='ocrx_word' id='word_1_217' title='bbox 228 3391 388 3451; x_wconf 88' lang='lat' dir='ltr'><strong>locus,</strong></span> <span class='ocrx_word' id='word_1_218' title='bbox 438 3404 492 3438; x_wconf 87' lang='lat' dir='ltr'><strong>a:</strong></span> <span class='ocrx_word' id='word_1_219' title='bbox 520 3390 684 3441; x_wconf 86' lang='lat' dir='ltr'><strong>Gron.</strong></span> <span class='ocrx_word' id='word_1_220' title='bbox 722 3391 1015 3441; x_wconf 43' lang='lat' dir='ltr'><strong>Mandatus</strong></span> <span class='ocrx_word' id='word_1_221' title='bbox 1056 3392 1142 3442; x_wconf 82' lang='lat' dir='ltr'><strong>‘Si</strong></span> <span class='ocrx_word' id='word_1_222' title='bbox 1177 3391 1280 3440; x_wconf 87' lang='lat' dir='ltr'><strong>duo</strong></span> 
     </span>
     <span class='ocr_line' id='line_1_33' title="bbox 230 3464 1283 3527; baseline 0.001 -14"><span class='ocrx_word' id='word_1_223' title='bbox 230 3470 484 3527; x_wconf 62' lang='lat' dir='ltr'><strong>praterea</strong></span> <span class='ocrx_word' id='word_1_224' title='bbox 520 3465 653 3514; x_wconf 82' lang='lat' dir='ltr'><strong>tales</strong></span> <span class='ocrx_word' id='word_1_225' title='bbox 689 3464 836 3514; x_wconf 85' lang='lat' dir='ltr'><strong>Idaea</strong></span> <span class='ocrx_word' id='word_1_226' title='bbox 872 3464 1076 3515; x_wconf 87' lang='lat' dir='ltr'><strong>tulisset</strong></span> <span class='ocrx_word' id='word_1_227' title='bbox 1117 3465 1283 3514; x_wconf 83' lang='lat' dir='ltr'><strong>Terra</strong></span> 
     </span>
     <span class='ocr_line' id='line_1_34' title="bbox 235 3539 1281 3600; baseline 0.001 -12"><span class='ocrx_word' id='word_1_228' title='bbox 235 3541 386 3600; x_wconf 84' lang='lat' dir='ltr'><strong>viros,</strong></span> <span class='ocrx_word' id='word_1_229' title='bbox 423 3542 563 3590; x_wconf 89' lang='lat' dir='ltr'><strong>ultro</strong></span> <span class='ocrx_word' id='word_1_230' title='bbox 598 3540 836 3591; x_wconf 83' lang='lat' dir='ltr'><strong>Inachias</strong></span> <span class='ocrx_word' id='word_1_231' title='bbox 858 3541 1083 3591; x_wconf 75' lang='lat' dir='ltr'><strong>venisset</strong></span> <span class='ocrx_word' id='word_1_232' title='bbox 1106 3539 1172 3589; x_wconf 82' lang='lat' dir='ltr'><strong>ad</strong></span> <span class='ocrx_word' id='word_1_233' title='bbox 1198 3554 1281 3589; x_wconf 89' lang='lat' dir='ltr'><strong>ur-</strong></span> 
     </span>
     <span class='ocr_line' id='line_1_35' title="bbox 233 3613 1283 3744; baseline 0.003 -81"><span class='ocrx_word' id='word_1_234' title='bbox 233 3613 326 3663; x_wconf 81' lang='lat' dir='ltr'><strong>bes</strong></span> <span class='ocrx_word' id='word_1_235' title='bbox 349 3614 639 3687; x_wconf 77' lang='lat' dir='ltr'><strong>Dardanus,</strong></span> <span class='ocrx_word' id='word_1_236' title='bbox 660 3622 716 3666; x_wconf 91' lang='lat' dir='ltr'><strong>et</strong></span> <span class='ocrx_word' id='word_1_237' title='bbox 739 3616 899 3665; x_wconf 84' lang='lat' dir='ltr'><strong>versis</strong></span> <span class='ocrx_word' id='word_1_238' title='bbox 917 3617 1117 3744; x_wconf 83' lang='lat' dir='ltr'><strong>lugeret</strong></span> <span class='ocrx_word' id='word_1_239' title='bbox 1135 3616 1283 3666; x_wconf 76' lang='lat' dir='ltr'><strong>Grae·</strong></span> 
     </span>
     <span class='ocr_line' id='line_1_36' title="bbox 233 3689 577 3741; baseline 0 -1"><span class='ocrx_word' id='word_1_240' title='bbox 233 3690 327 3740; x_wconf 83' lang='lat' dir='ltr'><strong>cia</strong></span> <span class='ocrx_word' id='word_1_241' title='bbox 349 3689 505 3741; x_wconf 63' lang='lat' dir='ltr'><strong>fatis!</strong></span> <span class='ocrx_word' id='word_1_242' title='bbox 572 3708 577 3729; x_wconf 77' lang='lat'><em>1</em></span> 
     </span>
     <span class='ocr_line' id='line_1_37' title="bbox 238 3766 1283 3833; baseline -0.003 -14"><span class='ocrx_word' id='word_1_243' title='bbox 238 3786 247 3792; x_wconf 88' lang='lat'>·</span> <span class='ocrx_word' id='word_1_244' title='bbox 298 3766 313 3800; x_wconf 85' lang='lat'>¹</span> <span class='ocrx_word' id='word_1_245' title='bbox 342 3767 464 3819; x_wconf 84' lang='lat' dir='ltr'><strong>Hoec</strong></span> <span class='ocrx_word' id='word_1_246' title='bbox 492 3768 681 3818; x_wconf 80' lang='lat' dir='ltr'><strong>Volscos</strong></span> <span class='ocrx_word' id='word_1_247' title='bbox 701 3769 819 3833; x_wconf 79' lang='lat' dir='ltr'><strong>sibi]</strong></span> <span class='ocrx_word' id='word_1_248' title='bbox 855 3769 994 3819; x_wconf 79' lang='lat' dir='ltr'><strong>Cave</strong></span> <span class='ocrx_word' id='word_1_249' title='bbox 1023 3783 1139 3819; x_wconf 90' lang='lat' dir='ltr'><strong>cum</strong></span> <span class='ocrx_word' id='word_1_250' title='bbox 1159 3767 1283 3817; x_wconf 86' lang='lat' dir='ltr'><strong>Vel·</strong></span> 
     </span>
     <span class='ocr_line' id='line_1_38' title="bbox 232 3841 1284 3909; baseline 0 -16"><span class='ocrx_word' id='word_1_251' title='bbox 232 3841 440 3893; x_wconf 85' lang='lat' dir='ltr'><strong>curione</strong></span> <span class='ocrx_word' id='word_1_252' title='bbox 462 3842 646 3894; x_wconf 82' lang='lat' dir='ltr'><strong>bocde</strong></span> <span class='ocrx_word' id='word_1_253' title='bbox 678 3844 837 3895; x_wconf 86' lang='lat' dir='ltr'><strong>Fabia</strong></span> <span class='ocrx_word' id='word_1_254' title='bbox 865 3852 1018 3909; x_wconf 80' lang='lat' dir='ltr'><strong>gente</strong></span> <span class='ocrx_word' id='word_1_255' title='bbox 1040 3844 1284 3909; x_wconf 86' lang='lat' dir='ltr'><strong>accipias,</strong></span> 
     </span>
     <span class='ocr_line' id='line_1_39' title="bbox 234 3918 1286 3986; baseline 0.003 -20"><span class='ocrx_word' id='word_1_256' title='bbox 234 3918 381 3983; x_wconf 82' lang='lat' dir='ltr'><strong>quasi</strong></span> <span class='ocrx_word' id='word_1_257' title='bbox 401 3919 513 3968; x_wconf 79' lang='lat' dir='ltr'><strong>baec</strong></span> <span class='ocrx_word' id='word_1_258' title='bbox 535 3920 752 3970; x_wconf 82' lang='lat' dir='ltr'><strong>Volscos</strong></span> <span class='ocrx_word' id='word_1_259' title='bbox 785 3921 881 3970; x_wconf 85' lang='lat' dir='ltr'><strong>sibi</strong></span> <span class='ocrx_word' id='word_1_260' title='bbox 912 3920 1286 3986; x_wconf 84' lang='lat' dir='ltr'><strong>oppugnandos</strong></span> 
     </span>
     <span class='ocr_line' id='line_1_40' title="bbox 234 3994 1284 4062; baseline 0.003 -20"><span class='ocrx_word' id='word_1_261' title='bbox 234 3994 558 4057; x_wconf 82' lang='lat' dir='ltr'><strong>deposceret,</strong></span> <span class='ocrx_word' id='word_1_262' title='bbox 591 4004 647 4045; x_wconf 85' lang='lat' dir='ltr'><strong>et</strong></span> <span class='ocrx_word' id='word_1_263' title='bbox 674 3997 921 4046; x_wconf 83' lang='lat' dir='ltr'><strong>Veientes</strong></span> <span class='ocrx_word' id='word_1_264' title='bbox 958 4011 1075 4062; x_wconf 83' lang='lat' dir='ltr'><strong>pars</strong></span> <span class='ocrx_word' id='word_1_265' title='bbox 1109 4001 1284 4046; x_wconf 84' lang='lat' dir='ltr'><strong>essent</strong></span> 
     </span>
     <span class='ocr_line' id='line_1_41' title="bbox 233 4070 1284 4138; baseline 0.004 -21"><span class='ocrx_word' id='word_1_266' title='bbox 233 4070 574 4121; x_wconf 86' lang='lat' dir='ltr'><strong>Volscorum.</strong></span> <span class='ocrx_word' id='word_1_267' title='bbox 614 4072 742 4122; x_wconf 70' lang='lat' dir='ltr'><strong>Tres</strong></span> <span class='ocrx_word' id='word_1_268' title='bbox 765 4072 1013 4138; x_wconf 83' lang='lat' dir='ltr'><strong>praecipui</strong></span> <span class='ocrx_word' id='word_1_269' title='bbox 1040 4078 1161 4123; x_wconf 85' lang='lat' dir='ltr'><strong>tunc</strong></span> <span class='ocrx_word' id='word_1_270' title='bbox 1183 4073 1284 4122; x_wconf 86' lang='lat' dir='ltr'><strong>Ro-</strong></span> 
     </span>
     <span class='ocr_line' id='line_1_42' title="bbox 239 4137 1286 4208; baseline 0.005 -16"><span class='ocrx_word' id='word_1_271' title='bbox 239 4145 407 4193; x_wconf 86' lang='lat' dir='ltr'><strong>manis</strong></span> <span class='ocrx_word' id='word_1_272' title='bbox 434 4137 631 4194; x_wconf 78' lang='lat' dir='ltr'><strong>hostes</strong></span> <span class='ocrx_word' id='word_1_273' title='bbox 653 4153 821 4208; x_wconf 85' lang='lat' dir='ltr'><strong>erant,</strong></span> <span class='ocrx_word' id='word_1_274' title='bbox 850 4147 1100 4197; x_wconf 82' lang='lat' dir='ltr'><strong>Veientes</strong></span> <span class='ocrx_word' id='word_1_275' title='bbox 1142 4155 1286 4197; x_wconf 87' lang='lat' dir='ltr'><strong>trans</strong></span> 
     </span>
     <span class='ocr_line' id='line_1_43' title="bbox 234 4218 1287 4286; baseline 0.003 -19"><span class='ocrx_word' id='word_1_276' title='bbox 234 4218 458 4268; x_wconf 74' lang='lat' dir='ltr'><strong>Tiberim</strong></span> <span class='ocrx_word' id='word_1_277' title='bbox 496 4220 549 4268; x_wconf 90' lang='lat' dir='ltr'><strong>in</strong></span> <span class='ocrx_word' id='word_1_278' title='bbox 587 4221 836 4283; x_wconf 84' lang='lat' dir='ltr'><strong>Etruria,·</strong></span> <span class='ocrx_word' id='word_1_279' title='bbox 832 4221 994 4286; x_wconf 80' lang='lat' dir='ltr'><strong>AEqui</strong></span> <span class='ocrx_word' id='word_1_280' title='bbox 1030 4227 1088 4271; x_wconf 85' lang='lat' dir='ltr'><strong>et</strong></span> <span class='ocrx_word' id='word_1_281' title='bbox 1110 4221 1287 4272; x_wconf 84' lang='lat' dir='ltr'><strong>Volsci</strong></span> 
     </span>
     <span class='ocr_line' id='line_1_44' title="bbox 239 4294 1287 4360; baseline 0.003 -17"><span class='ocrx_word' id='word_1_282' title='bbox 239 4294 374 4344; x_wconf 86' lang='lat' dir='ltr'><strong>ultra</strong></span> <span class='ocrx_word' id='word_1_283' title='bbox 408 4294 631 4347; x_wconf 68' lang='lat' dir='ltr'><strong>Latium</strong></span> <span class='ocrx_word' id='word_1_284' title='bbox 675 4303 843 4349; x_wconf 71' lang='lat' dir='ltr'><strong>vetus.</strong></span> <span class='ocrx_word' id='word_1_285' title='bbox 924 4297 1131 4349; x_wconf 69' lang='lat' dir='ltr'><strong>Belum</strong></span> <span class='ocrx_word' id='word_1_286' title='bbox 1175 4297 1287 4360; x_wconf 73' lang='lat' dir='ltr'><strong>,iam</strong></span> 
     </span>
    </p>
   </div>
   <div class='ocr_carea' id='block_1_12' title="bbox 1330 2999 2422 4356">
    <p class='ocr_par' dir='ltr' id='par_1_14' title="bbox 1354 2999 2413 3134">
     <span class='ocr_line' id='line_1_45' title="bbox 1356 2999 2413 3075; baseline -0.012 -16"><span class='ocrx_word' id='word_1_287' title='bbox 1356 3010 1563 3075; x_wconf 84' lang='lat' dir='ltr'><strong>privata</strong></span> <span class='ocrx_word' id='word_1_288' title='bbox 1599 3021 1758 3073; x_wconf 84' lang='lat' dir='ltr'><strong>opera</strong></span> <span class='ocrx_word' id='word_1_289' title='bbox 1787 3012 1843 3055; x_wconf 88' lang='lat' dir='ltr'><strong>et</strong></span> <span class='ocrx_word' id='word_1_290' title='bbox 1892 3019 1984 3054; x_wconf 89' lang='lat' dir='ltr'><strong>suo</strong></span> <span class='ocrx_word' id='word_1_291' title='bbox 2023 3009 2195 3052; x_wconf 85' lang='lat' dir='ltr'><strong>sumtu</strong></span> <span class='ocrx_word' id='word_1_292' title='bbox 2236 2999 2413 3049; x_wconf 85' lang='lat' dir='ltr'><strong>debel</strong></span> 
     </span>
     <span class='ocr_line' id='line_1_46' title="bbox 1354 3085 2348 3134; baseline -0.005 0"><span class='ocrx_word' id='word_1_293' title='bbox 1354 3085 1534 3134; x_wconf 86' lang='lat' dir='ltr'><strong>land&#39;os</strong></span> <span class='ocrx_word' id='word_1_294' title='bbox 1557 3085 1654 3134; x_wconf 87' lang='lat' dir='ltr'><strong>sibi</strong></span> <span class='ocrx_word' id='word_1_295' title='bbox 1675 3086 1864 3133; x_wconf 85' lang='lat' dir='ltr'><strong>sumat.</strong></span> <span class='ocrx_word' id='word_1_296' title='bbox 2343 3090 2348 3101; x_wconf 91' lang='lat'><em>&#39;</em></span> 
     </span>
    </p>

    <p class='ocr_par' dir='ltr' id='par_1_15' title="bbox 1358 3153 2422 4356">
     <span class='ocr_line' id='line_1_47' title="bbox 1421 3153 2416 3221; baseline -0.011 -9"><span class='ocrx_word' id='word_1_297' title='bbox 1421 3160 1446 3196; x_wconf 76' lang='lat'><strong>¹¹</strong></span> <span class='ocrx_word' id='word_1_298' title='bbox 1478 3162 1581 3212; x_wconf 75' lang='lat' dir='ltr'><strong>Sex</strong></span> <span class='ocrx_word' id='word_1_299' title='bbox 1602 3167 1649 3211; x_wconf 78' lang='lat' dir='ltr'><strong>et</strong></span> <span class='ocrx_word' id='word_1_300' title='bbox 1671 3159 1868 3210; x_wconf 75' lang='lat' dir='ltr'><strong>trecenti</strong></span> <span class='ocrx_word' id='word_1_301' title='bbox 1899 3157 2099 3221; x_wconf 78' lang='lat' dir='ltr'><strong>milites]</strong></span> <span class='ocrx_word' id='word_1_302' title='bbox 2135 3155 2288 3204; x_wconf 85' lang='lat' dir='ltr'><strong>Hunc</strong></span> <span class='ocrx_word' id='word_1_303' title='bbox 2317 3153 2416 3202; x_wconf 85' lang='lat' dir='ltr'><strong>Fa-</strong></span> 
     </span>
     <span class='ocr_line' id='line_1_48' title="bbox 1358 3228 2415 3294; baseline -0.01 -6"><span class='ocrx_word' id='word_1_304' title='bbox 1358 3236 1556 3288; x_wconf 89' lang='lat' dir='ltr'><strong>biorum</strong></span> <span class='ocrx_word' id='word_1_305' title='bbox 1590 3238 1834 3286; x_wconf 87' lang='lat' dir='ltr'><strong>adversus</strong></span> <span class='ocrx_word' id='word_1_306' title='bbox 1859 3234 2110 3285; x_wconf 84' lang='lat' dir='ltr'><strong>Veientes</strong></span> <span class='ocrx_word' id='word_1_307' title='bbox 2151 3228 2415 3294; x_wconf 84' lang='lat' dir='ltr'><strong>profecto-</strong></span> 
     </span>
     <span class='ocr_line' id='line_1_49' title="bbox 1362 3307 2413 3362; baseline -0.01 1"><span class='ocrx_word' id='word_1_308' title='bbox 1362 3328 1473 3362; x_wconf 91' lang='lat' dir='ltr'><strong>rum</strong></span> <span class='ocrx_word' id='word_1_309' title='bbox 1517 3327 1786 3362; x_wconf 87' lang='lat' dir='ltr'><strong>numerum</strong></span> <span class='ocrx_word' id='word_1_310' title='bbox 1832 3317 2036 3360; x_wconf 83' lang='lat' dir='ltr'><strong>veteres</strong></span> <span class='ocrx_word' id='word_1_311' title='bbox 2074 3307 2250 3357; x_wconf 87' lang='lat' dir='ltr'><strong>cuncti</strong></span> <span class='ocrx_word' id='word_1_312' title='bbox 2291 3318 2413 3354; x_wconf 86' lang='lat' dir='ltr'><strong>auc-</strong></span> 
     </span>
     <span class='ocr_line' id='line_1_50' title="bbox 1362 3385 2416 3437; baseline -0.009 -1"><span class='ocrx_word' id='word_1_313' title='bbox 1362 3395 1497 3437; x_wconf 87' lang='lat' dir='ltr'><strong>tores</strong></span> <span class='ocrx_word' id='word_1_314' title='bbox 1539 3386 1767 3436; x_wconf 87' lang='lat' dir='ltr'><strong>tradunt.</strong></span> <span class='ocrx_word' id='word_1_315' title='bbox 1837 3385 1989 3437; x_wconf 80' lang='lat' dir='ltr'><strong>Quod</strong></span> <span class='ocrx_word' id='word_1_316' title='bbox 2029 3389 2201 3431; x_wconf 85' lang='lat' dir='ltr'><strong>tamen</strong></span> <span class='ocrx_word' id='word_1_317' title='bbox 2240 3392 2416 3429; x_wconf 87' lang='lat' dir='ltr'><strong>recen·</strong></span> 
     </span>
     <span class='ocr_line' id='line_1_51' title="bbox 1363 3459 2416 3524; baseline -0.011 -12"><span class='ocrx_word' id='word_1_318' title='bbox 1363 3462 1583 3512; x_wconf 82' lang='lat' dir='ltr'><strong>tioribus</strong></span> <span class='ocrx_word' id='word_1_319' title='bbox 1627 3460 1764 3524; x_wconf 82' lang='lat' dir='ltr'><strong>apud</strong></span> <span class='ocrx_word' id='word_1_320' title='bbox 1811 3459 2178 3509; x_wconf 83' lang='lat' dir='ltr'><strong>Godelevaeum</strong></span> <span class='ocrx_word' id='word_1_321' title='bbox 2233 3466 2416 3516; x_wconf 87' lang='lat' dir='ltr'><strong>parum</strong></span> 
     </span>
     <span class='ocr_line' id='line_1_52' title="bbox 1361 3529 2417 3599; baseline -0.011 -11"><span class='ocrx_word' id='word_1_322' title='bbox 1361 3538 1637 3588; x_wconf 74' lang='lat' dir='ltr'><strong>verisimile</strong></span> <span class='ocrx_word' id='word_1_323' title='bbox 1659 3536 1880 3597; x_wconf 84' lang='lat' dir='ltr'><strong>videtur,</strong></span> <span class='ocrx_word' id='word_1_324' title='bbox 1904 3534 2035 3599; x_wconf 89' lang='lat' dir='ltr'><strong>(tam</strong></span> <span class='ocrx_word' id='word_1_325' title='bbox 2058 3531 2296 3593; x_wconf 79' lang='lat' dir='ltr'><strong>exignum</strong></span> <span class='ocrx_word' id='word_1_326' title='bbox 2320 3529 2417 3579; x_wconf 89' lang='lat' dir='ltr'><strong>sci·</strong></span> 
     </span>
     <span class='ocr_line' id='line_1_53' title="bbox 1330 3603 2421 3691; baseline -0.011 -26.661"><span class='ocrx_word' id='word_1_327' title='bbox 1330 3614 1501 3691; x_wconf 89' lang='lat' dir='ltr'><strong>licet·</strong></span> <span class='ocrx_word' id='word_1_328' title='bbox 1521 3627 1786 3662; x_wconf 84' lang='lat' dir='ltr'><strong>numerum</strong></span> <span class='ocrx_word' id='word_1_329' title='bbox 1832 3618 1976 3661; x_wconf 86' lang='lat' dir='ltr'><strong>tanto</strong></span> <span class='ocrx_word' id='word_1_330' title='bbox 2012 3610 2222 3669; x_wconf 86' lang='lat' dir='ltr'><strong>incepto</strong></span> <span class='ocrx_word' id='word_1_331' title='bbox 2266 3603 2421 3654; x_wconf 74' lang='lat' dir='ltr'><strong>suffe..</strong></span> 
     </span>
     <span class='ocr_line' id='line_1_54' title="bbox 1330 3663 2417 3754; baseline -0.01 -14.69"><span class='ocrx_word' id='word_1_332' title='bbox 1330 3663 1497 3740; x_wconf 86' lang='lat' dir='ltr'><strong>cisse</strong></span> <span class='ocrx_word' id='word_1_333' title='bbox 1501 3688 1544 3754; x_wconf 88' lang='lat'><strong>,)</strong></span> <span class='ocrx_word' id='word_1_334' title='bbox 1565 3704 1681 3739; x_wconf 87' lang='lat' dir='ltr'><strong>cum</strong></span> <span class='ocrx_word' id='word_1_335' title='bbox 1705 3688 1860 3753; x_wconf 85' lang='lat' dir='ltr'><strong>paulo</strong></span> <span class='ocrx_word' id='word_1_336' title='bbox 1880 3694 2001 3737; x_wconf 85' lang='lat' dir='ltr'><strong>aute</strong></span> <span class='ocrx_word' id='word_1_337' title='bbox 2035 3685 2207 3747; x_wconf 85' lang='lat' dir='ltr'><strong>plures</strong></span> <span class='ocrx_word' id='word_1_338' title='bbox 2233 3683 2417 3731; x_wconf 87' lang='lat' dir='ltr'><strong>Roma·</strong></span> 
     </span>
     <span class='ocr_line' id='line_1_55' title="bbox 1363 3757 2418 3829; baseline -0.01 -13"><span class='ocrx_word' id='word_1_339' title='bbox 1363 3781 1446 3815; x_wconf 77' lang='lat' dir='ltr'><strong>nae</strong></span> <span class='ocrx_word' id='word_1_340' title='bbox 1484 3765 1716 3829; x_wconf 84' lang='lat' dir='ltr'><strong>legiones</strong></span> <span class='ocrx_word' id='word_1_341' title='bbox 1755 3763 2034 3813; x_wconf 84' lang='lat' dir='ltr'><strong>eorundem</strong></span> <span class='ocrx_word' id='word_1_342' title='bbox 2071 3757 2290 3808; x_wconf 84' lang='lat' dir='ltr'><strong>hostium</strong></span> <span class='ocrx_word' id='word_1_343' title='bbox 2316 3759 2418 3805; x_wconf 84' lang='lat' dir='ltr'><strong>vim</strong></span> 
     </span>
     <span class='ocr_line' id='line_1_56' title="bbox 1364 3833 2420 3906; baseline -0.011 -14"><span class='ocrx_word' id='word_1_344' title='bbox 1364 3856 1505 3906; x_wconf 77' lang='lat' dir='ltr'><strong>aegre</strong></span> <span class='ocrx_word' id='word_1_345' title='bbox 1561 3841 1889 3890; x_wconf 70' lang='lat' dir='ltr'><strong>sustinerent.</strong></span> <span class='ocrx_word' id='word_1_346' title='bbox 1969 3835 2190 3885; x_wconf 87' lang='lat' dir='ltr'><strong>Veriora</strong></span> <span class='ocrx_word' id='word_1_347' title='bbox 2243 3833 2420 3896; x_wconf 77' lang='lat' dir='ltr'><strong>itaque</strong></span> 
     </span>
     <span class='ocr_line' id='line_1_57' title="bbox 1366 3909 2422 3979; baseline -0.01 -11"><span class='ocrx_word' id='word_1_348' title='bbox 1366 3924 1650 3968; x_wconf 85' lang='lat' dir='ltr'><strong>censet.ea</strong></span> <span class='ocrx_word' id='word_1_349' title='bbox 1693 3930 1807 3979; x_wconf 81' lang='lat' dir='ltr'><strong>quae</strong></span> <span class='ocrx_word' id='word_1_350' title='bbox 1844 3912 2125 3976; x_wconf 83' lang='lat' dir='ltr'><strong>Dionysius</strong></span> <span class='ocrx_word' id='word_1_351' title='bbox 2176 3909 2422 3973; x_wconf 84' lang='lat' dir='ltr'><strong>prodidit,</strong></span> 
     </span>
     <span class='ocr_line' id='line_1_58' title="bbox 1363 3987 2419 4059; baseline -0.01 -15"><span class='ocrx_word' id='word_1_352' title='bbox 1363 4001 1667 4059; x_wconf 82' lang='lat' dir='ltr'><strong>quaternum</strong></span> <span class='ocrx_word' id='word_1_353' title='bbox 1698 3990 1956 4040; x_wconf 84' lang='lat' dir='ltr'><strong>hominum</strong></span> <span class='ocrx_word' id='word_1_354' title='bbox 1991 3987 2200 4036; x_wconf 88' lang='lat' dir='ltr'><strong>millium</strong></span> <span class='ocrx_word' id='word_1_355' title='bbox 2233 3999 2419 4050; x_wconf 80' lang='lat' dir='ltr'><strong>agmen</strong></span> 
     </span>
     <span class='ocr_line' id='line_1_59' title="bbox 1365 4062 2420 4125; baseline -0.009 -6"><span class='ocrx_word' id='word_1_356' title='bbox 1365 4083 1431 4119; x_wconf 82' lang='lat' dir='ltr'><strong>ex</strong></span> <span class='ocrx_word' id='word_1_357' title='bbox 1454 4067 1631 4117; x_wconf 81' lang='lat' dir='ltr'><strong>amicis</strong></span> <span class='ocrx_word' id='word_1_358' title='bbox 1651 4072 1713 4116; x_wconf 73' lang='lat' dir='ltr'><strong>et&#39;</strong></span> <span class='ocrx_word' id='word_1_359' title='bbox 1730 4063 2004 4115; x_wconf 87' lang='lat' dir='ltr'><strong>clientibus</strong></span> <span class='ocrx_word' id='word_1_360' title='bbox 2028 4078 2059 4111; x_wconf 82' lang='lat' dir='ltr'><strong>a</strong></span> <span class='ocrx_word' id='word_1_361' title='bbox 2082 4062 2239 4111; x_wconf 75' lang='lat' dir='ltr'><strong>Fabia</strong></span> <span class='ocrx_word' id='word_1_362' title='bbox 2261 4068 2420 4125; x_wconf 83' lang='lat' dir='ltr'><strong>gente</strong></span> 
     </span>
     <span class='ocr_line' id='line_1_60' title="bbox 1365 4138 2419 4194; baseline -0.009 0"><span class='ocrx_word' id='word_1_363' title='bbox 1365 4142 1645 4194; x_wconf 83' lang='lat' dir='ltr'><strong>conflatum</strong></span> <span class='ocrx_word' id='word_1_364' title='bbox 1674 4156 1803 4192; x_wconf 89' lang='lat' dir='ltr'><strong>esse.</strong></span> <span class='ocrx_word' id='word_1_365' title='bbox 1869 4139 1973 4190; x_wconf 81' lang='lat' dir='ltr'><strong>Sed</strong></span> <span class='ocrx_word' id='word_1_366' title='bbox 2002 4153 2099 4188; x_wconf 87' lang='lat' dir='ltr'><strong>nec</strong></span> <span class='ocrx_word' id='word_1_367' title='bbox 2135 4138 2236 4187; x_wconf 86' lang='lat' dir='ltr'><strong>alia</strong></span> <span class='ocrx_word' id='word_1_368' title='bbox 2276 4151 2419 4185; x_wconf 87' lang='lat' dir='ltr'><strong>mens</strong></span> 
     </span>
     <span class='ocr_line' id='line_1_61' title="bbox 1368 4212 2420 4281; baseline -0.01 -11"><span class='ocrx_word' id='word_1_369' title='bbox 1368 4220 1725 4270; x_wconf 83' lang='lat' dir='ltr'><strong>Livionostro</strong></span> <span class='ocrx_word' id='word_1_370' title='bbox 1769 4217 1886 4267; x_wconf 87' lang='lat' dir='ltr'><strong>fuit.</strong></span> <span class='ocrx_word' id='word_1_371' title='bbox 1953 4217 2236 4281; x_wconf 87' lang='lat' dir='ltr'><strong>Postquam</strong></span> <span class='ocrx_word' id='word_1_372' title='bbox 2280 4212 2420 4261; x_wconf 81' lang='lat' dir='ltr'><strong>enim</strong></span> 
     </span>
     <span class='ocr_line' id='line_1_62' title="bbox 1366 4291 2422 4356; baseline -0.012 -10"><span class='ocrx_word' id='word_1_373' title='bbox 1366 4298 1384 4326; x_wconf 78' lang='lat'><strong>⁶</strong></span> <span class='ocrx_word' id='word_1_374' title='bbox 1401 4309 1492 4346; x_wconf 76' lang='lat' dir='ltr'><strong>ses</strong></span> <span class='ocrx_word' id='word_1_375' title='bbox 1515 4309 1576 4347; x_wconf 88' lang='lat' dir='ltr'><strong>ac</strong></span> <span class='ocrx_word' id='word_1_376' title='bbox 1600 4300 1861 4346; x_wconf 86' lang='lat' dir='ltr'><strong>trecentos</strong></span> <span class='ocrx_word' id='word_1_377' title='bbox 1896 4291 2102 4356; x_wconf 82' lang='lat' dir='ltr'><strong>milites,</strong></span> <span class='ocrx_word' id='word_1_378' title='bbox 2122 4301 2297 4342; x_wconf 85' lang='lat' dir='ltr'><strong>omnes</strong></span> <span class='ocrx_word' id='word_1_379' title='bbox 2327 4299 2422 4351; x_wconf 56' lang='lat' dir='ltr'><strong>pa-</strong></span> 
     </span>
    </p>
   </div>
  </div>
 </body>
</html>
