3034 4925
570 391 701 458 254
1498 405 1568 452 τ.
1614 403 1801 453 mvn

571 569 897 635 quaerens,
925 549 1089 636 quia
1113 556 1259 615 suae
1301 550 1565 615 civitati
1613 549 1977 614 animorum
2025 547 2200 631 plus,
2240 564 2443 630 quam
2485 546 2752 625 virium,

570 654 885 744 cernebat
910 670 1083 731 esse,
1115 651 1204 716 ad
1251 652 1500 717 bellum
1545 651 1772 737 palam
1815 656 2014 736 atque
2042 670 2132 716 ex
2177 646 2481 715 edicto⁶⁸
2522 668 2754 732 geruu-

572 754 732 821 dum
773 754 945 821 alios
986 753 1281 821 concitat
1323 757 1663 841 populos:
1706 755 1852 821 suis
1900 775 2021 840 per
2059 753 2361 839 speciem
2407 751 2756 819 societatis

570 859 1015 943 proditionem
1044 866 1364 927 reservat.
1453 861 1846 940 Fidenates,
1873 860 2139 925 colonia
2189 855 2555 933 Romana,¹²
2600 856 2756 923 Vei-

571 963 834 1028 entibus
894 963 1099 1028 sociis
1128 962 1390 1029 consilii
1419 962 1760 1043 assumtis»,
1789 968 1996 1048 paeto
2023 960 2432 1028 transitionis
2462 959 2762 1039 Albam,

568 1062 754 1130 rum‘
781 1064 871 1130 ad
896 1060 1143 1130 bellum
1171 1071 1371 1150 atque
1399 1085 1586 1131 arma
1601 1066 1980 1131 incitantur.
2025 1062 2196 1129 Cum
2229 1062 2503 1131 Fidenae
2532 1069 2760 1148 aperte

572 1168 967 1246 descissent,
991 1168 1255 1246 Tullus,
1285 1167 1497 1234 Metto
1547 1169 1980 1253 exercituque
2005 1169 2153 1253 ejus
2181 1169 2270 1234 ab
2297 1165 2480 1233 Alba
2518 1167 2759 1246 accito,

568 1278 802 1337 contra
829 1269 1057 1337 hostes
1088 1271 1297 1336 ducit.
1389 1270 1529 1336 Ubi
1558 1269 1881 1337 Anienem
1924 1271 2212 1351 transiit,
2235 1268 2323 1336 ad
2345 1268 2761 1335 confluentes

567 1374 859 1440 collocat
909 1380 1157 1440 castra.
1245 1373 1433 1441 Inter
1467 1394 1622 1441 eum
1649 1376 1873 1440 locum
1910 1379 1980 1439 et
2025 1373 2330 1440 Fidenas
2380 1370 2760 1438 Veientium

566 1472 907 1541 exereitus
943 1475 1240 1542 Tiberim
1272 1478 1643 1544 transierat.
1729 1477 1832 1542 Hi
1860 1484 1930 1542 et
1972 1478 2043 1542 in
2084 1477 2229 1543 acie
2256 1495 2470 1563 prope
2515 1474 2760 1539 flumen

568 1583 836 1644 tenuere
887 1577 1195 1645 dextrum
1245 1599 1489 1646 cornu:
1591 1580 1663 1645 in
1722 1581 1996 1646 sinistro
2059 1578 2422 1646 Fidenates
2475 1578 2759 1663 propius

561 1685 831 1745 montes
861 1683 1257 1748 consistunt.
1343 1683 1590 1748 Tullus
1621 1681 1944 1749 adversus
1975 1681 2327 1749 Veientem
2366 1681 2635 1746 hostem
2666 1677 2761 1744 di·

561 1781 716 1864 rigit
741 1803 944 1850 suos:
987 1783 1288 1873 Albanos
1319 1794 1551 1853 contra
1598 1778 1926 1871 legionem
1979 1785 2403 1851 Fidenatium
2448 1783 2757 1848 collocat.

565 1880 830 1949 Albano
857 1905 990 1952 non
1021 1887 1174 1972 plus
1207 1889 1410 1954 animi
1431 1897 1598 1968 erat,
1626 1908 1825 1974 quam
1848 1886 2053 1955 fidei.i
2111 1888 2184 1954 N
2187 1908 2262 1954 ec
2285 1905 2553 1953 manere
2584 1902 2759 1966 ergo,

563 2003 693 2051 nec
724 1992 1005 2054 transire
1024 1996 1245 2074 aperte
1260 2011 1493 2071 ausus,
1515 1992 1764 2057 sensim
1789 1991 1875 2057 ad
1899 1998 2165 2058 montes
2187 1988 2531 2057 succedit..
2573 1980 2760 2064 Inde,

571 2089 689 2152 ubi
717 2091 885 2155 satis
914 2093 1178 2158 subisse
1205 2114 1357 2159 sese
1404 2102 1592 2161 ratus
1630 2100 1753 2174 est,
1782 2095 1972 2178 erigit
2000 2099 2214 2160 totam
2247 2092 2460 2159 aciem
2484 2110 2503 2155 z
2526 2089 2555 2126 ¹³
2600 2087 2761 2154 fiuc-

562 2197 887 2276 tuansque
910 2194 1158 2275 animo,
1187 2201 1264 2261 ut
1293 2203 1531 2262 tereret
1559 2205 1853 2281 tempuS,
1880 2196 2147 2262 ordines
2177 2193 2504 2279 explicat.
2581 2189 2761 2257 Gon·

559 2292 786 2358 silium
810 2304 976 2377 erat,
999 2318 1134 2383 qua
1162 2301 1429 2367 fortuna
1453 2321 1589 2366 rem
1621 2301 1832 2379 daret,
1861 2320 1944 2367 ea
1969 2299 2293 2366 inclinare
2323 2295 2543 2362 vires!
2627 2290 2758 2357 Mi:

557 2390 790 2461 raculo
821 2400 1038 2483 primo
1064 2421 1212 2468 esse
1244 2403 1595 2485 Romanis,
1621 2404 1738 2489 qui
1762 2403 2048 2490 proximi
2073 2406 2412 2476 steterant,
2434 2404 2508 2464 ut
2525 2395 2763 2469 nudari

558 2496 767 2565 latera
808 2520 952 2567 sua·
978 2505 1315 2571 sociorum
1338 2506 1642 2590 digressu
1685 2514 2070 2572 senserunt:
2112 2504 2270 2570 inde
2311 2521 2518 2589 eques
2552 2499 2760 2566 citato

560 2620 738 2685 equo
790 2607 1049 2673 nuntiat
1096 2611 1256 2694 regi,
1309 2611 1495 2676 abire
1548 2608 1881 2675 Albanos.
1953 2608 2199 2675 Tullus
2249 2609 2319 2674 in
2369 2625 2443 2672 re
2495 2602 2763 2688 trepida

559 2703 911 2773 duodecim
933 2712 1119 2778 vovit
1151 2713 1393 2793 SalioS,
1422 2714 1717 2800 sanaque
1746 2713 2006 2780 Pallori
2051 2733 2133 2779 ac
2179 2709 2454 2792 Pauori.
2512 2713 2533 2745 ‘
2554 2705 2761 2793 Equi-

557 2806 738 2887 tem,’
775 2809 956 2876 clara
980 2813 1330 2900 increpans
1355 2836 1549 2897 voce,
1579 2822 1654 2882 ut
1683 2816 1914 2883 hostes
1942 2815 2358 2891 exaudirent,
2402 2816 2424 2846 ‘
2449 2811 2666 2878 redire
2691 2811 2762 2875 iu

618 2991 636 3025 ὖ
672 2993 914 3046 Promissa
936 2997 1221 3049 Albanorum
1240 3000 1496 3060 delectione
1515 3018 1548 3052 a
1569 3002 1801 3052 Romanis
1819 3005 1883 3052 cd
1905 3002 2164 3053 Fidenates
2183 3004 2231 3051 et
2259 2997 2498 3049 Veientes.

621 3055 648 3089 ἕ
682 3058 850 3110 Totus·
870 3064 1131 3113 exercitum
1148 3065 1201 3114 ἐκ
1221 3068 1373 3116 lom
1391 3069 1575 3117 editum
1591 3068 1804 3117 adducit.
1954 3089 1957 3094 ·

621 3120 638 3153 ¹
672 3124 847 3188 C⁰P⁸⁰⁰⁸
864 3140 977 3178 Μ
997 3130 1051 3178 ὄπ
1071 3143 1175 3179 eam
1193 3137 1378 3194 partem
1397 3133 1648 3197 inclinare,
1664 3131 1862 3193 esifon
1871 3131 2083 3193 faceret.

1469 3277 1494 3297 0
1499 3276 1832 3300 OO‘OWON

622 3371 654 3415 5
689 3365 919 3433 Coujlcit
936 3335 1141 3422 'Rauen
1153 3371 1325 3433 fuerat
1346 3383 1435 3427 sut
1447 3376 1743 3437 fuissem—6
1777 3378 1973 3429 ‘Plane
1994 3376 2266 3441 legendum
2287 3391 2349 3427 ex
2369 3375 2572 3440 indicto,
2594 3372 2756 3441 (quod

1441 3553 1446 3558 .
1553 3467 1770 3563 Nb'rAE

621 3605 648 3643 t
669 3597 752 3648 Ex
771 3599 951 3664 edicto]
974 3598 1165 3652 Edicta
1180 3611 1300 3655 sunt
1313 3606 1461 3670 jussa
1478 3608 1619 3673 prin·
1700 3608 1837 3671 quod
1861 3607 1936 3657 iili
1953 3620 2050 3671 pro
2070 3606 2228 3656 illatis
2247 3604 2444 3669 injuriis
2460 3601 2759 3654 satisfacere

560 3673 756 3736 cipum,
803 3681 896 3724 aut
944 3677 1359 3744 magistratuum,
1411 3685 1619 3747 publice
1701 3683 2103 3743 detrectassent,
2124 3688 2177 3731 et
2209 3682 2338 3732 nihil
2375 3680 2475 3730 sibi
2511 3694 2631 3731 cum
2658 3679 2759 3728 Ro·-

560 3751 829 3814 proposita
882 3758 939 3803 ut
982 3753 1215 3805 omnibns
1269 3758 1616 3813 innotescant.
1699 3762 1864 3810 manis
1887 3767 2006 3823 post
2029 3766 2245 3808 mortem
2270 3758 2472 3808 Romuli
2493 3757 2759 3808 commune

561 3827 647 3876 An
671 3840 733 3876 ex
759 3826 956 3884 mco,
986 3837 1045 3880 ut
1076 3837 1288 3884 notetur
1318 3836 1448 3886 ritus
1486 3837 1620 3888 indi·
1697 3851 1810 3887 esse
1831 3835 2200 3887 declarassent.
2235 3836 2449 3899 Dionys.

560 3902 712 3951 cendi
733 3903 1016 3956 solenniter
1038 3906 1199 3957 belli?
1762 3914 1777 3948 ¹
1812 3914 1923 3963 No„
1957 3916 2064 3976 ριη,
2098 3912 2247 3962 anim·
2277 3916 2400 3973 ame,
2443 3925 2586 3975 qu..
2612 3907 2755 3975 μιῇ

627 3975 651 4010 ¹¹
675 3976 1141 4043 Fidenoeemolonia
1162 3984 1403 4049 Romanaess
1429 3988 1618 4038 Romu·
1699 3991 1816 4041 Nee
1842 3991 1970 4039 satis
2001 3989 2093 4039 fidi
2122 3987 2363 4039 Romanis
2394 3993 2549 4037 erant
2570 3985 2756 4036 Albani

560 4053 639 4102 lus
657 4055 910 4104 coloniam
933 4058 1156 4108 Fidenas
1180 4060 1472 4113 deduxerat
1485 4072 1618 4128 -post
1696 4065 1762 4116 sd
1788 4064 2191 4131 permanendum
2209 4065 2262 4113 in
2281 4075 2457 4111 eornm
2476 4063 2753 4112 societate:

562 4131 773 4181 tertium
826 4141 942 4180 cnm
1008 4134 1338 4188 Fidenatibus
1405 4140 1615 4191 bellunm
1696 4157 1793 4192 nec
1826 4144 2108 4192 animorum
2143 4140 2269 4189 satis
2292 4138 2559 4188 habebant
2581 4137 2645 4188 ad
2665 4136 2754 4187 de-

564 4207 700 4257 Nam
723 4207 805 4257 hic
829 4215 1065 4273 quartum
1086 4211 1374 4279 inchoatur,
1391 4218 1458 4266 ad
1476 4219 1616 4282 quod
1698 4217 2018 4271 sciscendum
2044 4225 2226 4282 aperte
2249 4214 2314 4266 ab
2336 4214 2481 4279 ipsis.

561 4284 840 4347 gerendum
883 4298 940 4336 se
989 4299 1380 4352 comparaverat
1419 4292 1618 4357 Tullus,
