3034 4925
478 362 570 428 10
800 339 851 367 '⁶
1171 375 1593 424 Pacuuium
1649 375 1744 422 nn
1797 376 1980 424 mvn

483 523 553 588 in
597 520 885 604 Angiiaz
911 541 916 545 ·
942 537 1094 586 nam
1142 521 1290 585 loca
1336 521 1655 586 libr-orum
1702 517 2226 602 deperditarum,
2270 542 2316 590 a
2359 523 2555 588 nobis
2600 522 2668 586 in

487 626 644 691 Vol.
705 641 808 688 1v.
871 624 1069 708 hujus
1121 624 1279 701 edit.
1342 622 1761 705 Fragmentis
1828 624 2102 701 inserta,
2163 644 2302 690 non
2357 625 2564 690 umato
2625 639 2669 687 a

478 727 890 811 Symmacho
923 736 992 791 et
1025 727 1324 801 Sidonio,
1352 725 1476 792 sed
1523 725 1726 790 etiam
1755 744 1799 787 a
1831 725 2170 792 Guilelmo
2204 726 2670 792 Maluesbuti·

482 832 711 896 ensis.
752 831 1196 898 Summereeto
1242 829 1623 904 laudantur,
1647 828 1778 892 nisi
1822 828 1883 891 is
1907 847 1997 892 ex
2027 829 2183 894 aliis
2215 829 2339 894 illa
2381 830 2670 911 scripto·

478 932 672 998 ribus
725 931 1071 998 desumsit.
1158 930 1432 1015 Saepius
1468 930 1682 994 etiam
1713 927 1890 994 Saec.
1932 945 2062 992 xv.
2095 938 2167 995 et
2212 945 2380 996 xvi.
2409 950 2667 1014 percre-

482 1034 664 1098 bruit
686 1033 890 1111 fama,
941 1039 1147 1102 totum
1192 1032 1372 1097 Livii
1406 1049 1589 1113 opus
1635 1029 1705 1094 in
1750 1029 1997 1111 Gallia,
2028 1029 2386 1113 Nor-vegia,
2411 1032 2668 1104 scotia,

486 1135 775 1213 Bremae,
805 1137 1087 1220 aliisque
1131 1136 1325 1212 locis,
1371 1140 1700 1216 repertum
1739 1152 1912 1210 esse,
1943 1137 2017 1198 et
2048 1133 2394 1197 versiones
2435 1135 2669 1198 saltem

481 1236 814 1306 Arabicas
872 1241 941 1304 in
981 1239 1404 1304 bibliothecis
1442 1223 2211 1317 Constantinopofilitanis
2237 1233 2670 1319 Arabumque

478 1339 790 1406 latitat-ef
874 1341 1016 1406 Sed
1056 1341 1278 1406 adhuc
1332 1339 1549 1404 omnis
1597 1358 1779 1421 epea,
1833 1358 2066 1420 opera,
2113 1346 2186 1402 et
2227 1337 2533 1422 impensa
2578 1338 2668 1402 ad

484 1460 729 1508 vanum
782 1448 852 1506 et
904 1444 1159 1507 irritum
1190 1429 1494 1507 'cecidit.
1586 1440 1825 1523 Neque
1875 1440 2164 1522 jactura,
2221 1459 2422 1522 quani
2485 1441 2671 1522 passi

480 1559 738 1622 sumus,
787 1546 1053 1628 penitus
1088 1544 1451 1610 resarcitur
1485 1540 1935 1627 Suppkaentis
1959 1538 2074 1605 Jo.
2107 1540 2508 1606 stamma·
2531 1539 2558 1577 ‘¹
2601 1547 2673 1607 et

487 1650 778 1736 Epitome
814 1652 1110 1733 Liviana,
1142 1657 1275 1720 etsi
1328 1673 1545 1738 neque
1592 1653 1748 1718 huic
1785 1672 2004 1737 neque
2059 1653 2195 1717 illis
2234 1672 2518 1736 parvum
2553 1660 2674 1717 est

482 1758 798 1837 pretium,
839 1764 906 1824 et
934 1759 1246 1824 continua
1291 1777 1383 1823 ex
1428 1758 1516 1823 iis
1561 1756 1857 1821 historiae
1914 1755 2240 1821 Romanae
2270 1756 2479 1821 series
2515 1776 2674 1840 cog-

478 1861 673 1924 nosci
730 1868 976 1944 potest.
1095 1861 1587 1927 Freinshemius
1640 1859 1818 1925 idem
1892 1858 2112 1939 Livio,
2171 1857 2353 1942 quod
2413 1858 2673 1935 Curtio,

480 1960 779 2029 officium
826 1965 1156 2047 praestitit,
1205 1983 1569 2046 omnesque
1625 1962 1775 2046 ejus
1821 1962 2131 2039 lacunas,
2179 1968 2251 2025 ct
2280 1961 2567 2045 majores
2607 1966 2676 2025 et

482 2066 798 2144 minores,
829 2075 962 2131 tam
992 2067 1267 2131 solerter
1288 2066 1709 2149 feliciterque
1737 2083 1825 2129 ex
1860 2064 2173 2149 Epitome
2195 2063 2400 2128 modo
2425 2083 2674 2129 memo-

481 2174 633 2232 rata
674 2175 741 2233 et
770 2169 1035 2236 Graecis
1082 2170 1475 2254 latinisque
1521 2188 1739 2235 rerum
1790 2167 2243 2232 Romanarum
2283 2167 2675 2231 auctoribus

482 2272 807 2356 explevit,
839 2281 919 2338 ut
963 2274 1113 2358 ipse
1140 2274 1473 2357 jactanter
1508 2272 1807 2356 quidem,
1833 2277 1908 2335 at
1935 2288 2090 2335 vere
2115 2267 2525 2352 profiteatur,
2555 2274 2576 2303 ‘
2597 2290 2673 2335 se

478 2375 862 2457 neutiquam
903 2381 1220 2454 metuere,
1250 2394 1335 2439 ne
1360 2374 1520 2459 quis
1563 2392 1656 2438 ex
1699 2372 2011 2438 omnibus
2047 2372 2155 2436 his
2205 2370 2675 2455 scriptoribus,

478 2477 597 2559 qui
628 2477 877 2544 suntin
932 2479 1274 2543 hominum
1326 2496 1550 2553 mauu,
1580 2476 1836 2561 aliquid
1861 2474 2115 2541 efficiat
2139 2477 2213 2541 in
2255 2476 2391 2542 hoc
2433 2492 2675 2560 genere

478 2581 898 2659 concinnius,
966 2580 1335 2665 copiosius,
1412 2577 1680 2644 verius'
1795 2578 1947 2643 111ae
2007 2576 2316 2663 Epitomae
2375 2578 2675 2643 librorum

485 2678 998 2766 Livii,·quamm
1036 2684 1216 2750 duas
1258 2683 1657 2761 desiderari,
1688 2697 2021 2748 cxxxv1.
2062 2689 2135 2746 et
2164 2682 2678 2748 cxxxv11.'su-

484 2802 608 2864 pra
636 2786 1042 2861 monuimuS,
1088 2805 1135 2850 a
1182 2805 1319 2869 quo
1361 2785 1690 2850 confectae
1727 2785 1883 2862 sint,
1911 2805 2043 2849 non
2069 2786 2403 2850 habemus
2427 2786 2677 2851 dicere.

485 2883 812 2950 Nonnulli
842 2907 962 2951 eas
988 2888 1123 2971 ipsi
1153 2889 1453 2954 tribuunt
1482 2887 1706 2965 Livio,
1737 2888 1853 2951 alii
1881 2887 2091 2954 Iunio
2115 2887 2446 2968 Maximo,
2478 2908 2676 2973 quem

480 2985 806 3055 historias
850 2989 1164 3054 Sallustii
1212 2989 1636 3074 Iaiviiquein
1691 2989 2036 3072 epitomen
2086 2990 2429 3074 redegisse
2477 2990 2678 3055 docet

482 3090 744 3156 Statius
782 3093 973 3178 Sylv.
1014 3109 1118 3158 w.
1154 3094 1222 3157 4.
1263 3093 1563 3178 plerique
1602 3093 1682 3158 L.
1726 3092 1994 3183 Annaeo
2034 3093 2277 3174 Flor03
2319 3114 2475 3179 quae
2515 3113 2677 3160 con-

478 3194 742 3277 jectura
786 3196 943 3263 inde
987 3202 1145 3261 nata
1177 3195 1459 3275 videtur,
1490 3195 1670 3280 quod
1716 3197 1895 3261 idem
1927 3196 2129 3263 aliam
2179 3216 2391 3262 rerum
2415 3197 2679 3262 Roma-

482 3314 712 3362 narum
741 3300 1078 3382 epitomen
1108 3299 1403 3384 scripsit,
1434 3301 1556 3369 sed
1587 3300 1692 3368 vel
1737 3321 1890 3366 eam
1922 3301 2013 3366 ob
2046 3319 2350 3379 causam,
2381 3307 2451 3367 et
2478 3321 2682 3386 prop-

480 3404 583 3462 ter
606 3399 1064 3467 diversitatem
1096 3407 1234 3467 tum
1264 3403 1444 3487 styli,
1476 3410 1619 3468 tum
1647 3405 2044 3478 narrationis
2074 3422 2290 3467 rernm
2320 3411 2677 3487 gestamur,

483 3520 725 3585 parum
775 3505 1146 3589 probabilis
1190 3512 1319 3574 est.
1409 3507 1616 3588 Quod
1666 3507 1755 3572 ad
1802 3508 2032 3590 ipsam
2083 3506 2432 3590 Epitomes
2476 3506 2677 3590 hujus

486 3605 793 3673 Livianae
851 3608 1145 3674 indolem
1195 3611 1446 3688 attinet,
1498 3611 1564 3675 si
1615 3628 1830 3693 genus
1877 3609 2149 3674 dicendi
2192 3615 2488 3695 spectes,
2541 3627 2679 3692 quo

483 3707 753 3790 singula·
771 3712 1215 3792 enuntiantur,
1240 3713 1309 3777 id
1340 3712 1613 3797 quidem
1644 3711 1931 3777 Liviano
1962 3731 2095 3775 non
2122 3732 2244 3796 par
2275 3710 2679 3776 censendum

486 3811 959 3891 concinnitate,
996 3821 1071 3878 et
1121 3815 1439 3880 seriorem
1484 3816 1743 3899 passim
1795 3819 2056 3879 aetatem
2114 3813 2395 3892 redolet,
2449 3831 2679 3878 verum

548 4004 570 4029 ⁶
591 3997 657 4047 V.
693 3996 922 4050 Mor-hof.
937 4000 1002 4050 de
1023 4000 1266 4052 Patavin.
1290 4001 1405 4051 Liv.
1425 4016 1473 4052 c.
1499 4005 1546 4050 1.
1626 4000 1963 4066 Argentorati
1987 4006 2132 4053 1654.
2154 4001 2377 4066 deniqne
2401 4002 2627 4052 universi
2651 4018 2684 4053 a

487 4078 541 4123 et
565 4073 770 4127 Fabric.
794 4076 932 4127 Bibl.
957 4078 1073 4128 Lat.
1097 4092 1135 4129 1.
1159 4082 1236 4128 11.
1263 4092 1314 4141 p.
1333 4081 1446 4128 296.
1464 4091 1544 4142 sq.
1622 4076 1709 4129 Jo.
1730 4079 1997 4142 Donjatio,
2013 4079 2529 4141 Clerico,Crevierio,
2544 4079 2681 4128 Dra·

548 4150 573 4184 ἃ
606 4152 797 4203 Eorum
818 4153 965 4216 primi
987 4153 1170 4205 decem
1194 4154 1312 4204 libri
1347 4154 1544 4215 vulgati
1623 4153 1940 4217 kenborcho,
1981 4154 2278 4219 Bipontinis
2313 4161 2371 4205 et
2414 4155 2678 4205 Manlnem.

487 4233 609 4277 sunt
650 4227 871 4279 Holmiae
896 4233 1038 4281 1649.
1062 4229 1250 4283 deinde
1273 4231 1545 4296 sexaginta
1625 4230 1755 4282 Livii
1778 4230 2076 4283 editoribus.
