3034 4925
514 397 647 469 158
1457 415 1776 467 mimus

517 580 667 642 tum,
703 579 766 629 et
798 569 1079 649 Equitum
1107 579 1172 629 et
1197 568 1498 631 Peditum.
1580 569 1961 640 Patriciatus,
2001 565 2508 642 Nobilissimatns,
2550 568 2717 629 alioe-

516 687 634 746 qne
664 666 1010 745 dignitates.
1091 666 1371 735 Quaestor
1411 664 1629 726 Palatii
1662 676 1726 727 et
1752 665 2015 724 Comites
2052 664 2278 724 ordinis
2304 665 2496 745 primi,
2523 666 2710 742 (Con-

516 763 837 841 sistoriani)
875 764 1146 837 secundi,
1186 765 1478 844 tertiique.
1580 762 1883 824 Institutio
1929 763 2089 824 follis
2130 772 2193 823 et
2237 761 2612 842 chrysargyri
2660 781 2715 821 s.

518 862 646 920 auri
670 862 950 936 lustralis,
986 863 1353 923 tributorum.
1426 860 1684 921 Indictio
1718 860 2109 939 (computatio
2132 867 2464 937 temporum
2494 878 2715 920 seeun-

520 958 662 1019 dum
688 959 882 1039 spatia
907 959 1083 1020 trium
1108 957 1662 1038 quinquennalium)
1678 956 1807 1036 jam
1836 957 1912 1015 ab
1940 974 1999 1016 a.
2030 956 2172 1014 312.
2198 955 2259 1013 in
2285 974 2399 1014 usu
2427 974 2564 1015 esse
2594 976 2717 1015 coe-

517 1065 706 1134 perat.
775 1058 916 1115 335.
961 1055 1292 1136 Dexippus.
1347 1055 1603 1114 Gabrias
1631 1074 1683 1113 s.
1715 1052 2002 1113 Babrias?
2084 1054 2225 1115 336.
2264 1052 2462 1111 Julius
2504 1053 2719 1113 Firmi-

516 1172 625 1213 cns
653 1152 982 1213 Maternus.
1066 1153 1300 1213 Nonius
1317 1149 1687 1213 Marcellus?
1728 1151 2054 1211 Charisius.
2119 1150 2445 1230 Gregorius
2475 1170 2531 1212 s.
2559 1152 2715 1213 Gre-

518 1250 798 1331 gorianus
825 1258 890 1310 et
914 1250 1436 1329 Hermogenianns
1460 1248 1677 1312 JCtiet
1703 1260 1978 1310 auctores
2000 1246 2313 1311 Codicum.

698 1428 990 1487 337-361.
1035 1427 1465 1488 Constantinus
1493 1424 1587 1486 11.
1619 1425 1913 1486 (ἕσπεται
1938 1434 2004 1485 et
2024 1426 2413 1487 &mintius
2438 1423 2531 1484 II.

602 1554 832 1616 Divisio
855 1543 1104 1636 imperii,
1128 1554 1380 1635 gignens
1404 1553 1630 1613 bellum
1666 1556 2013 1614 fraternum.
2099 1557 2241 1613 340.
2282 1550 2720 1613 Constantinus

521 1670 560 1711 a
588 1652 923 1712 Constante
969 1653 1140 1712 fusus
1167 1650 1338 1732 perit.
1423 1653 1564 1711 341.
1592 1670 1688 1729 sq.
1717 1650 2031 1713 Photinus.
2115 1653 2407 1711 347-407.
2446 1651 2719 1710 Joannes

499 1741 1011 1829 -Chrysostomus.
1095 1751 1235 1809 350.
1275 1749 1701 1829 Magnentius,
1747 1748 1851 1827 qni
1894 1749 1957 1806 in
1986 1748 2223 1809 Rhaetia
2251 1747 2535 1808 exercitui
2559 1765 2719 1825 prae·

520 1856 635 1918 est,
663 1847 995 1907 Constante
1039 1844 1272 1906 insidiis
1313 1845 1647 1918 interemto,
1698 1845 2023 1925 Imperator
2047 1846 2361 1918 salutatur,
2385 1845 2724 1923 fratresque

520 1942 873 2003 Decentium
903 1954 966 2003 et
1007 1943 1383 2004 Desidet-ium
1413 1944 1687 2003 Coesares
1732 1941 2260 2002 dicit—Aurelius
2286 1942 2516 2003 Victor.
2544 1940 2719 2001 Hila-

517 2039 664 2099 rius.
744 2042 1035 2100 350-414.
1078 2041 1361 2119 Hypatia.
1445 2042 1587 2100 351.
1614 2039 1854 2114 Gallus,
1882 2040 2222 2100 Constantii
2246 2039 2549 2119 patruelis,
2577 2038 2724 2097 Coe-

521 2155 642 2196 sar.
711 2139 851 2196 353.
894 2135 1301 2215 Magnentius,
1336 2156 1375 2196 a
1415 2138 1772 2197 Constantio
1821 2136 2176 2210 debellatuS,
2230 2136 2605 2197 Desiderium
2658 2143 2730 2195 et

521 2232 739 2292 deinde
765 2244 956 2293 semet
993 2234 1143 2311 ipse,
1169 2243 1238 2293 ut
1275 2252 1414 2292 mox
1453 2232 1804 2307 Decentius,
1829 2234 2127 2295 interficit.
2211 2235 2511 2295 353-361.
2550 2230 2725 2294 solus

521 2341 734 2410 regnat
776 2330 1185 2402 Constantius,
1212 2330 1565 2389 Arianornm
1611 2330 1804 2392 fautor
1848 2343 1911 2392 et
1954 2331 2133 2391 homo
2158 2331 2489 2411 flagitiosus
2536 2341 2727 2410 atque

521 2426 801 2500 crudelis,
826 2427 927 2508 qui
975 2436 1040 2488 et
1063 2425 1231 2488 initio
1264 2427 1489 2508 imperii
1532 2427 1894 2489 Dalmatium
1923 2429 2272 2511 patruelem,
2298 2427 2729 2490 Constantium

521 2538 797 2604 patruum
843 2534 907 2585 et
953 2526 1500 2598 Hanniballianum,
1560 2528 1972 2588 Nobilissimos
2023 2548 2095 2589 ac
2124 2529 2418 2600 Caesares,
2463 2537 2526 2587 et
2576 2529 2725 2585 354.

524 2623 767 2685 Gallum
789 2623 1102 2684 interemit.
1183 2627 1325 2685 354.
1370 2625 1564 2685 AElius
1606 2626 1903 2686 Donatus.
1987 2627 2280 2686 354-430.
2321 2624 2727 2704 Augustinus.

525 2723 667 2781 355.
703 2720 1003 2793 Julianus,
1030 2720 1192 2783 Galli
1218 2723 1419 2795 frater,
1462 2723 1691 2783 Coesar.
1775 2726 1917 2784 358.
1962 2723 2354 2783 Aristaenetus
2382 2722 2531 2783 obit.
2576 2724 2726 2782 360.

525 2816 873 2884 Himerius;
950 2818 1356 2886 Themistius;
1442 2820 1750 2881 Oribasius
1786 2840 1805 2889 3
1896 2819 2325 2899 Diophantus;
2398 2819 2723 2880 Sallustius

526 2912 746 2992 philos.
798 2911 908 2971 Gr.
969 2913 1328 2983 Ennomins;
1391 2916 1741 2978 Ammianus
1809 2917 2221 2979 Marcellinus.
2322 2917 2724 2978 Macedonius

529 3006 792 3073 decedit.
891 3010 1184 3070 360-398.
1224 3011 1596 3074 Ambrosius.
1702 3016 1847 3075 361.
1908 3014 2188 3075 Julianus
2238 3016 2490 3075 Lutetiae
2528 3014 2724 3077 Paris.

530 3124 749 3166 nomen
775 3105 1033 3184 Augusti
1074 3108 1274 3182 sumit,
1302 3119 1364 3170 et
1393 3111 1806 3185 Constantius,
1834 3111 2121 3174 adversus
2147 3133 2284 3173 eum
2320 3113 2726 3193 proficiscens,

529 3222 594 3263 in
620 3217 827 3263 itinere
853 3204 1116 3265 moritur.

1170 3349 1465 3412 361-363.
1503 3351 1795 3412 Julianus
1813 3352 2129 3432 Apostata‚

529 3477 618 3536 vir
644 3476 858 3536 doctus
886 3487 946 3536 et
974 3477 1056 3537 rei
1096 3479 1363 3539 militaris
1407 3481 1657 3561 peritus,
1684 3482 1807 3561 qui,
1855 3482 2142 3562 religione
2168 3506 2274 3566 per
2301 3487 2723 3549 Taurobolinm

525 3574 777 3654 ejurata,
796 3585 1036 3635 auctore
1067 3575 1326 3637 Maximo
1353 3578 1567 3658 philos,
1597 3579 1830 3640 scholas
1859 3580 2325 3643 Christianorum
2352 3584 2554 3644 claudi
2582 3605 2727 3664 gen·

529 3670 837 3751 tiliumque
863 3673 1074 3751 aperiri
1089 3671 1295 3751 jussit,
1310 3675 1659 3756 Judaeisque
1680 3676 1847 3737 dedit
1873 3690 2230 3757 potestatem
2247 3681 2551 3742 reficiendi
2574 3692 2724 3742 tem-

531 3766 618 3844 pli
645 3768 941 3829 Hierosol.
976 3771 1141 3849 quod
1166 3781 1366 3832 tamen
1393 3774 1595 3834 diviua
1620 3776 1678 3834 vi
1704 3774 2052 3854 impeditum
2096 3776 2379 3837 creditur.
2460 3781 2605 3838 362.
2633 3798 2725 3858 sq.

534 3864 916 3942 Apollinari&
990 3869 1128 3927 363.
1167 3869 1446 3928 Julianus
1475 3890 1513 3930 a
1542 3871 1738 3931 Persis
1765 3892 1980 3933 caesus.
2060 3873 2342 3934 Succedit
2367 3873 2419 3934 ei
2450 3874 2724 3956 primice-

535 3961 657 4022 rius
676 3972 1072 4039 proteetorum
1097 3964 1551 4029 domesticorum

1277 4126 1417 4184 363.
1444 4124 1586 4183 264.
1628 4123 1937 4187 Jovianus.

618 4231 747 4293 Pax
772 4254 907 4295 cum
937 4234 1135 4297 Persis
1176 4238 1356 4311 faeta,
1388 4247 1451 4298 et
1478 4238 1808 4299 restitutum
1839 4239 2138 4320 religionis
2171 4239 2531 4301 Christiana
2560 4261 2729 4302 exer-

537 4329 761 4392 citium.
