3034 4925
1063 350 1223 404 nnn
1255 349 1376 404 m.
1417 355 1584 406 cAP.
1629 339 1740 406 72.
1880 385 1897 396 ·
2166 431 2172 435 ι
2397 345 2523 413 687

317 498 601 565 Clarum
631 499 759 565 bac
787 500 930 566 fore
957 500 1249 583 imagine
1273 500 1622 585 Scaptium
1644 524 1661 564 ι
1680 506 1710 549 4
1730 510 1758 537 ¹
1789 501 2116 595 populum
2144 502 2526 572 Romanum
2574 583 2577 584 f

324 602 869 687 quadruplatoris
898 611 967 669 et
997 604 1464 688 interceptoris
1486 610 1513 649 5
1567 604 1710 668 litis
1756 604 1997 671 alienae
2038 625 2385 690 personam
2427 610 2524 674 la-

325 712 570 770 turum.
660 703 876 783 Quem
917 706 1089 771 enim
1132 705 1265 771 hoc
1311 707 1596 790 privatae
1647 707 1747 772 rei
1782 693 2085 791 judicem
2131 709 2405 789 fecisse,
2455 720 2529 780 ut

324 806 462 871 sibi
493 810 1135 875 controversiosam⁵
1154 817 1177 845 ²
1221 810 1646 895 adjudicaret
1676 814 1864 876 rem?
1915 812 2273 898 Scaptium
2301 815 2529 899 ipsum

328 907 400 971 id
435 910 728 993 quidem,
760 912 889 977 etsi
915 913 1296 996 praemortui
1328 912 1471 997 jam
1506 915 1596 979 sit
1626 913 1957 999 pudoris?
1999 935 2136 981 non
2157 916 2529 982 facturum?

329 1010 510 1075 Haec
542 1016 878 1093 consules,
924 1015 1070 1081 haec
1103 1016 1340 1081 Patres
1384 1018 1856 1083 vociferantur.
1946 1018 2084 1084 Sed
2134 1019 2293 1103 plus
2340 1019 2526 1103 cupi-

327 1111 548 1177 ditasb
576 1122 648 1179 et
676 1125 915 1183 auctor
935 1118 1324 1202 cupiditatis
1348 1120 1674 1204 Scaptius
1697 1120 1892 1184 valet.
1966 1119 2256 1187 Vocatae
2279 1121 2530 1185 tribus⁶

318 1214 813 1298 judicaverunt,
864 1239 1090 1304 agrum
1124 1222 1477 1306 publicum
1506 1223 1745 1308 populi
1778 1220 2074 1289 Romani
2105 1243 2285 1290 esse.
2371 1222 2528 1288 Nec

331 1318 646 1386 abnuitur
683 1322 778 1387 ita
815 1320 1084 1416 fuissess
1130 1325 1192 1389 si
1240 1326 1325 1391 ad
1358 1326 1627 1411 judices
1668 1326 1844 1392 alios
1888 1328 2051 1393 itum
2095 1328 2304 1393 foret:
2351 1346 2530 1392 nunc

1249 1522 1333 1543 δύο
1337 1523 1426 1544 ‘O‘
1400 1522 1610 1545 ‘mm

328 1636 539 1697 vulgari,
567 1638 752 1701 audire,
773 1643 830 1687 et
851 1638 1018 1690 hostes.
1022 1645 1116 1690 —4
1148 1640 1164 1669 ⁴
1183 1640 1321 1691 Add.
1355 1657 1523 1692 nomen
1557 1642 1691 1692 Edd.
1716 1658 1747 1692 a
1767 1642 1988 1694 Froben.
2013 1639 2077 1691 ad
2103 1640 2264 1690 Drak.
2335 1635 2541 1689 Clarum'

325 1698 414 1749 hoc
435 1701 587 1758 sore·
567 1704 778 1765 magiae
799 1702 985 1767 Scaptia·
1006 1705 1140 1754 Edd.
1163 1714 1287 1757 ante
1322 1707 1565 1758 Froben?
1598 1709 1787 1759 Stroth·
1789 1714 1883 1758 —5
1921 1709 2284 1756 Controversiam
2304 1712 2412 1754 vet.
2437 1704 2533 1753 lib.

1323 1856 1539 1907 NOTAE

333 1951 606 2007 reportent
634 1948 653 1995 ?
701 1948 775 1998 Ut
826 1956 1029 2001 tantum
1070 1953 1249 2016 populi
1287 1954 1388 2003 Ro·
1530 1955 1555 1989 b
1587 1955 1683 2005 Sed
1700 1957 1810 2018 plus
1832 1954 2092 2018 cupiditas]
2128 1952 2218 2001 Ira
2240 1966 2443 2016 quoque
2461 1951 2528 2000 ex

330 2023 470 2071 mani
526 2021 777 2088 flagitium
839 2028 1034 2094 ubique
1102 2029 1391 2080 recitetur?
1467 2038 1619 2095 parte
1634 2033 1754 2081 huic
1761 2031 1964 2094 judicio
1981 2029 2288 2093 praesedisse
2302 2029 2531 2087 videtur,

330 2100 405 2149 Ut
428 2101 552 2150 illud
577 2103 726 2168 socii,
763 2105 888 2155 illud
926 2107 1101 2157 hostes
1141 2108 1389 2158 audiant?

393 2184 420 2209 ¹
457 2179 650 2228 Clarum
670 2180 757 2229 hac
774 2182 889 2242 sore
909 2183 1119 2245 imagine
1142 2184 1392 2249 Scaptium

329 2251 544 2317 [nomen]
583 2254 669 2305 Au
705 2264 954 2319 putarent
985 2257 1100 2309 fore
1128 2266 1203 2322 ut,
1236 2276 1299 2310 ea
1334 2275 1390 2311 re

331 2328 473 2378 laudi
492 2331 754 2397 assignata
774 2333 893 2383 huic
919 2334 1157 2399 Scaptio,
1176 2336 1289 2400 ejus
1313 2335 1388 2386 fa-

329 2406 474 2455 milia
494 2406 615 2457 inde
646 2409 1036 2476 inclaresceret,
1070 2419 1125 2462 et
1161 2414 1241 2464 hic
1281 2414 1391 2478 ple-

328 2481 477 2533 beius
499 2485 773 2550 imaginem
797 2503 863 2538 ex
884 2503 943 2539 eo
958 2499 1262 2553 mereretur,
1275 2505 1390 2556 quae

330 2562 537 2624 propria
562 2564 841 2614 nobilium?

395 2644 419 2681 5
475 2640 871 2706 Quadruplatoris
926 2649 975 2692 et
1036 2643 1388 2709 interceptoris]

334 2712 776 2780 Quadruplatores
830 2718 1076 2770 dicuntur
1105 2718 1390 2782 delatores,

333 2790 517 2854 quibus
544 2792 597 2842 in
622 2795 887 2858 praemium
922 2804 1111 2861 quarta
1144 2811 1264 2860 pars
1298 2797 1387 2847 bo·

330 2883 510 2918 norum
554 2871 663 2936 ejus
708 2887 860 2936 quem
897 2873 1193 2923 detulerant
1226 2874 1388 2937 assig-

329 2943 572 2997 nabatur.
675 2947 1011 3013 Interceptor
1068 2956 1242 3000 autem
1307 2957 1389 2999 est

334 3019 625 3093 fraudator,
651 3024 739 3088 qui
774 3039 884 3074 rem
920 3025 1158 3083 alienam.
1189 3034 1279 3076 aut
1315 3027 1389 3076 al·

337 3098 429 3151 teri
464 3097 794 3156 destinatam,
828 3101 1021 3151 avertit
1055 3110 1209 3167 atque
1242 3103 1294 3152 in
1333 3117 1388 3154 se

334 3173 599 3225 transfert.

392 3257 414 3282 ²
470 3249 902 3302 Controversiam
988 3253 1385 3321 [controversam]

330 3324 620 3385 adjudicaret
677 3326 801 3390 rem]
864 3328 1108 3392 Quando,
1177 3331 1389 3395 sigonio

335 3408 492 3463 teste,
522 3402 729 3466 quidam
766 3402 978 3452 codices
1021 3405 1096 3453 ita
1136 3406 1391 3469 scribunt,

332 3478 466 3527 hanc
503 3478 780 3528 lectionem
822 3479 1236 3541 anteponendam
1266 3495 1391 3530 cen-2

335 3567 425 3603 seo
449 3554 664 3619 vulgari,
686 3561 742 3604 et
763 3559 1110 3604 controversam
1146 3569 1254 3605 rem
1287 3555 1390 3606 dici

335 3629 506 3694 potius
543 3646 693 3696 quam
728 3630 1147 3680 controversiosam
1175 3647 1196 3690 ‚-
1251 3631 1390 3696 quod

334 3724 517 3759 nomen
538 3709 818 3760 Veteribus
841 3709 1030 3758 ceteris
1051 3709 1302 3773 ignotum.

397 3793 421 3819 ⁸
456 3786 570 3835 Etsi
612 3786 892 3850 proemortui
922 3785 1029 3847 jum
1070 3786 1135 3835 sit
1168 3786 1391 3851 pudoris]

336 3863 494 3914 Quasi
517 3862 676 3925 dicat,
698 3854 904 3912 etiamsi
940 3864 984 3912 is
1002 3878 1205 3914 ornnem
1228 3866 1393 3929 pudo·

336 3939 405 3987 ris
444 3953 669 4003 sensum,
711 3955 1014 4007 omnemque
1064 3942 1392 3992 honestatem

336 4014 630 4079 priusquam
682 4018 900 4067 animam
954 4017 1201 4069 amiserit.
1270 4020 1393 4070 Non

339 4093 490 4142 aliter
512 4093 648 4156 apud
686 4095 907 4144 Plinium
949 4096 983 4144 l.
1023 4110 1123 4146 vu.
1156 4110 1274 4162 cap.
1307 4103 1390 4150 50.

276 4169 280 4173 “
339 4171 411 4220 ait
450 4171 500 4219 in
540 4171 703 4229 serub,
737 4171 1015 4235 ‘praemori
1038 4172 1223 4237 visum,
1249 4174 1388 4224 audi·

340 4255 465 4311 tum,
486 4247 774 4296 incessum)

1467 2108 1607 2173 quod
1630 2109 1851 2157 moleste
1874 2105 2040 2155 ferret
2080 2104 2300 2169 populus
2342 2105 2530 2172 Roma7

1467 2199 1581 2240 nus,
1618 2199 1695 2246 se,
1730 2197 1882 2247 quem
1904 2197 2028 2246 agro
2061 2180 2355 2229 fraudatum
2379 2187 2528 2243 puta-

1466 2260 1575 2318 bat,
1602 2260 1837 2324 Judicem
1874 2274 1904 2307 a
1937 2255 2369 2308 contendentibus
2395 2270 2531 2314 sumf

1467 2343 1595 2401 tum,
1647 2337 1791 2401 quasi
1826 2335 1880 2385 id
1919 2334 2043 2384 data
2075 2347 2235 2396 opera
2267 2332 2387 2382 ideo
2420 2330 2531 2380 fac-

1467 2421 1595 2472 tum,
1620 2421 1681 2464 ut
1706 2413 1805 2464 sibi
1837 2426 1938 2469 non
1960 2411 2145 2461 liceret
2168 2423 2348 2473 agrum
2385 2406 2530 2456 illum

1466 2504 1801 2554 recuperare,
1834 2502 1987 2553 quem
2016 2487 2133 2552 ipse
2155 2484 2382 2535 alienum
2413 2497 2530 2533 esse

1453 2567 1765 2630 judicasset.

1531 2640 1783 2691 ‘'Vocatoe
1823 2637 2002 2701 tribus]
2061 2638 2192 2688 Cum
2237 2650 2380 2686 urnas
2436 2649 2529 2684 seu

1465 2731 1585 2766 vasa
1607 2717 1709 2767 duo
1732 2717 1974 2781 apposita
1995 2720 2190 2777 essent,
2211 2711 2529 2777 accipiendis

1459 2795 1708 2859 cujusque
1731 2793 1961 2848 calculis,
1990 2790 2073 2840 vel
2097 2788 2422 2848 Ardeatium,
2447 2787 2531 2836 vel

1464 2871 1792 2922 Aricinorum
1849 2868 2039 2933 gratia,
2091 2868 2251 2931 jussit
2304 2865 2528 2930 populus

1462 2947 1677 2998 tertium
1714 2946 1906 3010 apponi
1930 2959 2027 3009 pro
2065 2943 2195 2993 urbe
2231 2943 2414 3004 Roma,
2453 2945 2530 2990 at-

1463 3037 1565 3088 que
1599 3023 1700 3073 huc
1740 3022 1934 3072 collata
1961 3025 2083 3070 sunt
2120 3027 2308 3070 cuncta
2345 3015 2529 3069 suffra-

1462 3101 1565 3164 gia.

1525 3177 1552 3211 ἃ
1587 3176 1691 3227 Nec
1730 3174 1955 3226 abnuitur
1991 3174 2064 3224 ita
2088 3170 2270 3234 fuisse]
2326 3170 2522 3220 Mirum

1459 3266 1585 3303 sane
1631 3252 1674 3301 si
1715 3250 2027 3301 Ardeatium
2066 3254 2157 3297 aut
2196 3244 2526 3295 Aricinorum

1460 3328 1661 3392 longius
1697 3327 1985 3390 positorum
2019 3324 2064 3371 is
2100 3336 2223 3383 ager
2267 3320 2333 3368 ab
2376 3320 2527 3368 initio

1462 3418 1578 3453 esse
1600 3401 1852 3465 potuerit,
1877 3395 2158 3461 iuterJecto
2195 3397 2331 3445 inter
2354 3403 2528 3444 utros-

1461 3494 1564 3545 que
1587 3479 1857 3528 Lanuvino
1882 3482 1938 3525 et
1958 3472 2234 3524 Coriolano
2268 3469 2526 3535 quondam

1463 3555 1755 3607 territorio.
1818 3551 1973 3602 Unde
1996 3562 2100 3599 non
2119 3547 2251 3598 adeo
2275 3547 2412 3597 forte
2436 3545 2528 3595 ab·

1463 3633 1639 3696 surda,
1666 3639 1756 3683 aut
1779 3647 1810 3681 a
1849 3643 1974 3680 vero
2011 3626 2294 3677 abhorrens
2327 3624 2529 3686 Scaptii

1464 3711 1715 3762 narratio.
1779 3707 1883 3758 Sed
1906 3719 2022 3754 cum
2048 3708 2168 3766 post
2201 3700 2524 3749 Coriolorum

1463 3786 1723 3839 excidium
1772 3782 1990 3847 populus
2033 3779 2295 3827 Romanus
2346 3789 2525 3839 agrum

1464 3867 1609 3918 ilium
1633 3878 1729 3929 per
1747 3874 1907 3912 annos
1927 3861 2008 3907 47.
2026 3852 2249 3904 aviciuis
2275 3850 2528 3915 possideri

1466 3957 1649 4008 passus
1671 3945 1830 3994 esset,
1855 3950 1952 3985 nec
1969 3934 2112 3983 illum
2136 3927 2524 3994 publicandum,

1468 4027 1560 4070 ant
1599 4017 1694 4068 sibi
1731 4010 2093 4065 vindicandum
2132 4005 2439 4068 censuisset,
2469 4011 2527 4054 et

1469 4110 1608 4145 nunc
1642 4094 1756 4158 ejus
1805 4084 2173 4140 controversiae
2200 4081 2432 4148 judicem
2469 4095 2526 4129 se

1469 4171 1650 4234 ferret,
1675 4183 1771 4218 nec
1800 4166 1902 4216 ulla
1939 4161 2202 4227 aequitatis
2241 4158 2396 4218 ratio,
2429 4171 2527 4206 nec

1463 4249 1601 4299 bona
1624 4246 1752 4297 fides
1772 4244 1880 4310 pati
1903 4242 2161 4303 videatur,
2175 4251 2291 4287 eum
2312 4234 2406 4284 sibi
2431 4234 2531 4298 ipsi
