3034 4925
566 376 698 444 62³

566 537 974 620 degressos,⁷
996 537 1013 578 ¹
1042 540 1110 606 in
1131 544 1371 609 eastris
1393 545 1673 613 militem
1696 548 1985 618 babere:
2013 560 2239 620 castra
2263 557 2411 623 alia
2433 578 2483 624 a
2508 558 2785 628 Fidmiis

570 642 640 705 in
671 639 998 708 Sabinum
1030 663 1259 727 agrum
1289 649 1660 716 transferri:
1708 651 2026 739 belloque
2055 656 2241 724 ultro
2276 661 2644 729 inferendo
2675 665 2781 731 de·

567 744 792 814 terreri
818 744 1048 812 hostes
1078 768 1124 812 a
1152 750 1442 818 consilio
1467 754 1653 819 urbis
1680 759 2177 842 oppugnandae.

650 846 764 913 43.
806 845 920 914 Ad
951 850 1177 917 clades
1206 854 1294 918 ab
1314 853 1633 922 hostibus
1653 866 1976 945 acceptas
1995 862 2136 930 duo
2154 867 2461 935 nefanda
2483 871 2783 939 facinora

566 948 923 1016 decemviri
947 953 1103 1018 belli
1127 954 1443 1042 domique
1471 960 1821 1046 adjiciunt.
1882 965 1964 1029 L.
1988 967 2289 1035 Siccium
2311 980 2357 1009 ¹¹²
2389 975 2465 1038 in
2490 976 2781 1048 Sabinis,

567 1072 690 1136 per
716 1056 1037 1122 invidiam
1068 1057 1575 1128 decemviralem
1623 1068 2031 1134 tribunorum
2072 1073 2522 1141 creandorum
2568 1099 2781 1144 seces-

1504 399 1570 448 Τ.
1619 402 1817 452 mvn

565 1156 909 1241 sionisque
935 1161 1301 1228 mentiones
1325 1164 1417 1230 ad
1444 1167 1685 1252 vulgus
1711 1171 1992 1236 militum
2023 1178 2458 1242 sermonibus
2494 1182 2783 1246 occultis

565 1261 941 1341 serentems
962 1267 1505 1350 prospeculatum
1536 1271 1623 1335 ad
1652 1272 1879 1337 locum
1909 1279 2151 1341 castris
2182 1281 2609 1363 capiendum
2636 1287 2778 1349 mit-

567 1370 746 1427 tunt.
832 1364 1056 1433 Datur
1113 1371 1458 1452 negotium
1501 1375 1857 1454 militibus,
1907 1398 2080 1464 quos
2126 1382 2453 1452 miserant
2501 1388 2780 1472 expedi-

565 1462 773 1530 tionis
814 1469 964 1552 ejus
1009 1474 1350 1554 comites,¹²
1395 1485 1472 1543 ut
1497 1497 1652 1543 eum
1682 1489 2060 1564 opportuno
2090 1484 2310 1551 adorti
2341 1487 2509 1554 loco
2541 1490 2779 1556 interfi-

566 1574 804 1634 cerent.
853 1570 1060 1638 Haud
1082 1577 1367 1644 inultum
1393 1580 1807 1650 interfecere.
1882 1586 1950 1651 N
1953 1607 2063 1652 am
2089 1589 2267 1656 circa
2286 1606 2779 1679 repugnantem

565 1669 831 1753 aliquot
889 1676 1320 1746 insidiatores
1383 1687 1714 1766 cecidere,
1769 1708 1919 1755 cum
1970 1691 2123 1776 ipse‘
2181 1714 2260 1759 se
2303 1698 2780 1780 praevalidus:

622 1833 656 1878 s
684 1837 782 1894 Qun·
801 1855 864 1888 ex
879 1843 987 1892 odio
1007 1844 1059 1894 in
1079 1847 1366 1899 decemviros
1386 1855 1671 1906 mentionem
1688 1837 1815 1922 opud
1834 1860 2011 1910 milites
2027 1864 2282 1925 gregorios
2297 1866 2628 1919 clandestinis
2647 1871 2778 1921 osu·-

563 1901 689 1963 qtu't's
708 1904 949 1965 injiciebat
968 1912 1162 1960 mandi
1181 1912 1396 1966 tribunos
1408 1919 1583 1984 plebis,
1613 1928 1662 1971 et
1681 1925 1925 1974 secedendi
1945 1943 1975 1977 o
1994 1930 2231 1990 patriciis.
2370 1944 2380 1952 ·

1480 2047 1540 2069 ‘O
1544 2051 1843 2074 0000000000

566 2129 794 2181 vien—6
827 2135 843 2161 ‘
864 2134 972 2185 Pro
1007 2138 1073 2187 ad
1108 2140 1376 2206 eleganter
1414 2147 1649 2212 conjecit
1683 2150 1737 2202 J.
1771 2152 1832 2201 F.
1870 2152 2098 2205 Gronov.
2129 2157 2220 2209 nc!
2252 2158 2616 2224 Doering.--⁷
2647 2164 2779 2215 ‘Pro

562 2195 815 2254 digressos,
835 2200 974 2262 qnod
998 2202 1050 2251 in
1073 2206 1314 2259 omnibns
1352 2219 1409 2261 et
1443 2219 1578 2265 vett.
1613 2216 1767 2268 codd.
1801 2226 1858 2270 et
1888 2219 2007 2272 edd.
2028 2230 2196 2287 extat,
2218 2226 2418 2289 primus
2443 2228 2625 2279 edidit
2646 2230 2704 2283 J.
2724 2231 2779 2281 Ρ.

566 2257 797 2311 Gronov.
819 2264 1102 2327 aegreuos.'
1134 2270 1300 2324 Idem.
2681 2324 2692 2335 ·

1560 2357 1776 2411 NOTAE

630 2433 645 2468 ¹
678 2438 1088 2512 onemo-oeque,
1110 2449 1170 2500 eb
1188 2469 1298 2504 arce
1330 2453 1522 2507 Tuscula·
1547 2460 1629 2509 de·

559 2516 774 2580 grossos]
829 2520 1077 2590 Intellige
1107 2529 1353 2592 degressos
1389 2533 1456 2584 de
1496 2542 1627 2586 tem-

565 2603 694 2653 pore
737 2602 1000 2663 pra-senti,
1032 2603 1087 2653 id
1120 2612 1222 2668 est,
1255 2608 1629 2673 digredientes.

1703 2459 1916 2514 rundem
1939 2476 2143 2533 rogatu,
2164 2472 2384 2523 mansit:
2412 2489 2650 2541 cumque
2669 2493 2779 2528 auc·

1704 2545 1789 2589 tor
1825 2541 1903 2591 eis
1943 2554 2083 2596 esset
2117 2548 2478 2602 transferendi
2517 2565 2695 2605 castra
2728 2550 2783 2605 in'

1703 2616 1861 2668 alium
1898 2621 2086 2680 locum,
2121 2624 2195 2675 illl
2232 2627 2331 2677 liae
2362 2629 2447 2679 nsi
2478 2632 2780 2688 occasionn

561 2666 792 2722 Jubebst
813 2675 951 2726 enim
974 2679 1197 2732 Senatus
1226 2691 1288 2734 ut
1321 2685 1625 2750 decemviri,

563 2744 650 2807 qui
674 2746 953 2802 Tusculum
977 2756 1118 2807 velut
1137 2758 1189 2808 iu
1207 2774 1381 2811 arcem
1399 2772 1626 2827 cogente

562 2824 797 2895 exercitu
834 2828 1197 2898 confugerant,
1238 2836 1358 2887 inde
1390 2840 1629 2905 digrede-

563 2904 763 2963 rentur,
778 2918 949 2971 neque
971 2910 1112 2961 intro
1127 2913 1325 2978 oppida
1338 2919 1626 2970 exercitum

565 2977 914 3045 continerent,
943 2987 1081 3049 qnod
1118 2991 1323 3052 pavoris
1357 3003 1472 3045 erat
1495 2996 1626 3047 indi·

564 3050 721 3127 cium,
745 3055 835 3105 sed
863 3058 912 3106 in
938 3063 1122 3113 castris
1145 3077 1388 3133 agerent,
1421 3071 1627 3140 ipsique

562 3127 770 3190 oppidis
788 3134 1035 3193 proesidio
1057 3141 1229 3203 potius
1252 3155 1449 3210 esseut,
1470 3165 1627 3214 quam

562 3201 628 3251 ab
652 3205 878 3271 oppidis,
910 3210 1138 3278 locisque
1160 3221 1369 3272 munitis
1391 3229 1626 3288 praesidi-

562 3291 651 3326 um
675 3288 930 3341 peterent.

627 3363 663 3390 ¹¹¹
696 3359 758 3408 L.
799 3361 1032 3428 sienim]
1077 3368 1224 3422 Alias
1266 3375 1525 3446 Sicinium,
1556 3383 1627 3435 de

561 3447 665 3498 qno
697 3437 761 3485 sd
797 3453 915 3504 cap.
951 3447 1035 3494 81.
1104 3447 1210 3499 Hic
1241 3466 1357 3504 cum
1393 3456 1444 3506 iu
1478 3460 1624 3513 Urbe

560 3511 751 3562 multos
766 3530 1028 3570 sermones
1046 3523 1290 3579 adversus
1305 3532 1463 3584 duces
1477 3550 1625 3600 spar-

562 3594 731 3650 geret,
748 3594 946 3645 accitus
960 3598 1028 3647 ab
1051 3598 1247 3669 Appio,
1261 3609 1347 3672 qui
1362 3623 1479 3661 enm
1503 3622 1626 3677 post

562 3665 689 3714 alios
722 3671 1013 3734 complures
1047 3678 1178 3728 clam
1212 3682 1279 3732 de
1315 3689 1487 3737 medio
1523 3692 1622 3741 tol-

560 3741 669 3791 lere
707 3748 1055 3813 pen-,collegas
1085 3752 1137 3802 in
1168 3759 1338 3808 animo
1357 3748 1622 3832 babebat,

559 3819 672 3881 ejus
693 3821 902 3873 hortatu
939 3828 1003 3877 ad
1032 3839 1206 3882 eastra
1227 3835 1623 3894 Crustumerina

561 3895 830 3957 profectus
853 3909 938 3952 est
974 3918 1091 3956 cum
1127 3913 1337 3963 nomine
1368 3924 1423 3966 et
1444 3927 1621 3982 potes·

562 3977 675 4019 tate
718 3974 897 4040 legati,
932 3984 1079 4071 quasi
1118 3986 1189 4036 de
1222 3989 1379 4069 rebus
1420 3993 1620 4048 bellicis

1701 2707 1821 2745 eum
1843 2710 1959 2748 cum
1980 2710 2187 2753 centum
2218 2705 2405 2757 electis
2442 2707 2583 2758 levis
2614 2723 2778 2759 arms·

1702 2776 1859 2834 turm,
1908 2783 1970 2825 ut
2015 2776 2182 2827 locum
2229 2783 2607 2844 specularetur
2649 2786 2774 2835 valle

1700 2856 2067 2913 opportunum,
2093 2855 2365 2906 miseruut.
2434 2859 2575 2908 Cum
2601 2860 2774 2926 itaque
2834 2870 2843 2874 ’

1700 2922 1769 2972 ad
1792 2939 2035 2988 asperum
2067 2929 2346 2982 admodum
2387 2934 2567 2986 locum
2592 2950 2773 3002 perve-

1700 3000 1883 3065 nisset,
1900 3002 1987 3052 ubi
2009 3017 2175 3070 equus
2199 3021 2298 3057 non
2321 3010 2425 3059 nisi
2441 3012 2598 3062 lento
2610 3014 2775 3078 gradu

1700 3077 1944 3131 incedere
1969 3091 2165 3146 posset,
2195 3083 2249 3135 in
2272 3102 2390 3136 eum
2408 3104 2598 3139 omues
2624 3100 2775 3156 prout

1701 3155 2005 3209 mandatum
2041 3151 2212 3212 fuerat
2234 3162 2527 3223 irruerunt,
2547 3183 2771 3234 eumque

1698 3243 1907 3286 strenue
1923 3247 2256 3302 pugnantem,
2273 3254 2377 3292 nec
2389 3242 2644 3303 inultum,
2660 3260 2771 3296 es·

1699 3308 1895 3361 famulo
1932 3314 2342 3367 interfeceruntx
2381 3321 2460 3369 uti
2486 3321 2771 3387 Dionysius

1699 3395 1896 3439 narrat.

1763 3472 1790 3498 ¹²
1825 3465 1956 3522 Quos
1976 3468 2202 3519 miseren
2222 3472 2554 3534 expeditionis
2572 3476 2682 3537 qius
2702 3491 2770 3525 os·

1697 3541 1864 3607 mites]
1910 3544 2055 3597 Quos
2072 3546 2273 3597 scilieet
2289 3549 2583 3601 decemviri
2604 3554 2771 3604 Siceio

1699 3617 1974 3686 dederant,
2001 3623 2149 3686 qnasi
2182 3622 2389 3674 futuros
2416 3625 2523 3691 ipsi
2555 3631 2769 3679 comites

1695 3694 1751 3744 in
1792 3710 1856 3747 es
1894 3698 2268 3763 expeditione:
2305 3716 2365 3752 re
2400 3703 2521 3768 ipsa
2554 3718 2620 3757 ut
2649 3709 2769 3758 sies·

1697 3771 1799 3821 rios
1825 3782 2063 3837 agerent.

1760 3857 1787 3884 ⁰
1823 3851 1945 3900 Cen·
1956 3852 2060 3916 ipse
2075 3855 2462 3920 sepraeoalidns]
2498 3860 2634 3909 Cum
2660 3859 2767 3911 Sie-
2812 3916 2819 3925 ,

1695 3925 1827 3986 cius,
1847 3928 1936 3991 qui
1954 3927 2154 3978 validus
2174 3938 2294 3981 erat
2313 3947 2562 3999 corpore,
2585 3935 2766 4001 (quisn-

1692 4015 1846 4065 qnam
1881 4012 2132 4067 vergente
2164 4007 2272 4070 jam
2308 4010 2521 4075 oetste,)
2551 4013 2766 4063 circnm-

1693 4085 1910 4129 ventum
1942 4095 2000 4130 se
2037 4080 2239 4146 videns,
2276 4098 2334 4134 se
2372 4100 2561 4151 magno
2583 4091 2763 4155 animo,

1691 4162 1748 4204 et
1770 4157 2215 4220 respondentibus>
2241 4159 2418 4216 animo
2442 4164 2658 4230 viribus,
2678 4165 2762 4216 de·

1694 4230 1956 4285 funderet.
