3034 4925
1022 368 1171 419 mn.
1221 368 1335 418 ιιι.
1367 367 1551 416 cst.
1596 352 1663 416 4.
2314 356 2446 423 53?

244 516 405 600 quia
446 533 771 600 nusquam
815 513 1132 581 universa
1178 520 1541 599 conspecta
1587 514 1832 594 fuerat,
1865 514 2192 599 imparem
2222 514 2447 602 copiis

242 618 609 683 exercitum
654 625 894 683 temere
922 637 1163 702 pugnae
1195 617 1589 682 commisit!
1678 618 1913 683 Primo
1945 638 2273 685 concursu
2300 620 2443 705 pul·-

243 742 365 797 sus
397 723 560 786 sein
582 730 803 787 castra
825 724 1101 807 recepit.
1176 721 1420 807 Neque
1447 723 1506 786 is
1528 721 1682 787 finis
1707 723 1990 805 periculi
2013 723 2160 789 suit.
2236 724 2444 793 Nam·

245 846 378 909 que
416 831 482 890 et
519 828 830 910 proxima
869 834 1071 891 nocte
1117 834 1187 890 et
1233 832 1503 907 postero
1549 825 1656 891 die
1700 833 1886 889 tauta
1911 826 1990 895 ⁸vi
2032 833 2255 892 castra
2291 833 2451 897 sunt

246 929 705 994 circumsessa
743 936 951 1014 atque
995 935 1407 1014 oppugnata,
1440 934 1512 994 ut
1561 949 1643 994 ne
1681 930 1952 995 nuntius
1983 929 2251 1013 quidem
2296 930 2450 999 inde

243 1032 426 1095 mitti
454 1030 746 1097 Romam
776 1040 1053 1115 posset.²¹
1140 1030 1447 1108 Hernici,
1477 1037 1548 1097 et
1576 1032 1750 1096 male
1780 1036 2164 1115 pugnatum,
2193 1037 2259 1096 et
2294 1052 2449 1099 conv

247 1135 464 1199 sulem
513 1137 1011 1220 exercitumque
1065 1134 1375 1212 obsideri,
1427 1135 1916 1200 nuntiaverunt.
2026 1135 2449 1218 Tantumque

248 1246 563 1302 terrorem
609 1239 939 1302 incussere
988 1238 1328 1315 PatribuS,
1374 1242 1446 1301 ut
1482 1236 1672 1321 (quae
1717 1238 1929 1302 forma
1972 1246 2250 1302 senatus
2293 1257 2452 1302 con·—

250 1340 418 1403 sulti
471 1340 724 1404 ultimae
783 1359 1039 1423 semper
1096 1341 1514 1405 necessitatis
1575 1339 1810 1405 habita
1869 1337 2041 1424 est)⁰
2097 1340 2454 1411 Postumio

249 1442 445 1507 alteri
489 1441 843 1507 consulum
888 1443 1231 1525 negotium
1281 1443 1567 1520 daretur,
1599 1446 1620 1476 ‘
1650 1441 1969 1507 Videre¹³
2015 1461 2099 1506 ne
2143 1442 2302 1525 quid
2347 1460 2454 1507 res

248 1546 528 1628 publica
550 1545 924 1609 detrimenti
955 1544 1317 1627 caperet.’⁸
1387 1544 1629 1627 Ipsum
1659 1547 2006 1610 consulem
2035 1544 2282 1610 Romae
2314 1564 2454 1609 ma·

247 1667 405 1712 nere
453 1647 540 1710 ad
591 1645 1113 1715 conscribendos
1143 1665 1402 1722 omnes»,
1437 1647 1556 1730 qui
1587 1664 1771 1711 arma
1800 1647 1973 1712 ferre
1997 1654 2300 1731 possent,
2333 1667 2458 1730 op-

249 1752 488 1819 ,timum
544 1748 759 1813 visum
807 1755 946 1829 est;
1010 1768 1130 1831 pro
1177 1749 1449 1815 consule
1471 1757 1526 1796 ¹4
1574 1749 1656 1813 Τ.
1703 1747 2099 1829 Quintiumb
2151 1748 2459 1814 subsidio

243 1854 497 1919 castris
543 1873 700 1916 cum
753 1852 988 1916 sociali
1039 1854 1343 1917 exercitu
1390 1852 1589 1917 mitti.
1686 1852 1801 1916 Ad
1847 1873 1996 1918 eum
2050 1852 2460 1939 explendum

251 1956 506 2034 Latini,
543 1954 980 2038 Hernicique,
1012 1961 1088 2018 et
1127 1954 1400 2019 colonia
1444 1952 1728 2018 Antium
1776 1955 1936 2020 dare
1973 1954 2252 2034 Quintio
2298 1952 2461 2017 sub-

254 2057 485 2122 itarios
556 2057 799 2121 milites
858 2055 988 2140 (ita
1063 2062 1202 2120 tum
1275 2056 1619 2138 repentina
1685 2056 1938 2121 auxilia
1999 2055 2460 2139 appellabant)

244 2161 452 2246 jussi.
1063 2165 1070 2169 “

325 2319 347 2342 ‘
378 2278 577 2374 Semper
597 2311 650 2361 ιἰι
670 2311 893 2361 extremis
907 2310 1135 2375 periculis
1156 2308 1372 2359 adhiberi
1392 2310 1552 2360 solita.

1184 2455 1543 2479 OOOOOOOOOOOO

243 2558 435 2623 Sigon.
454 2559 844 2620 gravatim—13
882 2559 1080 2610 Videt-et
1119 2558 1251 2610 Eud.
1290 2565 1413 2609 ante
1454 2558 1619 2608 Drak.
1655 2564 1709 2606 et
1748 2556 1850 2605 Ms.
1887 2554 2196 2605 Venia—14
2234 2551 2316 2600 ΑΙ.
2354 2563 2464 2613 pro-

1252 2724 1467 2777 NOTAE

323 2828 353 2864 ³
392 2821 579 2871 Temere
609 2837 781 2886 pugnoe
817 2822 1075 2887 commisit]
1110 2824 1326 2874 Exerci-

265 2908 396 2955 tum,
446 2901 805 2964 imprudenter
850 2902 979 2951 inito
1027 2904 1232 2966 praelio,
1274 2903 1326 2951 in

262 2976 543 3025 discrimen
590 2976 755 3026 dedit.
824 2979 876 3026 u
911 2979 1119 3028 limi-da
1152 2980 1325 3028 mal-d-

253 3067 430 3116 propos
449 3068 534 3103 son
554 3052 712 3103 armes
731 3069 793 3103 au
824 3060 925 3104 sort
952 3054 1096 3105 d'une
1117 3056 1325 3105 boteille-

330 3139 352 3164 2
392 3130 461 3179 Ut
501 3145 560 3179 ne
592 3131 788 3182 nuntius
822 3133 1010 3195 quidem
1046 3133 1156 3182 inde
1195 3123 1328 3182 muti

264 3207 472 3256 Romam
497 3208 675 3271 posset]
698 3207 865 3258 Aliter
885 3208 1167 3273 Dionysius
1192 3209 1327 3259 libro

261 3298 347 3335 lx.
416 3284 600 3334 Refert
636 3287 772 3334 enim
797 3301 828 3335 a
850 3286 1006 3336 Furio
1047 3302 1152 3336 eos.
1187 3287 1327 3352 equi·

262 3368 350 3411 tes
374 3360 427 3410 in
449 3361 643 3410 Urbem
666 3376 785 3410 cum
808 3362 973 3412 literis
999 3364 1201 3425 missos,
1219 3362 1330 3413 fae·

264 3448 484 3502 tumque
503 3446 630 3488 ante
654 3440 823 3489 lucem
848 3439 914 3489 de
930 3440 1131 3489 auxiliis
1150 3442 1200 3488 ei
1214 3440 1332 3489 mit-

264 3514 440 3564 tendis
460 3514 990 3578 senatusconsultum,
1015 3516 1217 3565 vocatis
1242 3515 1334 3564 de·

257 3596 420 3639 creto
437 3590 494 3638 in
518 3590 713 3640 curiam
747 3591 980 3655 patribus
1017 3606 1110 3654 per
1141 3591 1331 3640 Postu-

264 3667 432 3716 mium
452 3667 724 3729 collegam.

333 3750 361 3776 ⁸
375 3744 452 3792 Ne
473 3742 588 3805 quid
607 3759 684 3792 res
699 3743 810 3806 pub.
832 3743 1103 3793 detrimenti
1123 3740 1333 3805 cuperet]

263 3821 733 3871 Senatusconsulto
764 3820 814 3868 in
839 3820 971 3868 banc
996 3819 1205 3868 formam
1232 3818 1335 3868 fac·

266 3906 349 3959 to,
370 3896 585 3945 uiderent
621 3910 740 3944 coss.
777 3911 833 3945 ne
873 3897 985 3959 quid
1022 3910 1147 3958 resp.
1183 3896 1335 3944 detri-

262 3973 420 4023 menti
471 3976 676 4033 cuperet,
729 3972 1027 4022 consulibus
1084 3979 1199 4021 tota
1252 3987 1335 4021 res

268 4047 489 4113 publica
511 4047 951 4110 committebatur,
975 4051 1053 4098 ita
1085 4057 1145 4096 ut
1175 4047 1242 4097 ab
1273 4049 1337 4097 iis

267 4126 577 4192 provocatio
598 4141 700 4178 non
721 4134 883 4190 esset,
899 4128 1061 4177 etiam
1083 4127 1224 4177 intra
1243 4126 1339 4177 Ur·

272 4206 502 4329 begnopm
523 4282 709 4328 consule
741 4280 1074 4346 [proconsule]
1100 4283 1159 4333 T.
1182 4282 1337 4339 Quin-

408 4361 584 4424 Delph.
603 4366 652 4410 et
680 4363 800 4414 Var-
814 4361 945 4411 Clas.

1283 4361 1470 4412 Livius.

1406 2823 1550 2886 tium]
1583 2823 1668 2872 Ita
1694 2828 1897 2872 veteres
1916 2818 2067 2868 libri:
2101 2817 2337 2881 quasdam
2361 2815 2470 2866 edi-

1406 2901 1571 2951 tiones
1595 2900 1913 2962 proconsulem
1932 2898 1987 2946 T.
2005 2895 2275 2951 Quintium.
2322 2893 2470 2943 Neu·

1408 2984 1491 3027 tra
1528 2979 1685 3028 lectio
1721 2976 1994 3040 quicquam
2028 2973 2182 3023 habet
2215 2971 2350 3035 quod
2384 2984 2466 3020 ar-

1407 3069 1552 3118 guas.
1636 3054 1768 3103 Nam
1802 3062 1857 3103 et
1896 3050 2148 3115 proconsul
2184 3047 2472 3108 dicebatur,

1409 3140 1464 3182 et
1484 3133 1649 3182 divise
1678 3147 1767 3195 pro
1803 3130 2008 3187 consule,
2043 3128 2129 3192 qui
2158 3125 2226 3176 ad
2262 3124 2472 3189 provin·

1409 3211 1542 3261 ciam
1589 3206 2045 3259 administrandam
2093 3218 2209 3254 cum
2253 3200 2471 3265 imperio

1410 3287 1666 3346 consulari
1697 3285 2022 3344 mittebatur,
2045 3280 2373 3343 consulisque
2394 3278 2472 3326 lo·

1411 3380 1473 3414 co
1516 3372 1649 3426 erat,
1696 3377 1797 3412 non
1843 3371 2017 3410 tamen
2062 3357 2258 3407 consul.
2334 3355 2472 3404 Nam

1412 3440 1824 3504 proconsulatus,
1858 3444 1918 3485 ut
1947 3433 2188 3497 Sigonius
2209 3430 2475 3487 observat,

1412 3532 1514 3566 non
1551 3523 1630 3564 est
1663 3514 2025 3576 magistratus:
2062 3507 2154 3557 sed
2180 3504 2475 3568 imperium,

1415 3598 1505 3642 anit
1538 3597 1686 3641 extra
1713 3586 1945 3638 ordinem
1970 3585 2174 3649 privato
2198 3582 2393 3635 datum,
2417 3586 2476 3627 ut

1414 3683 1550 3718 nime
1584 3667 1644 3733 T.-
1678 3664 1925 3723 Quinti03
1971 3668 2061 3710 aut
2094 3674 2162 3709 ex
2204 3656 2475 3706 consulatu
2531 3708 2536 3716 ,

1415 3750 1767 3809 prorogatum,
1807 3748 1866 3790 ut
1901 3735 2129 3787 Publilio
2153 3731 2377 3792 Philoni,
2409 3730 2476 3778 de

1416 3837 1517 3887 quo
1552 3819 1730 3871 Livius
1764 3818 1850 3867 lib.
1878 3828 2003 3864 vm.
2037 3826 2154 3874 cap.
2175 3813 2257 3860 26.
2326 3807 2479 3868 Quae,

1413 3898 1647 3963 quidem,
1672 3897 1713 3946 si
1738 3894 1802 3943 ad
1841 3894 1952 3942 haec
1987 3888 2156 3954 prima
2189 3885 2317 3948 reip.
2348 3889 2478 3932 tem-

1419 3990 1548 4038 pora
1569 3972 1797 4033 referas„
1810 3984 1933 4018 vera
1955 3974 2126 4016 erunt.
2182 3961 2261 4012 At
2285 3970 2481 4023 tempo·

1419 4052 1564 4100 ribus
1618 4051 2005 4112 imperatorum,
2061 4039 2479 4106 proconsulatus,

1420 4143 1522 4192 quo
1540 4125 1918 4191 provinciarum
1939 4121 2131 4186 populo
2151 4119 2218 4168 ab
2241 4116 2481 4179 Augusto

1420 4206 1723 4255 relictarum
1786 4199 2048 4251 ordinaria
2102 4189 2481 4256 administratio

1420 4280 1762 4344 mandabatur
1813 4292 1844 4327 a
1891 4277 2109 4340 Senatu,
2153 4268 2481 4397 magisgatus
