3034 4925
612 390 744 456 402

610 558 709 630 ut,
759 569 958 637 quem
1004 569 1269 617 suorum
1313 548 1671 634 fugientem
1715 548 2027 629 viderint,
2073 567 2195 635 pro
2241 548 2433 615 hoste
2478 547 2778 613 habeant.

610 655 724 721 Ita
751 662 933 720 metu
962 653 1241 740 ancipiti
1268 656 1445 722 versi
1491 675 1537 720 a
1580 655 1740 739 fuga
1771 652 2061 720 Romani
2090 654 2161 718 in
2186 654 2471 729 hostem,
2501 658 2578 716 et
2602 649 2782 715 resti-

607 765 754 824 tuta
776 759 987 824 acies.
1074 758 1328 824 Cohors
1354 759 1704 826 dictatoris
1742 765 1882 825 tum
1928 759 2213 844 primum
2259 756 2566 842 praelium
2613 753 2782 843 iniit·

609 860 892 944 Integris
921 863 1305 947 corporibus
1332 863 1704 948 animisque
1728 863 1955 930 fessos
1996 860 2210 927 adorti
2239 860 2472 925 exules
2499 856 2783 925 caedunt.

609 963 722 1029 Ibi
748 964 885 1030 alia
912 965 1080 1031 inter
1108 985 1418 1051 proceres
1446 970 1678 1032 coorta
1719 985 1962 1052 pugna.
2048 965 2421 1050 Imperator
2471 958 2790 1040 Latinus,5

608 1066 727 1130 ubi
756 1065 1092 1133 cohortem
1122 1068 1395 1134 exulum
1440 1087 1484 1133 a
1531 1068 1857 1135 dictatore
1901 1068 2212 1134 Romano
2251 1085 2462 1152 prope
2509 1064 2787 1130 circum

607 1175 875 1235 ventam
906 1169 1092 1249 vidit,
1114 1191 1201 1237 ex
1226 1172 1649 1237 subsidiariis
1670 1172 2050 1258 manipulos
2066 1180 2092 1219 ⁸
2117 1171 2380 1256 aliquot
2405 1169 2478 1233 in
2508 1167 2789 1253 primam

611 1272 825 1337 aciem
856 1293 1082 1339 secum
1115 1274 1308 1360 rapit.
1354 1351 1369 1368 .
1400 1274 1553 1340 Hos
1584 1274 1845 1359 agmine
1874 1271 2259 1341 venientes¹³
2287 1273 2371 1339 T.
2404 1269 2791 1337 Herminius

606 1373 897 1459 legatusi
927 1378 1389 1462 conspicatus,
1419 1379 1726 1464 interque
1755 1399 1872 1445 eos
1898 1379 2222 1463 insignem
2243 1382 2438 1444 veste
2460 1374 2790 1458 armisque

614 1476 988 1544 Mamilium
1039 1483 1400 1560 noscitans,
1453 1488 1645 1547 tanto
1691 1482 1762 1547 vi
1812 1480 2085 1566 majore,
2131 1499 2332 1566 quam
2381 1477 2591 1564 paulo
2650 1483 2791 1540 ante

608 1580 925 1664 magister
966 1583 1289 1667 equitum,
1335 1605 1490 1651 cum
1535 1584 1823 1652 hostium
1875 1585 2050 1651 duce
2097 1581 2397 1669 praelium
2430 1580 2601 1656 iniit,
2631 1584 2708 1644 ut
2733 1582 2793 1641 et

611 1700 746 1747 uno
775 1684 915 1748 ictu
941 1685 1328 1752 transfixum
1359 1708 1481 1773 per
1505 1687 1688 1781 latus
1705 1687 2037 1755 occiderit
2083 1685 2485 1764 Mamilium,
2537 1690 2612 1747 et
2659 1681 2794 1764 ἣρω

610 1783 780 1850 inter
806 1786 1223 1871 spoliandum
1247 1810 1490 1875 corpus
1521 1790 1733 1857 bostis
1760 1796 1992 1857 veruto
2022 1784 2442 1876 percussus,lt
2478 1803 2640 1852 cum
2669 1781 2795 1848 vic·

613 1893 719 1953 tor
744 1888 812 1953 in
839 1900 1058 1956 castra
1083 1899 1264 1958 esset
1290 1895 1564 1972 relatus,
1592 1894 1763 1960 inter
1789 1895 2071 1979 primam
2094 1893 2507 1958 curationem
2533 1885 2796 1972 expira-

614 1989 801 2055 verit.
859 1991 1035 2060 Tum
1065 1992 1154 2058 ad
1181 1996 1446 2086 equites
1473 1995 1770 2088 dictator&
1785 1996 2081 2075 advolat,
2111 1997 2480 2072 obtestanS,
2499 1996 2599 2071 ut,
2623 1991 2795 2055 fesso

604 2091 748 2175 jam
799 2093 1068 2179 pedite,†
1118 2096 1529 2164 descendant
1572 2119 1662 2165 ex
1710 2099 1927 2185 equis,
1976 2104 2046 2165 et
2092 2117 2385 2183 pugnam
2428 2095 2798 2180 capessant.

619 2197 825 2265 Dicto
856 2219 1168 2284 paruere:
1215 2202 1535 2269 desiliunt
1577 2224 1668 2269 ex
1697 2204 1915 2289 equis,
1960 2203 2311 2290 provolant
2337 2201 2407 2267 in
2435 2189 2800 2286 primum2¹¹

1545 403 1616 455 'l'-
1662 401 1854 454 mvn

1531 2368 1891 2391 ‘0000an

617 2482 756 2531 quum
778 2467 841 2518 ad
867 2484 1084 2533 sequens
1108 2469 1353 2534 pertinet,
1374 2483 1475 2519 uon
1495 2470 1562 2520 ad
1588 2470 1919 2535 praecedens:
1954 2466 2209 2535 potuisset
2231 2465 2365 2518 euim
2391 2464 2590 2526 dicere,
2636 2459 2800 2512 cohorti

615 2546 731 2596 θεῶ,
751 2537 872 2597 quod
904 2537 1176 2599 presidium
1194 2536 1322 2585 circa
1339 2549 1391 2585 se
1413 2532 1645 2586 habebare
1673 2537 1728 2588 J.
1756 2536 1810 2586 F.
1832 2536 2157 2587 Omnem—1
2194 2532 2357 2583 ιΜαι.
2380 2532 2468 2581 alii
2505 2543 2698 2592 «gnra,
2725 2526 2799 2575 ali

609 2599 825 2660 prelium
861 2600 1078 2663 addunt,
1110 2600 1248 2667 quod
1288 2598 1419 2652 adeo
1457 2601 1544 2652 alii
1582 2615 1675 2667 pro
1706 2602 1913 2667 primm
1944 2600 2279 2652 substituunt.
2344 2596 2454 2649 Sed
2477 2593 2795 2646 substantive

1606 2767 1828 2833 »ποτε

685 2861 708 2894 f
736 2863 998 2928 Imperator
1048 2863 1276 2931 Laium]
1317 2863 1443 2917 Oct.
1486 2865 1672 2917 Mami·
1753 2865 1993 2917 nimirum
2015 2863 2172 2915 trium
2194 2860 2386 2929 pedum
2406 2860 2585 2918 semis,
2601 2855 2800 2922 presso

625 2940 742 2991 lius·
1752 2941 1890 2993 ferro
1928 2942 2192 2992 unciarum
2226 2939 2476 3006 quinque,
2516 2944 2577 2986 ut
2607 2934 2804 2986 Moda-

689 3023 716 3060 8
749 3016 832 3065 Ex
869 3016 1169 3067 subsidiariis
1189 3016 1474 3083 manipulos]
1509 3019 1679 3080 Duas,
1758 3029 1842 3071 tus
1863 3019 2120 3083 explicat,
2148 3023 2332 3068 auctor
2354 3014 2525 3066 libelli
2556 3014 2627 3064 de
2665 3024 2802 3062 vocn-

627 3100 687 3140 ut
710 3091 980 3154 plurimum
1005 3092 1235 3156 peditum
1258 3095 1522 3144 centurias
1555 3107 1676 3144 cou-

628 3168 759 3218 tiuet
780 3169 1087 3233 manipulus.
1159 3172 1468 3222 subsidiarii
1506 3180 1679 3223 autem

627 3245 935 3296 dicebantur
977 3248 1184 3306 milites,
1222 3249 1310 3315 qui
1346 3256 1461 3313 post
1498 3264 1680 3314 agmen

626 3321 1001 3386 subsidebant3
1058 3332 1111 3374 ut
1148 3325 1503 3376 laborantibus
1544 3327 1681 3393 prio-

625 3400 767 3450 ribus
798 3410 1191 3454 succurrerent:
1245 3410 1422 3453 nostro
1455 3418 1615 3469 more,
1635 3406 1681 3455 le

626 3492 761 3542 corps
781 3480 838 3529 de
855 3492 1056 3530 resen-ve.

664 3554 715 3593 2¹¹
746 3555 950 3620 Agmine
989 3556 1249 3621 venientes]
1287 3556 1354 3607 Id
1385 3563 1469 3609 est
1509 3557 1680 3623 uobis,

625 3649 800 3684 comme
838 3634 901 3684 ito
939 3633 1155 3684 venient
1194 3634 1345 3686 serres
1386 3649 1445 3685 en
1485 3651 1552 3686 tm
1592 3634 1682 3684 bon

627 3712 780 3761 ordre.

692 3787 707 3821 ⁸
741 3788 796 3838 Τ.
830 3787 1112 3839 Herminius
1139 3788 1375 3853 Legata]
1406 3788 1512 3841 Qui
1548 3801 1683 3839 nono

530 3920 537 3929 ,
630 3873 752 3914 aute
794 3879 926 3916 anno
968 3867 1286 3916 consulatum
1332 3873 1586 3930 gesserat,
1621 3866 1683 3917 Τ.

633 3940 926 3991 Herminius
965 3942 1254 4008 Aquilinus,
1284 3957 1422 3992 nunc
1454 3943 1684 4006 legatum

630 4017 865 4079 magistri
907 4020 1136 4082 equitum
1178 4021 1434 4084 gerebat:
1485 4018 1535 4069 Il
1569 4021 1688 4071 eluit

632 4092 916 4144 Lieutmant
936 4096 1056 4145 dans
1083 4094 1117 4145 1’
1142 4096 1314 4160 ermbe,
1350 4102 1405 4147 et
1431 4098 1486 4147 in
1515 4097 1683 4148 locum

633 4168 829 4220 AEbutii
853 4171 1102 4222 vulnerati
1124 4182 1459 4226 successerat.

629 4264 636 4269 ·
699 4243 722 4277 ¹‘
775 4245 951 4297 Vento
991 4248 1254 4312 percussus]
1304 4251 1562 4303 verutum
1607 4259 1688 4303 est

639 4326 797 4377 ferrei
821 4327 909 4378 teli
945 4341 1103 4391 genus
1127 4329 1287 4380 instar
1314 4344 1463 4383 veru:
1497 4333 1686 4384 hastile

1755 3096 1889 3147 bulis
1911 3094 2217 3146 militaribus
2249 3093 2315 3143 ad
2346 3092 2590 3143 Tacitum
2616 3088 2803 3154 Augu·

1760 3180 1884 3223 tum.
2299 3214 2303 3219 .

1822 3257 1846 3305 t
1886 3248 2027 3299 Fmo
2050 3247 2161 3310 jam
2192 3244 2370 3311 pedite,
2402 3242 2510 3308 ese]
2544 3243 2600 3294 Si
2642 3238 2804 3292 Latini

1759 3326 1954 3378 nullum
1977 3324 2267 3390 equitatum
2304 3321 2629 3376 habuissent,
2660 3315 2803 3366 facile

1760 3403 2185 3469 intelligeremus,
2217 3400 2512 3465 equitatum
2532 3398 2804 3447 Romanum

1761 3482 1989 3547 potuisse
2012 3480 2122 3530 sine
2148 3475 2383 3544 periculo
2407 3472 2724 3524 descendere
2743 3482 2803 3518 ex

1760 3559 1943 3625 equis;
1965 3557 2057 3608 sed
2080 3570 2196 3606 cum
2218 3553 2517 3608 habuerint,
2535 3557 2589 3602 et
2610 3546 2804 3615 quide·

1760 3635 2008 3701 majorem
2033 3635 2280 3697 Romano,
2304 3630 2349 3682 si
2379 3627 2633 3693 Dionysio
2653 3622 2807 3676 eredi-

1762 3728 1895 3775 mus,
1917 3711 2099 3762 mirum
2136 3718 2218 3760 est
2238 3723 2354 3759 eum
2392 3706 2679 3772 equitatum
2713 3713 2805 3750 neu

1758 3789 2004 3841 invasisse
2027 3803 2059 3837 a
2074 3786 2322 3837 lateribus
2343 3785 2631 3835 Romanam
2652 3779 2803 3830 acie·

1761 3870 1996 3936 equitatu
2029 3866 2291 3917 nudatam.
2352 3862 2510 3926 Saepe
2533 3858 2705 3909 Livius
2739 3855 2805 3905 ita

1760 3949 2007 4013 loquitur,
2031 3945 2176 4014 quasi
2204 3943 2438 3993 hostibus
2471 3941 2801 3990 Romanorum

1761 4026 1933 4077 nullus
1975 4023 2236 4089 equitatus
2278 4018 2482 4069 fuisset.
2564 4013 2667 4065 Sed
2705 4022 2804 4061 reta

1764 4102 1913 4152 aliter
1954 4108 2131 4150 narrat
2171 4095 2472 4159 Dionysius,
2520 4091 2603 4141 cui
2646 4089 2802 4154 potius

1764 4176 2098 4231 crediderim.
2128 4176 2185 4227 J.
2213 4168 2443 4224 curtem.

1825 4253 1839 4287 ¹
1873 4253 2135 4304 promunt
2156 4250 2211 4300 in
2228 4246 2458 4315 prim]
2477 4243 2714 4305 Intellige
2735 4241 2802 4288 te-

1765 4345 1900 4395 cum,
1922 4336 2013 4382 aut
2033 4341 2232 4394 agmen.
2298 4324 2430 4377 Qua}
2451 4321 2687 4389 loquendi
2707 4317 2801 4368 fors
