3034 4925
447 2259 458 2268 ἱ
548 2172 752 2239 fuere.

536 376 669 441 658
1479 387 1550 435 ·1·.
1596 373 1788 435 mv‘u

535 535 750 601 dicem
795 534 896 600 illi
941 534 1140 614 ferre,
1178 533 1250 600 ni
1293 530 1705 600 vindicias⁸¹
1750 535 1837 598 ab
1884 532 2193 598 libertate
2242 531 2317 598 in
2362 535 2765 599 servitutem

536 637 803 703 dederit.
894 639 971 703 Si
1021 638 1136 705 ad·
1150 637 1451 722 judicem
1489 657 1622 703 non
1668 645 1807 717 eat,
1839 656 1960 722 pro
2000 636 2324 702 damnato
2368 636 2447 699 in
2493 638 2767 702 vincula

536 739 699 807 duci
734 741 1015 826 jubere-¹
1104 740 1203 807 Ut
1245 740 1430 806 haud
1461 759 1818 826 quoquam
1868 739 2316 823 improbante,
2361 740 2478 804 sic
2520 760 2769 822 magno

535 847 722 909 motu
752 844 1148 921 animorum,
1178 863 1331 909 cum
1362 845 1532 909 tanti
1562 844 1687 909 viri
1723 842 2065 927 supplicio
2092 848 2360 907 suamet
2392 843 2597 926 plebi
2631 841 2770 925 jam

537 947 741 1011 nimia
783 947 1056 1013 libertas
1108 945 1463 1025 videretur,
1491 947 1559 1011 in
1602 960 1938 1022 carcerem
1967 952 2074 1011 est
2102 940 2553 1029 conjectus.¹=.
2630 942 2774 1007 Tri-

538 1050 757 1114 bunus
781 1050 845 1115 ei
875 1049 1058 1115 diem·
1082 1046 1428 1135 prodixit.¹
1521 1048 1706 1114 Inter
1731 1050 1879 1114 haec
1904 1049 1992 1113 ab
2023 1048 2289 1113 Latinis
2320 1053 2393 1113 et
2412 1103 2417 1106 .
2436 1046 2771 1112 Hernicis

538 1151 742 1235 legati
791 1153 1196 1236 gratulatum
1243 1152 1328 1217 de
1374 1150 1741 1217 concordia
1784 1150 2173 1214 Patrumuc
2205 1148 2771 1233 plebis-Romam

540 1260 899 1335 venerunt3
947 1254 1329 1338 donumque
1371 1255 1462 1319 ob
1508 1273 1660 1319 eam
1696 1252 1856 1318 Jovi
1905 1252 2167 1337 optimo
2208 1251 2531 1315 maximo
2582 1270 2777 1317 coro-

540 1375 694 1420 nam
729 1375 998 1421 auream
1027 1356 1098 1420 iu
1127 1355 1541 1439 Capitolium
1589 1354 1795 1421 tulere
1825 1354 2014 1438 parvi
2045 1353 2390 1437 ponderis,
2426 1361 2657 1437 prout.
2676 1373 2773 1417 res

542 1458 721 1522 haud
771 1459 1112 1542 opulentae
1156 1457 2333 1541 erant,·colebauturque‘religiones
2374 1456 2500 1539 pie
2530 1456 2774 1538 magis,

546 1579 751 1643 quam
773 1563 1159 1644 magnifice.
1252 1561 1502 1627 Iisdem
1535 1561 1926 1626 auctoribus
1958 1560 2475 1643 cognitum‘est‚
2501 1559 2776 1643 AEquos

546 1659 980 1747 Volscosque
1015 1682 1292 1727 summa
1344 1663 1413 1727 vi
1465 1662 1716 1728 bellum
1763 1679 2112 1744 apparare.
2219 1659 2501 1742 Itaque*
2544 1658 2777 1743 partiri

545 1764 931 1845 provincias
976 1763 1293 1829 consules
1325 1763 1531 1848 jussi.
1623 1759 1912 1828 Horatio
1942 1762 2205 1840 Sabini,
2235 1760 2535 1827 Valerio
2570 1759 2776 1845 AEqui

549 1863 932 1951 Volscique
957 1875 1290 1942 evenere-⁹,
1357 1866 1543 1941 Cum,
1562 1865 1646 1931 ad
1674 1885 1763 1944 eu
1788 1866 1963 1930 bella
1994 1863 2334 1932 delectum
2358 1864 2775 1941 edixissent,

545 1968 778 2033 favore
810 1970 1032 2053 plebis
1062 1989 1194 2034 non
1216 1968 1523 2053 juniores
1551 1968 1782 2045 modo,
1808 1967 1930 2032 sed
1960 1967 2249 2031 emeritis
2282 1967 2495 2031 etiam
2528 1968 2778 2051 stipen-

548 2068 755 2148 diis‚¹0
783 2091 940 2158 pars
968 2092 1206 2155 magua
1235 2070 1797 2149 voluntariorum,
1830 2070 1915 2134 ad
1946 2070 2218 2134 nomina
2247 2069 2486 2133 danda
2522 2076 2774 2152 praesto

841 2175 1076 2259 quue
1119 2194 1248 2239 uon
1276 2168 1493 2259 'copia
1535 2173 1762 2253 modo,
1794 2173 1912 2237 sed
1944 2192 2179 2255 genere
2207 2172 2421 2237 etiam
2455 2172 2773 2250 militum,

550 2277 882 2341 veteranis
939 2277 1300 2356 ιιιιιίιίιιῐίει,ι
1349 2277 1601 2342 firmior
1654 2278 1992 2342 exercitus
2050 2276 2200 2340 fuit.
2300 2274 2521 2339 Prius
2578 2293 2772 2358 quam

552 2375 810 2443 Urbem
862 2380 1348 2464 egrederentur,
1393 2380 1575 2464 leges
1622 2378 2120 2455 decemviraleS,
2167 2376 2421 2460 quibus
2470 2382 2489 2411 ‘
2527 2375 2775 2441 tabulis

553 2479 939 2553 duodecim’
969 2490 1070 2548 est
1100 2491 1409 2561 uomen,¹¹²
1443 2484 1511 2547 iu
1539 2504 1637 2550 aes
1666 2483 1920 2549 incisas
1939 2489 1967 2516 ¹²
1998 2480 2373 2565 iu-publico
2404 2498 2777 2564 proposue-

1470 2650 1768 2671 OOOOOOOOOO
1769 2651 1830 2671 υ

551 2724 677 2824 virg.
701 2776 918 2828 sponsum
937 2779 1165 2828 avumque
1186 2765 1291 2814 Ms.
1311 2764 1489 2814 Veith.
1494 2768 1592 2813 -8
1625 2764 1931 2826 Legeudum
1955 2770 2132 2814 mouet
2153 2763 2330 2827 Sigon.
2362 2758 2612 2813 vindicius
2637 2778 2712 2812 ne.
2715 2788 2772 2800 —

556 2830 590 2876 9
627 2828 781 2893 Vulg.
829 2831 1013 2879 Valerio
1049 2830 1199 2896 AEqut'
1234 2845 1445 2881 evenne.
1446 2834 1578 2879 -lo
1612 2828 1679 2878 Iu
1714 2830 1817 2879 Ms.
1844 2830 2026 2880 Veith.
2049 2836 2150 2886 est,
2181 2831 2264 2880 sed
2298 2830 2493 2879 emeriti
2512 2827 2769 2892 stipendiis.

1558 2978 1607 3028 N
1615 2977 1779 3027 01*AE

623 3069 637 3101 ¹
673 3071 746 3119 Ni
781 3072 1037 3136 vindicias]
1073 3074 1373 3138 Legendum
1400 3089 1630 3139 pronun-
1709 3076 1862 3140 copia
1918 3081 2029 3135 est,·
2072 3073 2208 3139 quod
2258 3074 2465 3124 scilicet
2524 3071 2769 3122 nefarium

558 3147 657 3195 tint
671 3148 906 3209 Sigonius
923 3150 1233 3228 vindic-ime,
1247 3153 1346 3202 hoc
1366 3166 1548 3202 sensu·
1574 3167 1631 3203 se
1710 3160 2138 3216 compertumque
2163 3153 2407 3202 omnibus
2437 3159 2589 3201 esset
2622 3150 2769 3214 ipsius

555 3221 695 3270 ferre
717 3220 787 3270 ι11ι
796 3204 1025 3285 judicem
1051 3226 1139 3289 qui
1165 3225 1358 3283 videat,
1379 3228 1630 3278 vindicias
1711 3230 1897 3278 scelus.
2281 3244 2291 3251 ·

558 3297 649 3347 illa
672 3306 850 3349 contra
873 3298 1167 3350 libertatem
1201 3301 1412 3355 dederit
1434 3318 1625 3356 necne.

560 3376 738 3439 Negat
778 3377 964 3427 merito
1006 3377 1334 3444 Gulielmius,
1373 3382 1457 3431 cui
1500 3382 1626 3432 asti·

561 3452 827 3516 pnlubitur
856 3454 1024 3518 quivis
1046 3457 1485 3521 jurisprudentiae
1523 3459 1648 3507 ele·-

562 3531 752 3587 mentis
790 3531 1051 3595 tantisper
1095 3534 1341 3584 imbutus.
1408 3537 1628 3586 Certum

562 3607 757 3670 quippe
810 3615 890 3655 est
947 3614 1175 3658 veterem
1232 3612 1457 3660 omnium
1514 3611 1628 3661 fere

562 3683 932 3747 sponsionnm,·
974 3684 1305 3751 omniumque
1360 3688 1629 3751 exceptio·

564 3775 706 3819 num,
743 3759 1015 3809 formulam
1058 3762 1125 3811 ab
1164 3762 1261 3812 hae
1296 3765 1552 3828 particula
1580 3765 1632 3815 ni

565 3836 818 3900 incipere.
885 3836 1054 3899 Supra
1077 3851 1197 3902 cup.
1221 3842 1306 3889 24.-
1338 3846 1353 3869 ‘
1374 3841 1427 3889 ni
1456 3842 1533 3891 itu
1551 3856 1633 3889 es·

568 3919 649 3960 set
674 3912 817 3961 multi
842 3911 1083 3963 ferebant
1102 3916 1315 3965 Volscio
1332 3916 1603 3979 judicem?

582 3994 586 4001 '
635 3983 660 4018 ¹¹
701 3987 757 4035 Ῑπ
784 4004 1017 4039 carcerem
1040 3996 1111 4041 est
1131 3992 1391 4056 conjectus]
1425 3994 1485 4042 ln
1509 4007 1636 4042 eun·

572 4058 712 4122 dem
741 4077 891 4122 quem
915 4066 1028 4127 ipse
1069 4075 1222 4116 autea
1261 4067 1636 4119 aedificaverat.

574 4137 818 4185 Creditur
864 4152 1044 4190 carcer
1085 4143 1173 4193 iile
1210 4158 1274 4192 eo
1311 4145 1429 4194 loco
1472 4143 1635 4193 fnisse

577 4212 665 4262 nbi
709 4227 845 4262 nune
889 4219 1139 4280 templum
1190 4221 1369 4270 Sancti
1411 4221 1635 4271 Nicolai.

579 4290 701 4343 Non
724 4290 885 4356 igitur
922 4291 1096 4357 Appio
1130 4287 1286 4346 vades
1319 4296 1473 4347 dandi
1499 4289 1639 4347 'deta

1774 3302 1789 3336 ¹
1826 3304 1972 3353 Diem
2008 3302 2249 3366 prodixit]
2307 3301 2496 3351 Causae
2547 3300 2771 3351 dicende

1709 3386 1912 3444 tempus
1949 3379 2017 3429 nd
2049 3385 2246 3428 certam
2275 3378 2413 3426 diem
2458 3377 2771 3441 prorogavit.

1709 3457 1819 3506 sive
1857 3456 2076 3506 distulit.
2159 3455 2350 3518 Neque
2408 3454 2551 3502 enim
2609 3454 2772 3502 statim

1709 3533 2053 3584 damnabatur
2096 3540 2389 3585 accusatus,
2427 3531 2573 3594 qnod
2610 3534 2773 3579 exen-

1710 3611 1799 3673 plo
1823 3609 2103 3669 Coriolani,
2118 3607 2281 3671 Appii
2305 3605 2537 3668 Claudii,
2557 3606 2776 3657 cmiii·

1664 3696 1669 3701 ·
1714 3684 1864 3734 Fabii
1888 3684 2094 3749 probari
2124 3689 2333 3747 potest3
2367 3682 2463 3731 sed
2486 3683 2717 3732 dabatur
2732 3681 2775 3729 ei

1712 3760 2087 3823 trinundinum,
2110 3774 2216 3823 quo
2237 3772 2292 3809 se
2317 3758 2383 3807 ad
2421 3757 2772 3809 defensionen

1715 3843 2062 3900 compararet.

1724 3935 1731 3940 ·
1780 3920 1818 3946 ¹²
1852 3907 2006 3974 Leges
2027 3906 2378 3973 decemvirales,
2419 3914 2596 3976 quibus
2614 3913 2777 3963 tablis

1714 3983 1960 4039 detodeeim
1991 3993 2064 4038 est
2081 3987 2273 4050 nomen]
2309 3988 2447 4040 Quid
2471 4002 2610 4052 opus
2647 4003 2774 4037 nune

1715 4065 1987 4114 duodecim
2013 4064 2218 4113 tabulas
2239 4073 2402 4126 opera
2417 4064 2643 4127 jussuve
2663 4078 2775 4112 con·

1715 4144 1883 4194 sulum
1921 4143 2094 4191 denuo
2153 4143 2391 4207 proponi,
2444 4156 2564 4190 cnm
2603 4141 2773 4190 decen

1717 4221 1902 4284 primae
1927 4217 2117 4268 tabula·
2141 4233 2172 4264 a
2196 4217 2509 4267 decemviris
2542 4214 2661 4265 anni
2684 4217 2776 4277 pri·

1717 4297 1808 4353 mi,
1833 4298 1949 4346 dnae
1980 4300 2258 4360 postremae
2281 4308 2313 4343 a
2331 4291 2642 4344 decemviris
2664 4291 2771 4340 ami
