3034 4925
1113 411 1562 468 nrs'rontoAE.
2311 401 2442 467 149

258 559 410 652 'Ulpii
434 570 664 651 Trajani
693 581 755 631 et
785 571 876 631 M.
904 571 1076 631 Aemi
1102 571 1468 631 Glabrioni..
1532 570 1888 650 Spectacula
1908 570 2223 651 epuloque.
2265 569 2440 633 Mum

255 671 475 729 acubus
519 669 824 728 venenatis
871 668 1089 728 necati.
1174 661 1469 729 Antonius
1517 686 1680 747 proc.
1720 667 2082 741 Germaniae,
2111 689 2216 730 res
2257 689 2442 730 novas

258 766 520 837 moliens,
566 785 602 825 a
633 767 701 827 L.
748 765 1012 826 Maximo
1049 765 1306 827 occisus.
1390 768 1644 827 91-107.
1690 766 1952 827 Pacorus
1986 785 2069 827 11.
2140 769 2242 827 93.
2282 766 2445 826 Mors

257 862 565 941 Agricolae.
630 864 729 923 94.
777 862 1100 942 Epictetus.
1172 863 1288 923 Dio
1310 863 1788 943 Chrysostomus.
1860 866 1962 925 95.
2007 866 2273 924 Censura
2319 866 2444 925 Do·-

258 960 491 1020 mitiani.
564 958 908 1040 Philosophi
939 955 1131 1019 Roma
1158 960 1333 1040 pulsi,
1356 972 1419 1020 et
1444 959 1686 1040 quidam
1705 961 2022 1034 interemti,
2047 962 2104 1020 in
2138 963 2232 1023 bis
2262 963 2445 1023 Stoici

260 1057 537 1125 Rusticus
569 1058 864 1119 Arulenus
891 1068 953 1118 et
985 1058 1325 1118 Herennius
1353 1056 1625 1139 Senecio.
1711 1058 2017 1140 Supplicia
2054 1059 2130 1119 de
2162 1059 2448 1120 Christia-

259 1155 365 1227 nis,
393 1156 462 1214 Τ.
496 1155 700 1217 Flavio
730 1156 1038 1215 Clemente
1066 1175 1193 1215 cos.
1223 1156 1548 1215 Glabrione
1570 1155 1886 1228 consulari,
1915 1156 2096 1235 quiin
2122 1156 2358 1216 Albano
2388 1168 2449 1218 et

258 1252 641 1313 Juvenalibus
685 1273 819 1313 cum
870 1251 1043 1313 leone
1078 1263 1470 1333 pugnaverat,
1511 1253 1942 1333 EpaphroditO,
1981 1263 2043 1312 et
2071 1252 2202 1312 aliis
2234 1263 2447 1313 sumta.

260 1350 352 1407 96.
381 1349 730 1428 Conjuratio
757 1349 1036 1409 Domitiae
1057 1350 1371 1429 Augustoe,
1396 1348 1720 1423 Parthenii,
1747 1350 2132 1429 aliorumque.
2204 1350 2451 1429 Apollo·-

259 1446 759 1527 nius,'l‘yanensis,
783 1447 1003 1527 Ephesi
1017 1448 1396 1528 ‘praesagiens
1424 1457 1674 1509 mortem
1697 1448 1952 1528 tyranni.
2026 1446 2250 1507 Statius
2277 1449 2454 1527 po’eta

262 1544 399 1604 obit.
2136 1537 2145 1546 ’

777 1693 990 1752 96-98.
1040 1691 1136 1752 Μ.
1169 1692 1386 1772 Ulpius
1418 1694 1690 1755 Cocceius
1722 1694 1934 1754 Nerva.

337 1822 432 1881 96.
475 1822 779 1883 Beneficia
806 1825 1170 1902 superiorum
1212 1823 1550 1904 Principum
1592 1824 1785 1884 edicto
1815 1823 2200 1890 confirmataz
2250 1831 2311 1882 et
2347 1822 2456 1883 ali-

264 1931 455 1979 menta
494 1920 695 2000 pueris
730 1920 1063 2000 puellisque
1096 1939 1201 2001 per
1247 1921 1478 1979 Italiam
1523 1919 1874 1981 constituta.
1954 1919 2185 1979 Praetor
2213 1918 2456 1979 fiscalis.

266 2016 359 2076 9'7.
401 2016 467 2077 L.
498 2017 815 2097 Verginius
865 2019 1063 2078 Rufus
1105 2038 1231 2078 cos.
1257 2019 1588 2098 conjuratio
1638 2016 1944 2097 Calpurnii
1991 2016 2211 2075 Crassi.
2295 2015 2457 2074 Prae·
2512 2037 2519 2038 ff

266 2115 467 2175 toriani
521 2115 948 2175 tumultuantes
1007 2126 1247 2175 auctore
1307 2116 1589 2195 Casperio
1647 2113 1882 2173 AEliano
1933 2112 2102 2193 praef.
2174 2112 2457 2193 Sulpicia.

268 2211 361 2270 98.
399 2212 647 2272 Tacitus
670 2232 795 2273 cos.
820 2211 954 2273 suff.
1043 2212 1332 2293 Trajanus
1361 2213 1702 2293 adoptatus.

742 2405 992 2465 98-117.
1038 2403 1134 2465 Μ.
1173 2403 1391 2484 Ulpius
1418 2403 1614 2465 Nerva
1644 2403 1959 2484 Trqy‘amce.

347 2537 481 2595 100.
526 2535 667 2596 Sex.
692 2535 892 2596 Julius
924 2534 1242 2596 Frontinus
1279 2554 1401 2595 cos.
1430 2533 1764 2594 Javolenus
1797 2534 2036 2594 Priscus
2063 2532 2180 2593 JC.
2209 2552 2283 2591 ex
2311 2549 2463 2611 proe-

270 2641 393 2693 tura
435 2632 657 2693 deinde
703 2635 890 2715 Syriae
932 2643 994 2695 et
1035 2632 1253 2695 Afriooe
1298 2631 1675 2711 praepositus.
1762 2630 2039 2690 Neratius
2075 2629 2316 2689 Priscus
2347 2627 2461 2686 JC.

271 2728 515 2810 Trajano
547 2732 940 2811 gratissimus,
962 2742 1023 2792 et
1068 2749 1380 2791 successor
1408 2726 1733 2807 aliquando
1766 2716 2125 2788 destinatus.
2197 2725 2465 2785 AElianus

271 2827 566 2890 Tacticus.
625 2828 801 2888 Philo
822 2828 1133 2889 Bibiensis.
1178 2824 1714 2887 Sanchoniathon?
1763 2828 2051 2888 loo-105.
2082 2825 2301 2886 bellum
2330 2843 2465 2884 cum

275 2923 573 2987 Decebalo
613 2936 847 3005 gestum
875 2945 913 2985 a
938 2926 1195 3006 Trajano
1226 2924 1470 3005 ejusque
1499 2923 1715 3003 legatis
1742 2924 1924 2984 Lusio
1953 2924 2196 2997 Quieto,
2225 2922 2292 2981 L.
2323 2921 2470 2981 Lici·

276 3022 364 3083 nio
391 3024 569 3097 Sura,
598 3024 853 3085 Claudio
883 3023 1127 3084 Liviano
1155 3024 1325 3103 praef.
1360 3031 1533 3102 praet.
1579 3032 1639 3081 et
1676 3021 1964 3101 Longino.
2058 3024 2193 3081 102.
2237 3019 2468 3079 Plinius

269 3117 456 3197 junior
485 3140 614 3203 cos.
644 3120 774 3181 suff.
851 3123 988 3181 104.
1030 3120 1343 3181 Danubius
1374 3140 1412 3180 a
1435 3119 1693 3199 Trajano
1721 3119 1971 3198 junctus
1997 3132 2181 3198 ponte
2208 3117 2468 3197 lapideo.

284 3218 412 3278 105.
457 3219 627 3278 Mors
659 3219 965 3291 Decebali,
997 3219 1188 3279 Dacia
1223 3218 1523 3298 provincia
1561 3218 1739 3278 Rom.
1776 3230 1837 3277 et
1865 3217 2083 3277 Arabia
2125 3216 2357 3275 Petraea
2394 3215 2468 3273 ab

279 3313 348 3372 A.
377 3315 656 3376 Cornelio
686 3316 894 3376 Palma
918 3317 1039 3396 leg.
1071 3336 1232 3396 proc.
1263 3317 1449 3397 Syriae
1481 3324 1846 3396 expugnata.
1934 3317 2069 3374 107.
2113 3309 2472 3393 Spectacula

283 3429 535 3474 cxxnl.
557 3413 806 3473 dierum.
877 3413 1140 3473 Paludes
1166 3413 1454 3473 Pomtinoe
1484 3411 1781 3491 lapidibus
1815 3421 2036 3472 stratae.
2083 3407 2472 3475 Bibliotheca,

281 3506 485 3583 forum,
510 3510 753 3583 odeum,
775 3511 1167 3592 gymnasium,
1186 3519 1245 3570 et
1265 3511 1481 3588 ingens
1512 3518 1712 3569 statua
1730 3508 1987 3588 Trajani,
2010 3508 2085 3567 ab
2109 3502 2473 3584 Apollodoro

284 3616 579 3667 exstructa
604 3627 619 3666 ε
663 3617 1003 3686 statuaeque
1029 3608 1105 3665 ab
1138 3627 1211 3667 eo
1241 3604 1447 3665 amicis
1476 3605 1597 3664 suis
1625 3605 1855 3684 positae,
1897 3603 2142 3674 Palmae,
2173 3602 2363 3669 Surae,
2398 3598 2472 3657 C.

195 3736 198 3737 ⁷
286 3703 470 3778 Sosio,
499 3704 570 3767 L.
597 3705 799 3766 Cels0.
867 3704 1155 3765 107-134.
1201 3703 1481 3763 Cosroes.
1522 3696 1769 3777 (osroes
1786 3700 1838 3776 2)
1885 3703 2018 3760 110.
2054 3700 2126 3760 C.
2158 3695 2473 3757 Suetonius

285 3801 676 3882 Tranquillus.
699 3803 822 3863 Jul.
851 3801 1250 3884 Obsequensl
1324 3802 1461 3861 114.
1504 3798 1795 3877 Trajanus
1826 3817 1863 3857 a
1896 3808 2110 3856 senatu
2147 3792 2478 3876 appellatus

281 3899 556 3978 Optimus
587 3911 646 3961 et
676 3900 1010 3961 Parthicus.
1101 3896 1388 3960 114-117.
1427 3894 1852 3978 Expeditiones
1874 3888 2002 3973 ejus
2029 3894 2088 3953 in
2118 3890 2476 3963 Armeniam,

287 4015 416 4075 quse
443 3997 884 4071 Parthamasiri,
909 3998 970 4057 in
1014 3997 1384 4070 Adiabenen,
1413 4010 1549 4076 quae
1584 3990 1926 4074 Mebarsapi
1962 3990 2222 4070 eripitur,
2253 3988 2312 4047 in
2345 3988 2476 4047 Me-

225 4138 230 4145 .
288 4096 691 4171 sopotatniam,
746 4094 1072 4166 Parthiam,
1116 4093 1282 4173 quod
1323 4110 1571 4173 regnum
1621 4090 2135 4170 Parthamaspatae
2180 4088 2376 4156 datur,
2415 4086 2476 4143 iu

292 4190 588 4266 Arabiam,
612 4203 729 4254 cet.
786 4192 1101 4252 Antiochia
1133 4191 1364 4270 aliaque
1393 4189 1619 4269 oppida
1643 4188 1870 4267 ingenti
1899 4199 2069 4248 terrae
2098 4197 2260 4247 motu
2292 4181 2476 4242 afflic-

293 4295 369 4346 ta.
453 4290 726 4352 Deiectio
753 4290 1184 4370 provinciarum
1211 4290 1270 4349 in
1300 4289 1562 4348 Oriente.
1651 4286 1788 4349 116.
1835 4285 2102 4366 Ignatius
2132 4284 2275 4346 obit.
2361 4279 2478 4337 Pa-
