3034 4925
2302 374 2435 447 645

243 536 431 620 istud
488 536 836 621 imperium
890 542 1017 614 est,
1077 536 1458 613 decemviri,
1523 537 1704 621 quod
1761 538 2056 622 amplexi
2107 543 2339 607 tenetis
2354 542 2433 606 ‘tf

241 641 479 706 Tectis
507 660 587 705 ac
620 640 989 723 parietibus
1009 639 1167 724 jura
1214 639 1455 705 dicturi
1481 641 1688 705 estis‘!
1757 640 1917 705 Non
1957 643 2188 726 pudet,
2233 644 2430 711 licto-

241 764 397 807 rum
441 749 804 807 vestrorum
848 741 1158 827 majorem
1204 762 1414 826 prope
1458 762 1796 808 numerum
1827 744 1897 807 in
1924 743 2073 809 foro
2105 747 2432 830 conspici,

241 866 449 929 quam
484 850 854 928 togatorum
884 846 1192 909 aliorum?
1220 845 1269 885 ¹⁸
1318 845 1531 925 Quid,
1563 846 1624 909 si
1648 845 1872 911 hostes
1915 846 2002 910 ad
2033 845 2283 912 Urbem
2314 869 2432 914 ve-

239 948 451 1021 niant,
478 947 720 1011 facturi
746 947 952 1011 estis?
1000 946 1184 1031 quid,
1231 948 1290 1010 si
1322 947 1513 1029 plebs
1544 966 1730 1024 mox,
1781 949 1894 1012 ubi
1933 968 2165 1032 parum
2208 970 2431 1017 seces·

241 1049 439 1112 sione
479 1068 887 1127 moveamur,
936 1056 1194 1114 armata
1232 1050 1510 1114 veniat?
1575 1049 1930 1114 Occasnne
1980 1051 2180 1117 Urbis
2227 1054 2431 1118 vultis

237 1150 438 1215 finire
482 1152 875 1234 imperium?
938 1141 1151 1235 Atoui
1198 1159 1316 1216 aut
1360 1151 1551 1233 plebs
1594 1170 1728 1213 non
1779 1158 1886 1215 est
1936 1152 2267 1233 habenda,
2315 1158 2434 1220 aut

239 1252 537 1318 habendi
568 1259 726 1317 sunt
754 1253 1000 1317 tribuni
1044 1253 1283 1335 plebis.
1371 1252 1523 1317 Nos
1555 1252 1755 1318 citius
1794 1255 2196 1320 caruerimus
2228 1256 2433 1340 patri·

241 1354 376 1437 ciis
430 1356 949 1438 magistratibuS,
996 1375 1193 1439 quam
1242 1354 1343 1419 illi
1392 1356 1699 1439 plebeiiS.
1789 1356 2074 1422 Novam
2125 1358 2434 1441 inexper-

239 1462 517 1541 tamque
576 1478 725 1523 eam
783 1464 1181 1542 potestatem
1252 1459 1560 1541 eripuere
1633 1461 1945 1543 patribus
2009 1462 2276 1539 nostris,
2349 1480 2434 1524 ne

240 1567 499 1639 nunc,¹⁹
552 1560 904 1624 dulcedine
956 1561 1160 1625 semel
1212 1561 1416 1642 capti,
1471 1560 1686 1627 ferant
1742 1562 2224 1628 desideriumzv
2281 1582 2435 1628 cum

240 1662 614 1745 praesertim
666 1681 786 1726 nec
844 1682 969 1727 nos
1020 1667 1455 1745 temperemus
1508 1664 1825 1748 imperiiS,
1887 1684 2023 1748 quo
2069 1666 2288 1729 minus
2337 1665 2439 1730 illi

244 1765 488 1828 auxilii
545 1764 869 1847 egeantssae
954 1764 1128 1830 Cum
1178 1766 1326 1830 haec
1373 1785 1461 1830 ex
1516 1769 1695 1830 omni
1751 1774 1944 1862 parte
1990 1767 2436 1850 jactarentur,

241 1866 415 1930 victi
465 1886 786 1931 consensu
830 1867 1213 1943 decemviri,
1242 1861 1501 1931 futuros
1532 1868 1653 1944 sest
1683 1868 1951 1951 quando
1981 1871 2079 1933 ita
2110 1868 2435 1946 videatur,

242 1968 313 2031 in
346 1974 684 2050 potestate
730 1969 1013 2034 Patrum
1060 1967 1415 2033 affirmant.
1505 1971 1586 2035 Id
1630 1970 1833 2054 modo
1879 1970 2080 2033 simul
2121 1975 2304 2034 orant
2354 1990 2436 2034 ac

242 2077 560 2147 monent,‘¹
587 2078 663 2134 ut
690 2072 866 2153 ipsis
895 2072 984 2135 ab
1011 2069 1267 2134 invidia
1297 2077 1648 2135 caveatur:
1695 2089 1817 2134 nec
1851 2088 1976 2134 suo
2008 2071 2323 2154 sanguine
2348 2071 2437 2134 ad

206 2215 219 2226 -
243 2171 583 2253 supplicia
612 2171 889 2236 Patrum
917 2169 1182 2256 plebem
1213 2171 1690 2235 assuefaciant.

330 2272 441 2336 53.
482 2274 661 2337 Tum
689 2273 1003 2339 Valerius
1034 2273 1529 2357 Horatiusque,
1571 2274 1761 2339 missi
1791 2273 1879 2338 ad
1909 2274 2172 2357 plebem
2201 2273 2436 2339 condi-

985 391 1131 438 us.
1180 390 1295 440 ιιι.
1342 390 1504 440 οΑΡ.
1544 377 1652 443 53.

294 2451 331 2498 f
370 2454 466 2505 Gai
486 2455 730 2507 retinendo
746 2454 982 2506 obstinate
995 2456 1255 2506 iahoeretis.

308 2528 337 2563 δ’
377 2521 443 2569 Et
462 2536 547 2569 nos
565 2521 759 2582 patricii
788 2537 878 2571 non
901 2522 974 2570 ita
995 2522 1127 2571 nobis
1158 2527 1463 2584 temperemus
1483 2522 1538 2572 in
1556 2521 1948 2572 administrandis
1964 2520 2168 2587 publicis
2187 2519 2442 2584 dignitati·

239 2583 347 2638 bus,
365 2589 420 2632 at
437 2585 608 2647 plebeii
628 2600 719 2633 nou
739 2586 989 2646 indigeant
1010 2601 1094 2648 ope
1114 2585 1430 2635 tribunorum.
1742 2584 1748 2590 ’

309 2645 338 2679 ¹⁸
370 2648 575 2699 Senatus
596 2650 794 2699 arbitrio
815 2665 865 2701 se
883 2650 1334 2714 statur-omnuim
1352 2652 1764 2715 obtemperaturos.

1161 2779 1526 2800 ”OWWOO

237 2874 437 2923 Bauer.
473 2878 728 2925 maturos.
793 2873 913 2925 vid.
940 2873 1070 2925 Not.
1085 2875 1342 2925 Var.-17
1379 2875 1485 2927 Alii
1510 2879 1693 2942 legunt
1719 2876 2139 2928 Facultatum—18
2171 2876 2443 2927 ‘Alimon-

235 2951 332 3001 qae
355 2936 492 2987 Edd.
512 2946 631 2988 ante
654 2939 878 2988 Froben.
913 2953 975 2989 ac
996 2940 1183 2990 deinde
1222 2947 1340 3004 post
1374 2943 1554 3006 Sigon.
1590 2958 1769 2995 omnes
1810 2952 2009 3013 proeter
2046 2943 2276 2993 Crevier.
2314 2943 2441 2995 item

240 3003 355 3052 Ms.
377 3002 575 3078 Veitb?
608 3003 927 3054 Stroth—19
958 3005 1082 3055 vid.
1105 3007 1153 3056 N
1160 3012 1230 3056 ot.
1253 3006 1381 3056 Var.

1236 3151 1452 3202 No'rAE

306 3250 334 3285 Ρ
372 3245 446 3293 Ne
471 3259 611 3308 nanc,
631 3247 875 3298 dulcedine
897 3249 1037 3297 semel
1057 3248 1202 3312 capti,
1221 3250 1304 3308 se-

237 3325 360 3368 rant
378 3320 684 3385 desiderium]
718 3323 835 3372 Non
860 3324 1060 3387 vulgari
1093 3324 1184 3375 sed
1211 3326 1304 3375 La-

237 3395 355 3444 tina
379 3402 551 3444 tamen
571 3394 737 3444 forma
754 3411 813 3445 ne
830 3398 983 3452 dixit,
1003 3411 1097 3460 pro
1118 3401 1304 3448 nedum
1337 3428 1344 3433 ·

239 3470 377 3519 Vult
412 3472 545 3519 enim
587 3479 790 3520 tantum
835 3472 1017 3520 abesse
1058 3477 1118 3520 ut
1158 3474 1305 3534 plebs

241 3547 540 3596 tribuniciae
585 3549 861 3611 potestatis
898 3549 1009 3611 jam
1053 3556 1306 3611 expertae‚

241 3629 303 3673 et
346 3623 492 3687 cuius
524 3624 795 3675 dulcedine
836 3625 1060 3688 capitur,
1100 3625 1306 3675 deside-

242 3698 378 3747 rium
432 3698 571 3749 ferre
627 3701 795 3763 possit
847 3700 1204 3763 imposterum,
1247 3708 1306 3753 ut

242 3788 344 3823 nee
367 3775 595 3837 potuerit
626 3783 783 3827 antea
812 3774 1054 3838 impediri
1078 3790 1179 3840 quo
1212 3778 1307 3827 mi·-

241 3865 343 3901 nus
387 3853 612 3905 nondam
656 3853 916 3917 cognitam
966 3859 1305 3916 extorqueret

243 3926 482 3976 Senatui.
550 3929 720 3983 Quum¹
741 3929 1049 3981 senteutiam
1073 3929 1304 3983 Gronov.

244 4002 496 4053 observat
529 4019 560 4052 a
593 4005 739 4055 Livio
772 4019 1074 4069 expressam
1104 4019 1218 4057 esse
1239 4020 1306 4057 ex

242 4078 502 4131 Cicerone
533 4080 624 4130 lib.
640 4094 729 4131 111.
751 4081 828 4131 de·
853 4080 1113 4145 Legibus:
1144 4081 1305 4131 ‘Serr-

243 4154 316 4204 oit
338 4156 478 4207 euim
499 4155 680 4206 deberi
713 4172 818 4209 non
849 4172 1005 4223 posse
1037 4155 1157 4207 huic
1179 4157 1305 4209 eivi-

245 4229 349 4280 tati
381 4230 522 4282 illam
558 4239 899 4296 potestatem:
933 4232 1127 4299 quippe
1149 4247 1304 4300 quam

1386 3255 1664 3314 tantopere
1707 3250 1928 3314 populus
1984 3254 2162 3298 noster
2216 3247 2442 3311 ignotam

1385 3327 1685 3389 expetisset,
1717 3328 1803 3390 qui
1845 3332 2021 3391 posset
2049 3337 2230 3373 carere
2268 3324 2445 3387 cogni-

1386 3410 1441 3451 ta
1458 3403 1493 3450 ?’

1450 3485 1475 3519 ²¹
1507 3478 1666 3526 Siml
1706 3481 1845 3524 orant
1888 3491 1944 3524 ae
1985 3474 2196 3536 monent]
2246 3469 2443 3520 Eodem

1388 3558 1622 3613 tempore
1644 3566 1745 3614 quo
1767 3551 2074 3614 promittunt
2095 3563 2152 3597 se
2176 3545 2444 3596 abdicatu-

1387 3640 1492 3687 τοῦ,
1509 3626 1644 3677 hanc
1667 3627 1837 3688 legem
1867 3624 2133 3686 adjiciunt,
2157 3628 2213 3671 et
2233 3627 2444 3669 orantes

1386 3714 1477 3753 sua
1517 3701 1766 3763 ipsorum,
1809 3706 1866 3749 et
1907 3706 2177 3749 monentes
2219 3695 2444 3746 omnium

1387 3776 1720 3839 patriciorum
1761 3789 1936 3835 causa,
1973 3780 2034 3823 ut
2077 3775 2130 3822 in
2170 3769 2446 3821 concordia

1386 3852 1617 3907 ineunda
1645 3852 1822 3905 cautio
1855 3852 2229 3914 interponatur,
2253 3861 2355 3912 qna
2386 3851 2444 3895 et

1385 3928 1485 3991 ipsi
1505 3942 1664 3993 nuuc,
1687 3935 1742 3977 et
1775 3926 1902 3977 ordo
1932 3925 2201 3975 universus
2225 3925 2282 3973 in
2301 3923 2443 3973 futu·

1385 4019 1498 4057 rum
1523 4019 1557 4055 a
1577 4003 1896 4069 plebeiorum
1930 4000 2049 4050 odio
2077 4008 2234 4065 atque
2255 4000 2445 4064 injuria

1386 4081 1487 4135 tuti
1520 4082 1661 4135 εἰπε
1702 4080 1893 4145 alioqui
1925 4093 2072 4131 suum
2103 4079 2320 4130 exitium
2353 4093 2442 4128 ex·

1385 4160 1558 4225 emplo
1579 4159 1825 4213 adversus
1847 4157 2073 4223 reliquos
2095 4155 2344 4211 futurum.
