3034 4925
1609 387 1715 453 58.
2345 387 2478 455 669

248 557 503 617 καθ’
594 549 783 626 Sunt,
815 548 929 632 qui
965 546 1167 631 jussu
1214 547 1625 613 tribunorum
1665 546 1903 614 aediles
1934 546 2198 613 functos
2227 567 2308 613 eo
2330 548 2476 612 ⁴mi-

250 656 553 718 nisterio
584 652 900 718 scribant.

286 781 292 794 ·
359 756 478 821 5&
515 756 597 822 C.
627 753 973 832 ClaudiuS,
1001 752 1174 840 (qui,
1202 772 1483 839 perosus
1531 754 2051 820 decemvirorum
2087 753 2373 832 scelera,
2394 761 2479 818 et

178 901 186 907 -
260 867 432 924 ante
461 878 690 921 omnes
730 856 951 922 fratris
997 856 1158 921 filii⁰
1198 856 1534 941 superbiae
1565 856 1880 935 infestuS,
1911 854 2278 938 Regillum,
2310 857 2480 920 anti-

179 970 184 974 ’
262 981 482 1048 quam
509 960 580 1024 in
613 960 953 1043 patriam,¹‘
996 977 1070 1053 se
1095 959 1527 1039 contulerat)
1555 960 1616 1023 is
1645 979 1886 1044 magno
1906 960 2054 1044 jam'
2082 966 2283 1035 natu:
2327 969 2478 1024 cum

264 1063 369 1127 ad
413 1061 713 1146 pericula
754 1061 901 1146 ejus
946 1061 1370 1145 deprecanda
1412 1061 1725 1140 redisset,
1756 1064 2155 1149 cujusvitia
2196 1061 2481 1143 fugerat,

267 1163 662 1229 sordidatus
702 1184 857 1228 cum
879 1166 1261 1247 gentilibus
1308 1165 1792 1249 clientibusque
1836 1166 1905 1229 in
1941 1166 2088 1230 foro
2127 1164 2483 1248 prensabat

269 1265 621 1349 singulos3
667 1266 1055 1351 orabatque,
1086 1271 1108 1301 ‘
1141 1267 1252 1332 Ne
1273 1266 1585 1332 'Claudiae
1614 1268 1798 1351 genti
1824 1287 1973 1332 eam
1991 1267 2295 1331 inustam
2341 1284 2485 1329 ma-

271 1369 503 1433 culam
544 1368 824 1446 vellent,
847 1376 927 1432 ut
971 1377 1233 1435 carcere
1278 1373 1345 1434 et
1381 1370 1673 1434 vinculis
1716 1371 2093 1435 viderentur
2120 1368 2299 1451 digni
2318 1378 2342 1432 2'
2381 1367 2483 1432 vi-

270 1476 508 1548 rum,¹²
536 1470 1068 1537 honoratissimae
1095 1472 1413 1554 imaginis
1442 1471 1740 1537 futurum
1767 1472 1853 1538 ad
1882 1478 2234 1558 posteroS,t
2258 1471 2483 1552 legum

271 1573 560 1637 latorem
605 1572 1152 1658 conditoremque
1183 1574 1480 1640 Romani
1509 1573 1708 1659 juris,
1734 1574 1964 1660 jacere
1995 1576 2291 1639 vinctum
2313 1574 2483 1637 iuter

270 1674 463 1739 fures
505 1683 864 1740 nocturnos
908 1695 989 1741 ac
1032 1677 1352 1745 latrones.
1442 1676 1841 1743 Averterent
1872 1679 1959 1742 ab
1989 1678 2088 1741 ira
2121 1694 2482 1760 parumper

278 1777 373 1843 ad
422 1778 864 1859 cognitionem
911 1779 1519 1865 cogitationemque
1562 1782 1856 1847 animos:
1907 1788 1974 1846 et
2013 1780 2240 1863 potius
2264 1793 2483 1842 'unum

208 1902 212 1905 ’
276 1887 387 1945 tot
407 1878 714 1944 Claudiis
745 1880 1257 1964 deprecantibus
1281 1883 1759 1963 condonarent,
1783 1903 1982 1968 quam
2005 1889 2269 1966 propter
2293 1881 2485 1946 unius

280 1981 519 2047 odium·
559 1984 913 2048 multorum
959 2004 1200 2067 preces
1229 1994 1759 2069 aspernarentur.
1848 1986 1937 2050 Se
1965 2001 2229 2065 quoque
2258 1982 2329 2045 id
2374 2001 2486 2063 ge-

278 2086 428 2149 neri
472 2085 840 2149 ac·nomini
887 2084 1068 2162 dare,
1097 2104 1224 2151 nec
1269 2106 1419 2151 cum
1457 2087 1639 2151 eoin
1669 2086 1950 2168 gratiam
1977 2082 2263 2158 redisse,
2292 2080 2486 2163 cujus

284 2187 590 2254 adversae
636 2186 922 2253 fortunae
969 2189 1587 2254 velit'succursum.
1675 2186 1942 2254 Virtute
1980 2185 2346 2250 libertatem
2388 2202 2486 2246 re·

260 2298 675 2375 cuperatam
727 2310 912 2356 esse:
915 2287 924 2298 ’
971 2291 1327 2358 clementia
1378 2292 1829 2358 concordiam:
1853 2288 2157 2355 ordinum
2203 2283 2486 2350 stabiliri

1043 383 1191 453 mni
1239 391 1355 454 iu.
1400 404 1566 452 cAP.

354 2457 374 2485 ⁸
406 2452 522 2504 Jum
543 2456 679 2505 valde
695 2460 917 2534 provecta
936 2460 1095 2507 oetute.

305 2535 313 2543 ·
352 2517 370 2549 ²
398 2517 595 2576 Vtram,
637 2521 772 2582 qu'us
810 2523 972 2585 imago
1013 2524 1068 2571 in
1107 2526 1352 2572 stemmate
1399 2521 1614 2571 Claudiae
1649 2519 1813 2584 gentis
1843 2517 2017 2579 futuru
2048 2518 2170 2597 esset
2199 2508 2413 2576 posteris
2424 2507 2490 2556 in

282 2583 493 2631 maximo
510 2584 699 2635 honore·

1211 2679 1571 2701 OOOOOOOOOOOO

287 2766 416 2812 —11
453 2763 598 2829 conj.
620 2765 840 2829 Rupert.
861 2772 1179 2830 reposita-unt.

1279 2898 1328 2948 N
1337 2897 1496 2949 07*AE

290 2992 508 3042 secundi
571 2996 907 3067 promulgate
979 2992 1220 3059 fuissent,
1293 3001 1351 3045 ut

291 3078 501 3120 constat
525 3084 669 3142 exoc.
693 3074 774 3121 34.
822 3079 879 3121 et
915 3075 997 3122 87.
1032 3086 1201 3137 exque
1225 3073 1349 3122 Dio-

288 3159 405 3211 nys.
440 3151 675 3196 extremo
688 3147 777 3195 lib.
800 3161 857 3198 x.
926 3146 1038 3197 Has
1062 3157 1348 3212 postremas

289 3222 436 3286 leges
483 3239 514 3272 a
549 3224 852 3273 decemviris
886 3226 1218 3290 compositas,
1258 3233 1349 3276 aut

290 3300 452 3350 etiam
467 3302 777 3364 propositas,
793 3315 893 3350 nou
912 3309 1086 3352 tamen
1104 3318 1134 3352 a
1158 3304 1351 3369 populo

290 3377 675 3442 comprobatas,
691 3387 818 3443 puto
837 3396 852 3428 ι
876 3380 974 3430 nisi
993 3380 1140 3430 malis
1161 3390 1350 3433 nuuc-s
1373 3408 1376 3411 -

291 3453 607 3508 consulibus,
629 3468 730 3502 non
771 3464 831 3504 ut
865 3455 1227 3505 auctoritatem
1265 3469 1352 3504 ac-

290 3530 550 3593 ciperem,
571 3531 662 3579 sed
688 3537 745 3580 ut
767 3531 820 3579 in
837 3544 982 3580 usum
1006 3532 1351 3594 produceren-

291 3611 397 3670 tur,
420 3607 733 3670 propositas.
779 3605 1042 3654 Diodorus
1060 3607 1189 3661 vult,
1212 3604 1349 3669 qu'od

291 3683 475 3733 decem
532 3682 723 3732 tabulis
766 3681 967 3743 deerat,
1018 3681 1072 3730 id
1114 3681 1353 3731 consules

290 3758 634 3823 supplevisse,
668 3764 724 3807 et
765 3759 817 3806 in
855 3755 970 3806 foro
1009 3757 1354 3806 iuter-‘rostra

296 3842 420 3885 ante
435 3835 637 3885 ‘curiam
661 3832 952 3883 confixisse.

306 3918 311 3923 '
356 3921 383 3947 ¹¹
418 3913 484 3961 In‘
513 3926 582 3961 oes
617 3909 815 3973 incisus]
851 3909 981 3960 ΗΜ
1017 3907 1239 3959 maxime
1272 3918 1353 3958 re-

294 3997 452 4054 cepta
478 3989 653 4053 opinio
685 4003 751 4036 ex
786 3987 900 4037 Liv.
936 3987 1158 4049 Dionys.
1193 3986 1352 4036 Diod.

292 4066 397 4117 Sed
425 4065 738 4129 Pomponius
759 4064 812 4116 J.
848 4063 908 4113 C.
941 4063 1155 4112 eboreas
1191 4054 1354 4113 fuisse

294 4138 386 4193 ait*
408 4142 501 4192 lias
537 4142 763 4204 tabulas,
795 4154 885 4189 seu
918 4140 1062 4203 leges
1108 4138 1160 4188 iu
1195 4140 1354 4190 ebore

297 4218 545 4281 scriptas:
572 4217 659 4266 ubi
678 4222 797 4265 sunt
819 4216 905 4282 qui
930 4214 1144 4265 roboreus
1158 4216 1352 4279 legant.

297 4295 527 4346 Potuere
584 4294 823 4357 primum,
887 4293 1125 4356 exemplo
1152 4299 1156 4303 “
1180 4293 1352 4357 legum

1429 2995 1743 3052 Atticarum,
1788 2993 1949 3056 ligno,
2005 2995 2094 3041 aunt
2148 2987 2306 3039 etiarn
2343 2983 2487 3035 eburi

1429 3071 1699 3136 inscriptas
1758 3068 2105 3134 promulgari:
2176 3065 2264 3115 ubi
2317 3069 2487 3112 autem

1429 3150 1708 3213 publicatae
1731 3146 1962 3215 fuerunt,
1994 3138 2276 3195 aeternitati
2307 3154 2490 3192 conse-

1429 3227 1657 3289 cmndae,
1678 3231 1737 3276 ut
1768 3225 1819 3274 iu
1854 3221 2113 3275 communi
2147 3236 2207 3271 ac
2233 3218 2490 3283 perpetuo

1430 3319 1526 3353 usu
1551 3309 1746 3365 essent,
1768 3310 1889 3352 tunc
1912 3301 1964 3350 in
1986 3313 2056 3348 aes
2086 3296 2264 3347 incidi.
2330 3293 2491 3357 Apud

1432 3379 1747 3441 Dionysium
1783 3384 1957 3425 tamen
1994 3373 2084 3421 lib.
2120 3385 2172 3419 x.
2207 3370 2384 3432 primae
2414 3368 2492 3429 ip-

1425 3464 1505 3503 'sae
1533 3456 1713 3503 decem
1739 3452 1932 3500 tabulae
1955 3449 2009 3497 in
2032 3448 2294 3496 columnas
2327 3457 2491 3492 aereas

1432 3529 1611 3578 incisae
1658 3520 2024 3576 memorantur.
2094 3522 2350 3585 Huucque
2385 3524 2492 3567 m'o-

1435 3619 1543 3653 rem
1566 3603 1747 3662 fuisse,
1790 3607 1847 3649 ut
1881 3597 2335 3667 quemadmodum
2336 3596 2496 3644 Sena-

1432 3678 1768 3738 tuscousulta,
1793 3676 1868 3725 sic
1888 3676 2052 3739 leges,
2087 3672 2378 3736 plebiscita,
2398 3670 2494 3719 foe·

1432 3756 1578 3816 ders,
1603 3759 1885 3817 ceteraque
1924 3766 2181 3812 mansura,
2215 3750 2265 3797 iu
2300 3748 2492 3798 tabulis

1433 3834 1585 3883 aereis'
1607 3833 1980 3895 scriberentur,
2001 3845 2066 3879 ex
2083 3829 2197 3878 Cic.
2212 3827 2423 3891 Ovidio,
2438 3834 2494 3877 et

1434 3911 1547 3961 aliis
1571 3908 1784 3974 probari
1807 3914 1999 3972 potest.

1496 3994 1522 4020 ⁰
1556 3985 1754 4035 Fratris
1782 3982 1913 4048 filii]
1956 3981 2156 4031 Fratris
2208 3978 2369 4030 filius·
2397 3987 2494 4030 est.

1391 4055 1395 4058 ⁴
1435 4062 1573 4113 Gau,
1610 4063 1774 4111 Neveu
1791 4063 1855 4110 du
1874 4059 1981 4110 cate
1996 4063 2060 4109 du
2068 4060 2224 4119 frere.

1450 4161 1455 4165 ·
1499 4146 1526 4180 Ρ
1559 4137 1822 4202 Regillum,
1842 4136 2087 4200 antiquum
2106 4136 2160 4184 in
2174 4131 2408 4199 patriam]
2425 4132 2493 4182 V.

1433 4216 1470 4267 l.
1498 4228 1561 4266 ιι.
1579 4227 1626 4265 c.
1654 4218 1733 4264 16.
