3034 4925
1660 263 1690 295 ὀ

605 361 738 429 278
1169 397 1182 403 -
1557 376 1629 424 r.
1673 375 1866 424 mvn

606 529 797 590 rent:
853 523 988 592 fori
1048 522 1428 609 appellati.⁸
1511 522 1927 607 Spectavere
1979 519 2192 587 furcis
2208 517 2238 558 ὅ
2297 518 2652 586 duodenos
2682 519 2785 584 'ab

605 634 783 694 terra
808 629 1207 714 spectacula
1251 627 1390 692 alta
1430 626 1915 691 sustinentibus
1942 622 2198 708 pedes-⁸
2283 622 2651 689 Ludicrum
2674 622 2789 687 fuit

604 732 764 816 equi
819 731 1267 818 pugilesque:
1324 749 1418 795 ex
1470 728 1742 795 Etruria
1792 728 2090 794 maxime
2145 728 2376 795 acciti.
2463 727 2787 793 Solenues

605 834 842 900 deiude
888 836 1092 901 annui
1134 853 1436 901 mansere
1478 833 1650 912 ludi,
1679 832 1970 899 Romani
2002 831 2378 915 Magnique
2394 840 2419 870 ⁶
2466 831 2654 896 varie
2681 849 2786 913 ap-

605 937 880 1022 pellati..
947 934 1065 1003 Ab
1092 935 1325 1002 eodem
1351 955 1504 1020 rege
1535 942 1604 1002 et
1630 936 1811 1002 circa
1833 935 2055 1000 forum
2083 934 2368 1019 privatis
2396 932 2789 1002 aedificanda

602 1040 824 1108 divisa
849 1047 1004 1107 sunt
1028 1042 1218 1122 loca3
1263 1040 1558 1126 porticus
1587 1041 2023 1126 tabernaeque
2052 1038 2276 1104 factae.

684 1143 797 1210 36.
842 1143 1041 1211 Muto
1066 1165 1333 1232 quoque
1376 1144 1652 1230 lapideo
1666 1140 1697 1180 ‘¹
1739 1142 2156 1211 circumdare
2182 1140 2441 1206 Urbem
2479 1139 2785 1223 parabat,

602 1267 754 1313 cum
803 1248 1130 1315 Sabinum
1182 1248 1432 1314 bellum
1448 1254 1472 1284 ⁸
1515 1246 1774 1331 coeptis
1830 1244 2241 1311 intervenit!⁵
2321 1240 2660 1336 Adeoque
2712 1261 2787 1307 ea

602 1352 833 1419 subita
858 1373 970 1420 res
996 1354 1148 1434 fuit,
1176 1359 1253 1420 ut
1279 1353 1466 1438 prius
1492 1351 1824 1419 Anienem
1859 1350 2221 1418 transirent
2240 1345 2266 1387 ¹*
2299 1348 2557 1428 hostes,
2594 1366 2784 1433 quam

664 1573 685 1603 ‘
712 1571 886 1650 Fui-qis
913 1573 1255 1625 sustinentibus
1285 1572 1904 1645 etfqlcieutibnssediliae
1927 1569 2402 1637 mapsam,
2424 1566 2783 1634 quemi!

592 1637 1476 1770 μΐαιᾜιθαῠπιουᾚεκετῧῖω
1494 1719 1637 1755 ema
1655 1709 1704 1755 et
1721 1702 1942 1769 pugilatus
1960 1704 2233 1754 certamine.

1578 1866 1792 1921 Nom-2

656 1972 681 2000 ⁸
712 1965 831 2016 Feri
852 1966 1102 2033 appellati]
1134 1967 1255 2018 Fori
1290 1968 1499 2019 navium
1527 1974 1651 2018 sunt
1728 1967 1908 2031 Magni
1946 1966 2193 2032 denique,
2229 1963 2340 2015 sive
2379 1960 2521 2029 quod
2549 1959 2779 2012 maximis

590 2042 821 2094 tabulata
849 2058 968 2107 quae
999 2050 1321 2108 sternuntur,
1353 2059 1445 2094 seu
1478 2045 1652 2110 spatia
1725 2045 1977 2109 impensis
2018 2043 2228 2105 fierent,
2249 2041 2517 2108 (ducentis
2559 2039 2780 2090 millibus

590 2132 708 2182 quas
743 2119 845 2168 iter
891 2119 1129 2183 prebent
1169 2121 1649 2185 perambulantibus
1721 2120 2030 2188 nummum‚)
2067 2121 2178 2171 sive
2221 2118 2361 2186 quod
2405 2118 2608 2208 magnis
2657 2117 2777 2173 Diis,

590 2208 767 2258 naves,
788 2210 820 2245 a
839 2195 1054 2249 ferendo
1076 2197 1221 2256 dicti,
1242 2200 1379 2264 quod
1414 2200 1646 2251 incessus
1720 2199 1862 2256 Jovi,
1882 2199 2096 2256 Juuoui,
2116 2197 2375 2249 Minervae
2409 2196 2565 2247 sacri.
2633 2195 2781 2246 Cete-

587 2269 781 2324 feraut.
823 2273 912 2324 Sic
932 2276 1086 2324 etiam
1103 2290 1266 2326 vocau
1293 2291 1355 2327 ur
1374 2277 1543 2327 latera
1558 2291 1646 2327 na·
1720 2288 1834 2324 rum
1868 2275 2019 2326 initio
2040 2274 2285 2340 Gymnici
2307 2280 2512 2323 tantum
2537 2279 2713 2331 erant,
2732 2276 2782 2320 et

589 2348 727 2397 vium
750 2364 996 2408 concava,
1024 2368 1091 2403 ex
1126 2368 1188 2403 eo
1211 2369 1242 2418 q
1316 2352 1349 2402 d
1370 2352 1497 2404 foris
1521 2354 1646 2404 emi·
1722 2351 1877 2402 unico
1901 2352 1986 2401 die
2005 2365 2059 2401 v.
2093 2348 2236 2403 Idib.
2260 2347 2431 2414 April.
2452 2349 2781 2399 absolveban-

586 2433 766 2478 ueant.
831 2428 1027 2480 Eodem
1050 2432 1292 2500 exemplo
1314 2431 1435 2482 Fori
1468 2431 1523 2482 in
1545 2432 1644 2482 cir-
1718 2433 1821 2478 tur.
1886 2428 2083 2480 Postea
2113 2427 2317 2479 Sceuici
2364 2439 2571 2493 quoque
2615 2425 2778 2481 fuere,

585 2515 649 2552 co
663 2510 912 2554 vocantur
931 2506 1050 2556 loca
1066 2507 1477 2572 spectaculorum
1493 2512 1644 2566 cava,
1717 2514 1772 2557 et
1814 2509 1866 2559 in
1906 2511 2146 2571 alterum,
2171 2519 2234 2558 ac
2270 2507 2481 2558 tandem
2521 2509 2573 2557 iu
2609 2509 2776 2573 plures

582 2578 828 2629 cancellis
852 2580 1077 2630 invicem
1100 2589 1362 2645 separata.
1714 2584 1828 2637 dies
1851 2586 2111 2651 producti.
2176 2585 2251 2636 Hi
2275 2594 2450 2636 antem
2474 2585 2611 2636 Ludi
2636 2587 2776 2650 Mag·

646 2652 672 2687 ¹²
717 2654 1001 2718 Spectavere
1049 2658 1235 2725 furcis]
1297 2659 1413 2710 Hoc
1456 2660 1640 2726 priscis
1713 2661 1765 2709 ui
1790 2676 1820 2711 a
1845 2663 2142 2726 Megalesiis
2164 2667 2317 2712 eraut
2337 2661 2557 2726 diversi,
2576 2661 2650 2712 de
2671 2662 2775 2727 qui·

581 2731 822 2781 Romanis
864 2743 988 2784 aute
1027 2736 1360 2801 Tarquinium
1396 2738 1642 2789 attribuit
1714 2736 1808 2788 bus
1831 2740 2077 2792 suoloco.

579 2806 878 2872 Dionysius,
899 2811 1045 2874 quasi
1067 2823 1221 2863 antea
1242 2813 1450 2879 quidem
1473 2813 1637 2867 furcis
1773 2815 1799 2849 ‘¹
1831 2817 1978 2866 Maro
1996 2832 2174 2882 quoque
2192 2813 2402 2882 lapideo]
2438 2816 2597 2866 Nune
2622 2829 2683 2866 se
2712 2813 2772 2865 sd

575 2882 753 2933 innixa
795 2883 992 2937 fuerint
1027 2891 1366 2958 spectacula;
1407 2891 1498 2941 sed
1540 2894 1638 2945 hoc
1710 2891 1810 2942 bec
1852 2907 1980 2957 opus
2020 2893 2247 2946 accinxit
2279 2892 2593 2957 Tarquinius
2641 2891 2773 2943 Pris·

575 2963 812 3022 tempore
834 2976 865 3011 e
888 2965 1197 3028 porticibus,
1228 2967 1341 3031 jam
1366 2975 1474 3019 tum
1497 2985 1637 3022 com·
1709 2983 1821 3033 cus,
1855 2971 1994 3035 quod
2026 2978 2213 3036 postea
2238 2968 2495 3027 resumsit,
2520 2978 2576 3018 et
2607 2968 2652 3018 si
2675 2981 2770 3018 nou

576 3034 780 3086 modius
801 3047 1044 3102 spectare
1072 3044 1346 3105 eoeperint.
1708 3046 1917 3097 omniuo
1972 3047 2214 3112 perfecit,
2269 3047 2456 3097 saltem
2508 3059 2575 3094 ex
2627 3050 2769 3110 parte

638 3113 901 3165 ‘Romani
943 3118 1230 3183 Magnique]
1272 3121 1460 3189 Iidem,
1505 3125 1635 3176 licet
1707 3123 1897 3173 moenia
1918 3126 2180 3175 exstruxit
2198 3123 2466 3189 quadratis
2492 3121 2769 3185 lapidibus,

577 3186 731 3237 variis
776 3191 1065 3243 nominibus
1125 3198 1377 3261 appellati
1419 3198 1634 3252 diversis
1708 3213 1922 3264 quorum
1945 3200 2135 3265 singuli
2166 3200 2364 3265 justum
2400 3199 2625 3264 plaustri
2645 3209 2766 3247 onus

572 3276 641 3313 ex
689 3267 875 3317 causis.
957 3269 1217 3330 Circenses,
1262 3276 1341 3325 vel
1385 3291 1418 3326 a
1458 3277 1631 3345 Circe,
1705 3274 2072 3327 conficiebant.
2137 3276 2273 3327 Vide
2294 3274 2434 3325 iufra
2456 3290 2508 3325 c.
2530 3278 2616 3325 38.

571 3354 688 3404 qum
721 3344 945 3395 omnium
969 3348 1137 3411 prima
1167 3350 1363 3401 circum
1385 3352 1437 3403 iu
1472 3355 1632 3407 bono·
1768 3359 1792 3386 ⁸
1827 3352 1951 3403 Cum
1986 3353 2214 3404 &binum
2253 3351 2451 3415 bellun]
2509 3351 2763 3403 Octavam

569 3430 681 3468 rem
730 3419 861 3471 Solis
915 3423 1081 3487 patris
1133 3429 1489 3493 excogitavit3
1546 3434 1629 3483 vel
1702 3426 1804 3479 fuit
1825 3429 2000 3480 hocin
2023 3431 2245 3481 Sabinos
2265 3429 2479 3480 bellum.

487 3525 499 3534 -
569 3493 708 3558 qnod
745 3496 797 3546 in
819 3497 979 3562 circo,
1003 3507 1094 3550 aut
1115 3502 1252 3565 quod
1278 3504 1497 3557 circuitu
1538 3522 1629 3559 ex·
1768 3504 1800 3536 '⁵
1821 3505 1891 3557 A.
1915 3507 1987 3557 U.
2010 3508 2072 3557 C.
2091 3510 2204 3558 14⁷.

567 3570 892 3630 biberentur,
919 3589 1097 3626 eorum
1131 3578 1421 3632 imitatione
1454 3584 1541 3649 qui
1575 3599 1627 3635 a·
1767 3578 1791 3612 f
1817 3582 1971 3633 Prius
2011 3583 2240 3635 Anienem
2276 3582 2567 3647 1701857816
2615 3582 2757 3644 Ᾱῑῖθι

567 3647 678 3708 pud
700 3648 943 3702 Elidem
928 3667 981 3702 ιιι
1001 3652 1247 3705 bonorem
1270 3657 1420 3710 Jovis
1444 3661 1626 3725 Olym.
1698 3655 1946 3725 (Anienis,
1964 3674 2077 3710 raro
2093 3660 2342 3725 Anionis)
2356 3673 2549 3713 nomeu
2566 3670 2760 3710 estam·

566 3722 674 3787 pici
696 3726 1097 3781 celebrabantur
1118 3732 1182 3781 ad
1204 3732 1396 3800 Alpbei
1438 3737 1625 3805 ripam,
1699 3736 1778 3784 nis
1798 3738 2024 3789 omnium
2065 3739 2119 3788 in
2153 3738 2384 3789 Tiberim
2422 3736 2756 3788 defluentium

526 3812 531 3816 ·
566 3799 640 3848 ita
661 3810 881 3866 augusto
904 3808 1130 3867 tramite,
1152 3816 1213 3860 nt
1254 3812 1419 3862 altero
1457 3813 1626 3865 latere
1698 3813 2115 3878 celebratissimi,
2164 3816 2308 3881 cujus
2342 3830 2493 3882 aquae
2539 3814 2756 3879 frigidis·

563 3884 786 3936 urgente
820 3875 1048 3947 flumine,
1087 3886 1250 3937 altero
1289 3888 1472 3951 positis
1515 3892 1625 3955 gla·
1697 3889 1859 3957 simae,
1893 3892 2389 3959 limpidissimaeque,
2424 3907 2642 3943 amoenae
2679 3904 2756 3941 as·

563 3949 682 4010 diis,
702 3954 959 4021 utrimque
992 3969 1222 4023 praeseus
1253 3965 1574 4027 periculum
1559 3968 1622 4016 nis
1696 3977 1854 4030 pectu
1877 3978 2014 4033 suut,
2028 3976 2255 4035 potuque
2277 3983 2481 4021 suaves.
2529 3971 2596 4021 Iu
2620 3983 2753 4020 mou·

564 4024 855 4081 immineret
875 4034 962 4098 qui
997 4033 1232 4101 bigarum
1270 4052 1427 4090 cursu
1448 4049 1619 4093 certa·
1697 4050 1754 4094 te
1789 4046 2145 4099 Trebanorum
2186 4054 2348 4111 ortus,
2383 4060 2479 4110 per
2518 4045 2754 4107 Trebam,

524 4099 786 4190 ‚baut,ut
807 4106 883 4157 ait
901 4108 1048 4162 Serv.
1071 4127 1159 4163 ιιι.
1185 4115 1384 4181 Georg.
1441 4119 1618 4171 Roma-
1696 4121 2066 4188 Sublaqueum,
2105 4124 2308 4189 aliaque
2341 4122 2628 4188 AEquorum
2667 4135 2751 4185 ep·

564 4177 617 4226 ni
645 4192 768 4232 vero
799 4181 931 4235 dicti
953 4196 1093 4253 suut,
1124 4192 1260 4255 quod
1284 4192 1422 4245 iuter
1450 4196 1618 4246 solen-
1697 4197 1840 4262 pida,
1873 4197 1995 4251 iu'de
2029 4200 2247 4250 Sabinos
2269 4214 2301 4250 a
2324 4199 2590 4250 veteribus
2615 4196 2746 4249 Lati·

562 4253 654 4307 nes
676 4255 1023 4316 Romanorum
1054 4265 1202 4317 ludos
1237 4269 1614 4335 antiquissimi·
1698 4273 1777 4323 uis
1815 4273 1928 4325 fere
1973 4275 2358 4343 disterminaus,
2402 4276 2631 4328 salutato
2669 4273 2746 4324 ‘Pi-
