3034 4925
500 407 631 475 218

504 570 845 637 eminebat
872 566 942 632 in
973 582 1146 630 novo
1177 561 1453 646 populo,
1477 548 2048 644 pervenerantwb*
2092 546 2426 614 factiones
2445 539 2490 607 :¹
2532 542 2711 608 inter

507 674 777 739 ordines
834 662 1258 734 certabatur.¹‘
1348 662 1635 730 Oriundi
1689 661 1776 723 ab
1823 655 2115 731 Sabinis»,
2167 672 2274 728 ne,
2328 650 2493 733 quia
2544 650 2713 728 post

505 777 692 842 Tatii
722 780 999 840 mortem
1033 773 1120 837 ab
1154 790 1279 836 sua
1310 776 1503 853 parte
1538 786 1670 830 non
1698 767 1837 828 erat
1863 763 2232 842 regnatum,
2260 755 2327 818 in
2372 750 2714 816 societate

509 879 740 967 aequa¹
771 879 1268 966 possessiouem
1299 873 1564 958 imperii
1594 868 1998 942 amitterent,
2022 862 2124 927 sui
2156 857 2464 941 corporis
2495 849 2712 917 creari

1434 414 1504 462 Τ.
1555 410 1747 461 mvn

1431 1050 1801 1076 NOOOOCMOO

521 1222 528 1231 .
573 1189 641 1235 20
672 1184 687 1213 ‘
706 1184 922 1233 Necdum
941 1196 972 1230 α
993 1175 1442 1241 singulissactiones
1460 1173 1789 1236 pervenerant.
1853 1166 1944 1215 Ita
1960 1180 1990 1214 e
2008 1175 2176 1224 comp.
2198 1152 2460 1208 scribendi
2477 1151 2618 1200 male
2642 1149 2720 1196 in-

510 1251 727 1301 tellecto
753 1261 1025 1311 perperam
1052 1245 1152 1307 legi
1177 1257 1382 1305 semper
1405 1239 1585 1303 putavi
1611 1251 1704 1300 pro
1723 1235 2051 1298 provenerant,
2076 1229 2109 1276 i.
2133 1241 2180 1274 e.
2204 1229 2360 1275 natae,
2383 1227 2515 1268 ortae
2548 1220 2722 1269 erant,

509 1315 737 1366 nondum
763 1313 952 1377 singuli
976 1319 1126 1360 erant
1148 1308 1431 1357 factionum
1454 1310 1693 1352 auctores
1717 1315 1758 1347 s.
1782 1297 1972 1360 capita.
2039 1293 2197 1343 Nunc
2223 1287 2395 1345 video,
2431 1282 2571 1357 idem
2596 1293 2723 1328 cen-

510 1383 675 1431 suisse
714 1381 995 1438 Bauer-um,
1031 1376 1182 1443 eique
1220 1373 1377 1422 etiam
1411 1371 1589 1434 plures
1628 1368 1695 1415 ob
1726 1377 1906 1414 causas
1940 1354 2267 1422 displicuisse
2300 1348 2723 1422 emendationem

514 1445 727 1498 Graevii,
746 1445 977 1494 Gronov.
995 1441 1143 1489 unice
1169 1437 1440 1502 probatam
1460 1434 1688 1496 :necdum
1702 1431 1763 1479 ad
1775 1427 1989 1490 singulos
2007 1460 2022 1476 .
2042 1458 2054 1472 .
2072 1458 2084 1472 .
2108 1421 2386 1482 pervenerat
2397 1409 2724 1473 :factionibus

510 1513 548 1561 i·
568 1527 610 1562 e.
632 1508 934 1560 certabatur:
969 1507 1191 1570 Rupert.
1247 1502 1381 1551 Vide
1405 1501 1532 1550 Not.
1559 1496 1652 1546 inf.
1673 1501 1728 1546 et
1751 1495 1880 1544 Not.
1898 1493 2021 1540 Ver.
2057 1496 2070 1517 ‘
2091 1485 2431 1538 Perveneraut,
2450 1481 2499 1527 lt.
2517 1491 2563 1525 e·
2579 1488 2722 1550 com-

511 1584 713 1640 paratae
747 1577 854 1624 sive
889 1580 1087 1622 exortae
1119 1576 1301 1630 eraut3
1335 1564 1424 1616 sed
1452 1562 1601 1614 valde
1625 1560 1828 1620 dubito,
1848 1572 1911 1606 an
1934 1560 2076 1605 recte
2098 1553 2173 1601 sic
2197 1551 2400 1599 dicotur
2422 1542 2482 1591 τὸ
2502 1554 2723 1604 perveni-

514 1642 568 1690 re
580 1658 599 1699 ,·
633 1655 731 1689 nec
756 1647 927 1688 tamen
958 1651 1050 1699 pro
1069 1639 1381 1699 pervenerant
1413 1630 1654 1693 equidem
1690 1622 2026 1682 correxerim,
2057 1616 2402 1682 provenerant;
2436 1622 2552 1656 nam
2577 1607 2723 1654 locu-

516 1709 611 1767 tio,
645 1709 660 1734 ⁴
680 1704 842 1755 factio
863 1704 1034 1767 aliqua
1069 1699 1308 1764 provenit
1332 1698 1399 1748 ab
1423 1693 1631 1760 aliquo,’
1670 1691 1868 1754 pariter
1890 1683 2134 1751 loquendi
2156 1679 2269 1730 usui
2293 1680 2571 1747 repugnat:
2638 1667 2723 1718 Au

516 1770 740 1821 fortasse
781 1771 835 1819 in
885 1771 1198 1833 pervenerant
1235 1767 1385 1819 latet,
1414 1765 1601 1826 paratae
1639 1760 1814 1807 eraut?
1863 1754 1944 1802 vel
1988 1749 2152 1800 simile
2195 1743 2320 1810 quid
2340 1741 2373 1791 ?’
2416 1740 2725 1796 noer-ang.—

1505 1907 1557 1957 N
1566 1903 1723 1956 0⁹1·AE

517 2031 701 2080 novius
724 2028 970 2093 conjecit,
999 2041 1111 2077 cum
1137 2032 1292 2074 antea
1314 2023 1581 2087 legeretur

506 2109 666 2172 fides,·
705 2107 849 2171 qnod‘
879 2121 971 2154 cur
1007 2120 1107 2153 non
1136 2101 1417 2153 eliminarit
1440 2113 1469 2148 e
1498 2096 1580 2147 Li·

517 2184 624 2246 vio,
666 2197 769 2232 non
811 2182 1065 2245 intelligo,
1117 2195 1233 2230 cum
1277 2178 1471 2227 soloeca
1512 2174 1582 2222 sit

518 2262 706 2321 oratio,
744 2264 971 2323 quantum
987 2258 1118 2322 fides
1136 2256 1316 2317 fuerit.
1381 2252 1467 2301 Sic
1489 2252 1582 2302 Ju-

519 2337 714 2387 venalis
735 2336 843 2386 Sat.
866 2349 954 2384 ιιι.
976 2336 1088 2383 143.
1123 2335 1139 2362 ‘
1160 2333 1423 2384 Quantum
1446 2325 1582 2391 quis-

521 2430 625 2481 que
661 2430 749 2466 sua
782 2427 1105 2465 nummorum
1146 2414 1322 2459 servet
1354 2406 1406 2455 in
1444 2418 1584 2468 arca,

520 2493 741 2543 Tantum
766 2492 923 2541 lrabet
947 2498 1002 2539 et
1024 2486 1183 2538 fidei:
1214 2488 1268 2536 J.
1291 2484 1520 2535 Clericus.

585 2569 611 2603 ¹¹
644 2568 691 2618 A
731 2567 951 2629 singulis,
980 2570 1062 2629 850.
1092 2559 1426 2627 pervenerunt]
1464 2559 1585 2621 Lip-

521 2645 626 2694 sius
650 2660 716 2693 ex
742 2643 949 2707 optimis
965 2639 1227 2691 codicibus
1250 2637 1399 2700 legit,
1415 2648 1585 2698 perve-

521 2727 694 2771 nerant
723 2719 1017 2779 factionibus
1039 2735 1054 2765 .-
1112 2715 1249 2764 unde
1295 2713 1373 2762 illi
1430 2709 1584 2759 valde

522 2800 697 2863 placet
733 2798 1037 2859 conjectura
1072 2792 1233 2842 Geor.
1270 2788 1486 2847 Graevii,
1508 2786 1585 2835 sic

524 2874 871 2936 corrigentis:
904 2873 1101 2920 necdum
1120 2870 1184 2916 ud
1212 2867 1444 2928 singulos,
1475 2864 1585 2927 quia

521 2965 656 2999 nemo
676 2962 953 3009 magnopere
974 2944 1207 2994 eminebat
1226 2943 1277 2991 in
1305 2956 1423 2990 novo
1443 2955 1585 3003 popu-

525 3027 590 3088 lo,
625 3030 901 3087 pervenerat
939 3021 1201 3094 (intellige
1233 3024 1497 3067 certamen
1530 3021 1587 3065 et

527 3101 719 3164 cupido
739 3098 932 3163 regni):
952 3095 1248 3156 factionibus
1260 3093 1390 3142 inter
1402 3093 1592 3141 ordines

524 3178 812 3227 certabatur.
892 3176 1107 3230 Verum,
1130 3172 1170 3220 si
1191 3171 1305 3219 haec
1329 3168 1590 3218 sententia

526 3254 800 3318 probatur,
835 3251 959 3300 nihil
993 3256 1136 3299 vetat
1176 3246 1386 3296 retineri
1419 3246 1588 3309 plura·

525 3330 628 3378 lem
653 3342 941 3390 numerum,
962 3326 1014 3375 id
1040 3332 1140 3386 est,
1156 3327 1487 3387 pervenerant,
1510 3326 1588 3370 at-

529 3422 631 3471 que
656 3405 721 3455 ad
745 3412 1009 3455 certamen
1035 3408 1091 3451 et
1125 3398 1190 3448 ad
1214 3398 1357 3463 regni
1389 3397 1592 3460 cupidi-

526 3497 669 3546 nem,
715 3483 859 3530 velut
897 3477 963 3529 ad
1006 3478 1110 3527 duo
1143 3475 1345 3525 diversa
1386 3472 1589 3522 referri.

527 3561 661 3623 Ego,
681 3559 721 3608 si
744 3557 866 3622 quid
890 3554 1193 3605 mutandum
1215 3553 1302 3614 sit,
1323 3550 1497 3601 malim
1517 3549 1593 3597 le-

525 3636 736 3684 vissima
759 3633 1043 3683 mutatione
1069 3630 1297 3679 scribere
1320 3644 1352 3677 a
1371 3624 1591 3687 siugulis,

529 3715 613 3774 ἔμ’.
648 3713 957 3773 provenerunt
980 3706 1249 3767 sactiones.-
1276 3705 1351 3754 ita
1388 3710 1448 3752 ut
1477 3701 1593 3751 haec

529 3787 693 3836 fuerit
727 3786 858 3835 Livii
887 3798 1049 3847 mens,
1084 3782 1313 3831 nondum
1337 3780 1437 3829 illis
1461 3784 1591 3827 tem·

531 3861 745 3925 poribus
767 3859 1024 3909 factiones
1048 3874 1077 3907 a
1101 3857 1314 3919 singulis
1341 3852 1463 3920 (sibi
1488 3851 1594 3916 pri·

533 3938 693 3988 vatim
740 3933 1156 3999 consulentibus)
1200 3941 1338 3983 ortas
1382 3929 1542 3979 fuisse
1575 3944 1592 3989 3

533 4011 962 4076 quemadmodum
1009 4018 1190 4075 postea
1224 4007 1446 4068 factum,
1475 4018 1594 4054 cum

531 4088 817 4139 factionum
840 4088 1012 4152 capita
1042 4088 1138 4137 sibi
1175 4087 1395 4152 quisque
1431 4084 1596 4147 impe·

534 4169 664 4216 rium
690 4180 921 4230 quaerere
943 4170 1233 4229 coeperunt.

597 4252 620 4298 i
654 4239 1007 4302 Per-venerant]
1041 4239 1291 4302 Suspicor
1312 4234 1595 4301 legendum

529 4321 897 4385 prevaluerant,
919 4318 1019 4367 hoc
1052 4322 1152 4381 est,
1187 4315 1301 4379 plus
1325 4313 1598 4364 valuerant

1658 2029 1808 2080 quam
1835 2013 1993 2063 totins
2016 2006 2210 2061 ordinis
2234 2000 2536 2055 auctoritas.
2584 1996 2643 2046 Μ
2649 1994 2728 2044 ul-

1657 2092 1814 2141 toties
1837 2105 1960 2140 usus
1984 2095 2063 2137 est
2086 2084 2263 2136 Livius
2285 2092 2415 2129 voce
2449 2083 2464 2104 ‘
2484 2071 2727 2139 praevali-

1661 2168 1793 2225 dus‚’
1815 2179 2103 2233 qiiouquam
2127 2160 2283 2210 verba
2306 2159 2321 2186 ‘
2342 2152 2606 2219 praevaleo
2621 2149 2637 2171 '
2664 2154 2727 2198 et

1658 2249 1673 2276 ‘
1695 2247 2015 2311 praevalesce
2030 2242 2043 2264 ’
2085 2233 2423 2303 frequentiori
2447 2231 2500 2279 in
2524 2244 2620 2278 usu
2642 2225 2729 2276 fu-

1661 2325 1759 2373 isse
1784 2318 2124 2387 sequentibus
2163 2310 2428 2370 aetatibus,
2457 2320 2611 2370 quiam
2637 2301 2727 2351 Li-

1661 2400 1832 2462 viana,
1846 2412 1947 2446 non
1967 2391 2162 2458 ignoro‘.
2186 2387 2402 2450 Optimo
2421 2392 2598 2433 tamen
2616 2391 2731 2427 aevo

1661 2478 1841 2539 ignota
1864 2488 1966 2523 non
1989 2470 2145 2520 fuisse
2172 2462 2403 2515 ostendit
2424 2460 2478 2512 J.
2501 2452 2568 2509 G.
2591 2454 2731 2505 Vos-

1663 2555 1767 2601 sius
1794 2552 1882 2601 lib.
1904 2563 2002 2599 vu.
2027 2548 2093 2595 de
2119 2542 2255 2594 vitiis
2279 2535 2545 2588 sermonis.
2603 2532 2733 2581 Fuit

1664 2637 1720 2680 et
1761 2643 1876 2677 cum
1919 2625 2214 2686 suspicarer
2246 2614 2598 2679 persolverant,
2629 2608 2735 2656 hoc

1665 2713 1764 2764 est,
1792 2702 1918 2752 satis
1945 2699 2127 2748 validae
2160 2700 2328 2752 erant,
2362 2697 2452 2739 ant
2478 2688 2614 2735 vires
2637 2699 2735 2732 ne-

1664 2779 1921 2831 cessarias
1943 2774 2346 2840 acquisiverant,
2370 2764 2460 2814 sed
2486 2761 2738 2823 exempla

1667 2856 1806 2906 vocis
1848 2850 2153 2916 ceteroquin
2192 2843 2477 2907 analogicae
2520 2837 2737 2885 desunt.

1663 2935 1716 2984 J.
1743 2932 1976 2981 Clericus.
2063 2969 2067 2973 .

1729 3009 1744 3042 ¹
1777 3002 2056 3067 Fac-tiones]
2093 2997 2377 3051 contentio
2396 2998 2448 3042 et
2469 2987 2741 3041 discordia

1667 3087 1973 3151 optimatum
2000 3079 2211 3146 proprie
2232 3073 2392 3123 factio
2419 3069 2628 3127 dicitur,
2649 3080 2744 3114 se-

1668 3163 1799 3211 ditio
1846 3158 2005 3223 vulgi,
2046 3152 2331 3205 inimicitiae
2390 3147 2743 3211 privatorum,

1671 3240 1863 3289 bellum
1885 3235 2128 3284 hostium.

1736 3312 1760 3347 Β
1794 3314 1934 3362 Inter
1955 3309 2145 3359 ordines
2165 3298 2458 3362 certabatur]
2489 3295 2570 3345 An
2594 3295 2748 3342 iuter

1673 3394 1962 3442 Romanum
1986 3394 2040 3434 et
2077 3382 2345 3438 Sabinum,
2380 3384 2440 3425 ut
2477 3374 2746 3433 interpre-

1673 3476 1814 3517 tatur
1855 3462 2104 3514 Veleurio
2128 3460 2146 3508 ?
2214 3455 2287 3506 At
2330 3455 2427 3501 hoc
2468 3457 2746 3498 certamen

1671 3544 1938 3594 nationum
1985 3544 2140 3593 esset,
2178 3549 2278 3583 non
2310 3530 2561 3581 ordinum.
2626 3523 2748 3574 Sed

1675 3634 1791 3670 cum
1824 3622 2082 3682 appareat
2128 3609 2386 3674 duplicem
2421 3603 2575 3653 fuisse
2610 3613 2750 3649 con-

1676 3698 1983 3757 tentionem,
2016 3693 2242 3742 ‘alteram
2290 3687 2426 3734 inter
2459 3681 2751 3732 Senatores

1672 3775 1831 3839 ipsos,
1871 3771 1991 3820 hinc
2050 3773 2255 3818 veteres
2299 3762 2573 3813 Romanos,
2615 3754 2751 3805 inde

1672 3853 1913 3912 Sabinos,
1936 3848 2152 3897 alteram
2176 3843 2313 3892 inter
2337 3837 2537 3902 plebem
2563 3840 2620 3881 et
2646 3833 2753 3883 Se-

1676 3936 1887 3998 nqtum,
1911 3922 2149 3973 ordinnm
2198 3931 2406 3975 nomen,
2438 3909 2578 3976 quod
2621 3922 2754 3971 pro-

1676 4006 1788 4071 prie
1810 4004 2043 4053 diversos
2066 3996 2322 4047 hominum
2342 3992 2393 4040 in
2413 4002 2520 4050 rep.
2549 3984 2751 4048 gradus

1676 4080 1959 4147 siguificat,
1983 4076 2045 4125 ad
2069 4076 2168 4124 hoe
2196 4067 2452 4135 posterius
2474 4070 2751 4113 certamen

1636 4191 1642 4196 -
1678 4158 1968 4225 pertinens,
1994 4152 2058 4201 ad
2083 4149 2351 4200 nationum
2377 4154 2579 4208 quoque
2603 4139 2753 4189 inter

1677 4232 1939 4286 Patricios
1962 4226 2277 4278 discordiam
2296 4219 2427 4271 trahi
2450 4222 2645 4280 potest.

1744 4308 1761 4374 ,¹
1790 4309 1850 4359 In
1868 4308 2097 4357 societate
2114 4298 2275 4365 σφω]
2311 4293 2495 4345 Foedus
2519 4291 2751 4358 aequale,
