<?xml version="1.0" encoding="UTF-8"?>
<!DOCTYPE html PUBLIC "-//W3C//DTD XHTML 1.0 Transitional//EN"
    "http://www.w3.org/TR/xhtml1/DTD/xhtml1-transitional.dtd">
<html xmlns="http://www.w3.org/1999/xhtml" xml:lang="en" lang="en">
 <head>
  <title>
</title>
<meta http-equiv="Content-Type" content="text/html;charset=utf-8" />
  <meta name='ocr-system' content='tesseract 3.04.00' />
  <meta name='ocr-capabilities' content='ocr_page ocr_carea ocr_par ocr_line ocrx_word'/>
</head>
<body>
  <div class='ocr_page' id='page_1' title='image "./tliviipatavinih23unkngoog_0070.png"; bbox 0 0 3034 4925; ppageno 0'>
   <div class='ocr_carea' id='block_1_1' title="bbox 491 398 1961 464">
    <p class='ocr_par' dir='ltr' id='par_1_1' title="bbox 491 398 1961 464">
     <span class='ocr_line' id='line_1_1' title="bbox 491 398 1961 464; baseline -0.003 0"><span class='ocrx_word' id='word_1_1' title='bbox 491 398 578 464; x_wconf 80' lang='lat'><strong>42</strong></span> <span class='ocrx_word' id='word_1_2' title='bbox 1211 410 1491 462; x_wconf 68' lang='lat' dir='ltr'><strong>nucem</strong></span> <span class='ocrx_word' id='word_1_3' title='bbox 1537 408 1961 461; x_wconf 67' lang='lat' dir='ltr'><strong>Anci-onum</strong></span> 
     </span>
    </p>
   </div>
   <div class='ocr_carea' id='block_1_2' title="bbox 494 551 2678 743">
    <p class='ocr_par' dir='ltr' id='par_1_2' title="bbox 494 551 2678 743">
     <span class='ocr_line' id='line_1_2' title="bbox 494 551 2678 637; baseline -0.004 -13"><span class='ocrx_word' id='word_1_4' title='bbox 494 561 898 624; x_wconf 90' lang='lat' dir='ltr'><strong>consecutus</strong></span> <span class='ocrx_word' id='word_1_5' title='bbox 928 563 1055 622; x_wconf 90' lang='lat' dir='ltr'><strong>est.</strong></span> <span class='ocrx_word' id='word_1_6' title='bbox 1104 555 1288 622; x_wconf 87' lang='lat' dir='ltr'><strong>Nam</strong></span> <span class='ocrx_word' id='word_1_7' title='bbox 1315 556 1475 621; x_wconf 91' lang='lat' dir='ltr'><strong>mihi</strong></span> <span class='ocrx_word' id='word_1_8' title='bbox 1506 555 1764 637; x_wconf 80' lang='lat' dir='ltr'>egregie</span> <span class='ocrx_word' id='word_1_9' title='bbox 1786 554 2045 619; x_wconf 75' lang='lat' dir='ltr'><strong>dixisse</strong></span> <span class='ocrx_word' id='word_1_10' title='bbox 2071 553 2334 619; x_wconf 87' lang='lat' dir='ltr'><strong>videtur</strong></span> <span class='ocrx_word' id='word_1_11' title='bbox 2356 551 2678 618; x_wconf 83' lang='lat' dir='ltr'><strong>Servilius</strong></span> 
     </span>
     <span class='ocr_line' id='line_1_3' title="bbox 499 655 2032 743; baseline -0.005 -18"><span class='ocrx_word' id='word_1_12' title='bbox 499 659 874 739; x_wconf 88' lang='lat' dir='ltr'><strong>Nonianus,</strong></span> <span class='ocrx_word' id='word_1_13' title='bbox 905 677 1102 743; x_wconf 86' lang='lat' dir='ltr'><strong>pares</strong></span> <span class='ocrx_word' id='word_1_14' title='bbox 1131 677 1252 724; x_wconf 89' lang='lat' dir='ltr'><strong>eos</strong></span> <span class='ocrx_word' id='word_1_15' title='bbox 1279 656 1495 739; x_wconf 89' lang='lat' dir='ltr'><strong>magis</strong></span> <span class='ocrx_word' id='word_1_16' title='bbox 1525 675 1729 739; x_wconf 90' lang='lat' dir='ltr'><strong>quam</strong></span> <span class='ocrx_word' id='word_1_17' title='bbox 1758 655 2032 719; x_wconf 83' lang='lat' dir='ltr'><strong>similes.</strong></span> 
     </span>
    </p>
   </div>
   <div class='ocr_carea' id='block_1_3' title="bbox 493 848 2684 2180">
    <p class='ocr_par' dir='ltr' id='par_1_3' title="bbox 579 848 2562 1037">
     <span class='ocr_line' id='line_1_4' title="bbox 579 848 2562 936; baseline -0.001 -18"><span class='ocrx_word' id='word_1_18' title='bbox 579 852 850 918; x_wconf 87' lang='lat' dir='ltr'>Plinius</span> <span class='ocrx_word' id='word_1_19' title='bbox 881 850 1277 919; x_wconf 86' lang='lat' dir='ltr'><strong>Avunculus</strong></span> <span class='ocrx_word' id='word_1_20' title='bbox 1322 851 1593 917; x_wconf 87' lang='lat' dir='ltr'><strong>Praefat.</strong></span> <span class='ocrx_word' id='word_1_21' title='bbox 1634 848 1876 916; x_wconf 89' lang='lat' dir='ltr'><strong>Natur.</strong></span> <span class='ocrx_word' id='word_1_22' title='bbox 1924 850 2113 915; x_wconf 91' lang='lat' dir='ltr'><strong>Hist.</strong></span> <span class='ocrx_word' id='word_1_23' title='bbox 2154 850 2242 917; x_wconf 89' lang='lat' dir='ltr'><strong>ad</strong></span> <span class='ocrx_word' id='word_1_24' title='bbox 2272 850 2562 936; x_wconf 86' lang='lat' dir='ltr'><strong>Vcspas.</strong></span> 
     </span>
     <span class='ocr_line' id='line_1_5' title="bbox 1503 953 1676 1037; baseline -0.023 -19"><span class='ocrx_word' id='word_1_25' title='bbox 1503 953 1676 1037; x_wconf 89' lang='lat' dir='ltr'><strong>Imp.</strong></span> 
     </span>
    </p>

    <p class='ocr_par' dir='ltr' id='par_1_4' title="bbox 493 1073 2684 2180">
     <span class='ocr_line' id='line_1_6' title="bbox 583 1073 2678 1167; baseline 0 -29"><span class='ocrx_word' id='word_1_26' title='bbox 583 1074 914 1158; x_wconf 82' lang='lat' dir='ltr'><strong>Equidem</strong></span> <span class='ocrx_word' id='word_1_27' title='bbox 940 1074 1038 1139; x_wconf 90' lang='lat' dir='ltr'><strong>ita</strong></span> <span class='ocrx_word' id='word_1_28' title='bbox 1068 1074 1306 1167; x_wconf 83' lang='lat' dir='ltr'><strong>sentio,</strong></span> <span class='ocrx_word' id='word_1_29' title='bbox 1334 1073 1741 1156; x_wconf 81' lang='lat' dir='ltr'><strong>peculiarem</strong></span> <span class='ocrx_word' id='word_1_30' title='bbox 1770 1073 1838 1137; x_wconf 92' lang='lat' dir='ltr'><strong>in</strong></span> <span class='ocrx_word' id='word_1_31' title='bbox 1870 1073 2110 1138; x_wconf 86' lang='lat' dir='ltr'><strong>studiis</strong></span> <span class='ocrx_word' id='word_1_32' title='bbox 2152 1092 2427 1138; x_wconf 82' lang='lat' dir='ltr'><strong>causam</strong></span> <span class='ocrx_word' id='word_1_33' title='bbox 2452 1091 2678 1138; x_wconf 90' lang='lat' dir='ltr'><strong>eorum</strong></span> 
     </span>
     <span class='ocr_line' id='line_1_7' title="bbox 496 1167 2680 1260; baseline -0.001 -20"><span class='ocrx_word' id='word_1_34' title='bbox 496 1167 669 1254; x_wconf 69' lang='lat' dir='ltr'><strong>e&#39;sse,</strong></span> <span class='ocrx_word' id='word_1_35' title='bbox 697 1178 837 1260; x_wconf 92' lang='lat' dir='ltr'><strong>qui,</strong></span> <span class='ocrx_word' id='word_1_36' title='bbox 865 1174 1375 1249; x_wconf 81' lang='lat' dir='ltr'><strong>difficultatibus</strong></span> <span class='ocrx_word' id='word_1_37' title='bbox 1406 1175 1626 1252; x_wconf 76' lang='lat' dir='ltr'><strong>victiS,</strong></span> <span class='ocrx_word' id='word_1_38' title='bbox 1654 1175 2005 1239; x_wconf 80' lang='lat' dir='ltr'><strong>utilitatem</strong></span> <span class='ocrx_word' id='word_1_39' title='bbox 2038 1174 2322 1258; x_wconf 83' lang='lat' dir='ltr'><strong>juvandi</strong></span> <span class='ocrx_word' id='word_1_40' title='bbox 2365 1175 2680 1258; x_wconf 84' lang='lat' dir='ltr'><strong>praetule·</strong></span> 
     </span>
     <span class='ocr_line' id='line_1_8' title="bbox 494 1274 2679 1362; baseline -0.001 -20"><span class='ocrx_word' id='word_1_41' title='bbox 494 1287 651 1343; x_wconf 86' lang='lat' dir='ltr'><strong>runt</strong></span> <span class='ocrx_word' id='word_1_42' title='bbox 678 1279 906 1362; x_wconf 75' lang='lat' dir='ltr'><strong>gratiae</strong></span> <span class='ocrx_word' id='word_1_43' title='bbox 938 1278 1285 1362; x_wconf 86' lang='lat' dir='ltr'><strong>placendi:</strong></span> <span class='ocrx_word' id='word_1_44' title='bbox 1330 1277 1532 1361; x_wconf 91' lang='lat' dir='ltr'><strong>idque</strong></span> <span class='ocrx_word' id='word_1_45' title='bbox 1570 1283 1638 1342; x_wconf 91' lang='lat' dir='ltr'><strong>et</strong></span> <span class='ocrx_word' id='word_1_46' title='bbox 1674 1278 1741 1341; x_wconf 91' lang='lat' dir='ltr'><strong>in</strong></span> <span class='ocrx_word' id='word_1_47' title='bbox 1788 1277 1941 1341; x_wconf 90' lang='lat' dir='ltr'><strong>aliis</strong></span> <span class='ocrx_word' id='word_1_48' title='bbox 1983 1278 2302 1361; x_wconf 84' lang='lat' dir='ltr'><strong>operibus</strong></span> <span class='ocrx_word' id='word_1_49' title='bbox 2345 1277 2502 1359; x_wconf 87' lang='lat' dir='ltr'><strong>ipse</strong></span> <span class='ocrx_word' id='word_1_50' title='bbox 2525 1274 2679 1353; x_wconf 87' lang='lat' dir='ltr'><strong>feci,</strong></span> 
     </span>
     <span class='ocr_line' id='line_1_9' title="bbox 493 1377 2681 1463; baseline -0.001 -18"><span class='ocrx_word' id='word_1_51' title='bbox 493 1385 560 1445; x_wconf 75' lang='lat' dir='ltr'><strong>et</strong></span> <span class='ocrx_word' id='word_1_52' title='bbox 602 1379 914 1463; x_wconf 88' lang='lat' dir='ltr'><strong>profiteor</strong></span> <span class='ocrx_word' id='word_1_53' title='bbox 953 1380 1177 1445; x_wconf 89' lang='lat' dir='ltr'><strong>mirari</strong></span> <span class='ocrx_word' id='word_1_54' title='bbox 1208 1400 1313 1444; x_wconf 90' lang='lat' dir='ltr'><strong>me</strong></span> <span class='ocrx_word' id='word_1_55' title='bbox 1353 1381 1435 1444; x_wconf 90' lang='lat' dir='ltr'><strong>T.</strong></span> <span class='ocrx_word' id='word_1_56' title='bbox 1468 1379 1755 1455; x_wconf 85' lang='lat' dir='ltr'><strong>Livium,</strong></span> <span class='ocrx_word' id='word_1_57' title='bbox 1803 1384 2131 1444; x_wconf 84' lang='lat' dir='ltr'><strong>auctorem</strong></span> <span class='ocrx_word' id='word_1_58' title='bbox 2163 1377 2681 1453; x_wconf 88' lang='lat' dir='ltr'><strong>celeberrimum,</strong></span> 
     </span>
     <span class='ocr_line' id='line_1_10' title="bbox 495 1479 2680 1564; baseline 0.001 -21"><span class='ocrx_word' id='word_1_59' title='bbox 495 1481 565 1543; x_wconf 87' lang='lat' dir='ltr'><strong>in</strong></span> <span class='ocrx_word' id='word_1_60' title='bbox 596 1480 1048 1544; x_wconf 84' lang='lat' dir='ltr'><strong>Historiarum</strong></span> <span class='ocrx_word' id='word_1_61' title='bbox 1077 1499 1367 1560; x_wconf 91' lang='lat' dir='ltr'><strong>suarum,</strong></span> <span class='ocrx_word' id='word_1_62' title='bbox 1396 1500 1567 1564; x_wconf 92' lang='lat' dir='ltr'><strong>quas</strong></span> <span class='ocrx_word' id='word_1_63' title='bbox 1594 1482 1834 1564; x_wconf 89' lang='lat' dir='ltr'><strong>repetit</strong></span> <span class='ocrx_word' id='word_1_64' title='bbox 1861 1482 1946 1545; x_wconf 86' lang='lat' dir='ltr'><strong>ab</strong></span> <span class='ocrx_word' id='word_1_65' title='bbox 1980 1481 2231 1564; x_wconf 91' lang='lat' dir='ltr'><strong>origine</strong></span> <span class='ocrx_word' id='word_1_66' title='bbox 2255 1479 2486 1559; x_wconf 87' lang='lat' dir='ltr'><strong>Urbis,</strong></span> <span class='ocrx_word' id='word_1_67' title='bbox 2512 1500 2680 1564; x_wconf 91' lang='lat' dir='ltr'><strong>quo-</strong></span> 
     </span>
     <span class='ocr_line' id='line_1_11' title="bbox 496 1580 2680 1668; baseline 0.001 -24"><span class='ocrx_word' id='word_1_68' title='bbox 496 1580 650 1644; x_wconf 85' lang='lat' dir='ltr'><strong>dam</strong></span> <span class='ocrx_word' id='word_1_69' title='bbox 679 1581 1013 1646; x_wconf 87' lang='lat' dir='ltr'><strong>volumine</strong></span> <span class='ocrx_word' id='word_1_70' title='bbox 1056 1583 1158 1648; x_wconf 90' lang='lat' dir='ltr'><strong>sic</strong></span> <span class='ocrx_word' id='word_1_71' title='bbox 1203 1603 1457 1649; x_wconf 89' lang='lat' dir='ltr'><strong>orsum:</strong></span> <span class='ocrx_word' id='word_1_72' title='bbox 1505 1583 1688 1649; x_wconf 89' lang='lat' dir='ltr'><strong>Satis</strong></span> <span class='ocrx_word' id='word_1_73' title='bbox 1723 1583 1865 1668; x_wconf 89' lang='lat' dir='ltr'><strong>jam</strong></span> <span class='ocrx_word' id='word_1_74' title='bbox 1898 1584 2029 1647; x_wconf 88' lang='lat' dir='ltr'><strong>sibi</strong></span> <span class='ocrx_word' id='word_1_75' title='bbox 2060 1583 2283 1664; x_wconf 87' lang='lat' dir='ltr'><strong>gloriae</strong></span> <span class='ocrx_word' id='word_1_76' title='bbox 2308 1583 2680 1666; x_wconf 75' lang='lat' dir='ltr'><strong>quaesitum,</strong></span> 
     </span>
     <span class='ocr_line' id='line_1_12' title="bbox 498 1683 2679 1770; baseline 0.001 -23"><span class='ocrx_word' id='word_1_77' title='bbox 498 1689 568 1750; x_wconf 88' lang='lat' dir='ltr'><strong>et</strong></span> <span class='ocrx_word' id='word_1_78' title='bbox 596 1683 895 1767; x_wconf 87' lang='lat' dir='ltr'><strong>potuisse</strong></span> <span class='ocrx_word' id='word_1_79' title='bbox 925 1704 1000 1748; x_wconf 90' lang='lat' dir='ltr'><strong>se</strong></span> <span class='ocrx_word' id='word_1_80' title='bbox 1028 1683 1351 1764; x_wconf 85' lang='lat' dir='ltr'><strong>desinere,</strong></span> <span class='ocrx_word' id='word_1_81' title='bbox 1389 1686 1461 1750; x_wconf 92' lang='lat' dir='ltr'><strong>ni</strong></span> <span class='ocrx_word' id='word_1_82' title='bbox 1505 1687 1769 1751; x_wconf 89' lang='lat' dir='ltr'><strong>animus</strong></span> <span class='ocrx_word' id='word_1_83' title='bbox 1801 1686 2063 1769; x_wconf 86' lang='lat' dir='ltr'><strong>inquies</strong></span> <span class='ocrx_word' id='word_1_84' title='bbox 2093 1690 2481 1769; x_wconf 89' lang='lat' dir='ltr'><strong>pasceretur</strong></span> <span class='ocrx_word' id='word_1_85' title='bbox 2518 1705 2679 1770; x_wconf 91' lang='lat' dir='ltr'><strong>ope·</strong></span> 
     </span>
     <span class='ocr_line' id='line_1_13' title="bbox 499 1784 2682 1873; baseline 0 -23"><span class='ocrx_word' id='word_1_86' title='bbox 499 1805 594 1850; x_wconf 90' lang='lat' dir='ltr'><strong>re.</strong></span> <span class='ocrx_word' id='word_1_87' title='bbox 683 1784 995 1851; x_wconf 84' lang='lat' dir='ltr'><strong>Profecto</strong></span> <span class='ocrx_word' id='word_1_88' title='bbox 1029 1787 1203 1852; x_wconf 90' lang='lat' dir='ltr'><strong>enim</strong></span> <span class='ocrx_word' id='word_1_89' title='bbox 1234 1789 1473 1872; x_wconf 92' lang='lat' dir='ltr'><strong>populi</strong></span> <span class='ocrx_word' id='word_1_90' title='bbox 1501 1790 1791 1873; x_wconf 90' lang='lat' dir='ltr'><strong>gentium</strong></span> <span class='ocrx_word' id='word_1_91' title='bbox 1825 1789 2124 1866; x_wconf 86' lang='lat' dir='ltr'><strong>victoris,</strong></span> <span class='ocrx_word' id='word_1_92' title='bbox 2155 1792 2221 1852; x_wconf 89' lang='lat' dir='ltr'><strong>et</strong></span> <span class='ocrx_word' id='word_1_93' title='bbox 2248 1785 2534 1852; x_wconf 86' lang='lat' dir='ltr'><strong>Romani</strong></span> <span class='ocrx_word' id='word_1_94' title='bbox 2563 1806 2682 1851; x_wconf 89' lang='lat' dir='ltr'><strong>no·</strong></span> 
     </span>
     <span class='ocr_line' id='line_1_14' title="bbox 497 1883 2684 1977; baseline 0 -26"><span class='ocrx_word' id='word_1_95' title='bbox 497 1886 700 1952; x_wconf 83' lang='lat' dir='ltr'><strong>minis</strong></span> <span class='ocrx_word' id='word_1_96' title='bbox 751 1886 1002 1968; x_wconf 84' lang='lat' dir='ltr'><strong>gloriae,</strong></span> <span class='ocrx_word' id='word_1_97' title='bbox 1049 1909 1180 1954; x_wconf 89' lang='lat' dir='ltr'><strong>non</strong></span> <span class='ocrx_word' id='word_1_98' title='bbox 1228 1898 1393 1970; x_wconf 80' lang='lat' dir='ltr'><strong>suae,</strong></span> <span class='ocrx_word' id='word_1_99' title='bbox 1445 1883 1913 1977; x_wconf 84' lang='lat' dir='ltr'><strong>composuisse</strong></span> <span class='ocrx_word' id='word_1_100' title='bbox 1958 1891 2076 1955; x_wconf 87' lang='lat' dir='ltr'><strong>illa</strong></span> <span class='ocrx_word' id='word_1_101' title='bbox 2122 1888 2402 1955; x_wconf 89' lang='lat' dir='ltr'><strong>decuit.</strong></span> <span class='ocrx_word' id='word_1_102' title='bbox 2460 1886 2684 1972; x_wconf 85' lang='lat' dir='ltr'><strong>Majus</strong></span> 
     </span>
     <span class='ocr_line' id='line_1_15' title="bbox 499 1989 2681 2074; baseline 0.001 -21"><span class='ocrx_word' id='word_1_103' title='bbox 499 1989 800 2055; x_wconf 83' lang='lat' dir='ltr'><strong>meritum</strong></span> <span class='ocrx_word' id='word_1_104' title='bbox 822 1996 1027 2068; x_wconf 87' lang='lat' dir='ltr'><strong>esset,</strong></span> <span class='ocrx_word' id='word_1_105' title='bbox 1051 1991 1276 2074; x_wconf 89' lang='lat' dir='ltr'><strong>operis</strong></span> <span class='ocrx_word' id='word_1_106' title='bbox 1307 2012 1556 2072; x_wconf 89' lang='lat' dir='ltr'><strong>amore,</strong></span> <span class='ocrx_word' id='word_1_107' title='bbox 1579 2013 1709 2058; x_wconf 89' lang='lat' dir='ltr'><strong>non</strong></span> <span class='ocrx_word' id='word_1_108' title='bbox 1739 1994 1941 2058; x_wconf 91' lang='lat' dir='ltr'><strong>animi</strong></span> <span class='ocrx_word' id='word_1_109' title='bbox 1962 2010 2180 2057; x_wconf 87' lang='lat' dir='ltr'><strong>causa·</strong></span> <span class='ocrx_word' id='word_1_110' title='bbox 2193 2008 2681 2074; x_wconf 84' lang='lat' dir='ltr'><strong>perseverasse,</strong></span> 
     </span>
     <span class='ocr_line' id='line_1_16' title="bbox 498 2089 2141 2180; baseline 0.001 -25"><span class='ocrx_word' id='word_1_111' title='bbox 498 2098 574 2155; x_wconf 91' lang='lat' dir='ltr'><strong>et</strong></span> <span class='ocrx_word' id='word_1_112' title='bbox 600 2089 729 2156; x_wconf 91' lang='lat' dir='ltr'><strong>hoc</strong></span> <span class='ocrx_word' id='word_1_113' title='bbox 758 2091 1017 2174; x_wconf 88' lang='lat' dir='ltr'><strong>populo</strong></span> <span class='ocrx_word' id='word_1_114' title='bbox 1047 2092 1355 2160; x_wconf 87' lang='lat' dir='ltr'><strong>Romano</strong></span> <span class='ocrx_word' id='word_1_115' title='bbox 1385 2096 1801 2180; x_wconf 74' lang='lat' dir='ltr'><strong>praestitisse,</strong></span> <span class='ocrx_word' id='word_1_116' title='bbox 1830 2112 1964 2160; x_wconf 90' lang='lat' dir='ltr'><strong>non</strong></span> <span class='ocrx_word' id='word_1_117' title='bbox 1992 2093 2141 2159; x_wconf 88' lang='lat' dir='ltr'><strong>sibi.</strong></span> 
     </span>
    </p>
   </div>
   <div class='ocr_carea' id='block_1_4' title="bbox 499 2303 2687 3311">
    <p class='ocr_par' dir='ltr' id='par_1_5' title="bbox 641 2303 2537 2480">
     <span class='ocr_line' id='line_1_17' title="bbox 641 2303 2537 2391; baseline 0.002 -21"><span class='ocrx_word' id='word_1_118' title='bbox 641 2303 994 2372; x_wconf 84' lang='lat' dir='ltr'><strong>Cornelius</strong></span> <span class='ocrx_word' id='word_1_119' title='bbox 1019 2304 1306 2373; x_wconf 88' lang='lat' dir='ltr'><strong>Tacitus</strong></span> <span class='ocrx_word' id='word_1_120' title='bbox 1336 2309 1656 2376; x_wconf 87' lang='lat' dir='ltr'><strong>Oratione</strong></span> <span class='ocrx_word' id='word_1_121' title='bbox 1679 2311 1999 2378; x_wconf 88' lang='lat' dir='ltr'><strong>Cremutii</strong></span> <span class='ocrx_word' id='word_1_122' title='bbox 2031 2309 2262 2391; x_wconf 89' lang='lat' dir='ltr'><strong>Cordi,</strong></span> <span class='ocrx_word' id='word_1_123' title='bbox 2284 2309 2398 2375; x_wconf 91' lang='lat' dir='ltr'><strong>lib.</strong></span> <span class='ocrx_word' id='word_1_124' title='bbox 2435 2325 2537 2374; x_wconf 81' lang='grc' dir='ltr'><strong>ιν.</strong></span> 
     </span>
     <span class='ocr_line' id='line_1_18' title="bbox 1466 2411 1711 2480; baseline 0 -1"><span class='ocrx_word' id='word_1_125' title='bbox 1466 2411 1711 2480; x_wconf 85' lang='lat' dir='ltr'><strong>Annal.</strong></span> 
     </span>
    </p>

    <p class='ocr_par' dir='ltr' id='par_1_6' title="bbox 499 2509 2687 3311">
     <span class='ocr_line' id='line_1_19' title="bbox 589 2509 2684 2603; baseline 0.003 -29"><span class='ocrx_word' id='word_1_126' title='bbox 589 2509 864 2576; x_wconf 87' lang='lat' dir='ltr'><strong>Brutum</strong></span> <span class='ocrx_word' id='word_1_127' title='bbox 897 2520 965 2579; x_wconf 85' lang='lat' dir='ltr'><strong>et</strong></span> <span class='ocrx_word' id='word_1_128' title='bbox 988 2512 1296 2579; x_wconf 89' lang='lat' dir='ltr'><strong>Cassium</strong></span> <span class='ocrx_word' id='word_1_129' title='bbox 1339 2516 1728 2583; x_wconf 82' lang='lat' dir='ltr'><strong>laudavisse</strong></span> <span class='ocrx_word' id='word_1_130' title='bbox 1751 2518 1976 2583; x_wconf 92' lang='lat' dir='ltr'><strong>dicor.</strong></span> <span class='ocrx_word' id='word_1_131' title='bbox 2020 2538 2302 2603; x_wconf 90' lang='lat' dir='ltr'><strong>quorum</strong></span> <span class='ocrx_word' id='word_1_132' title='bbox 2328 2536 2435 2581; x_wconf 89' lang='lat' dir='ltr'><strong>res</strong></span> <span class='ocrx_word' id='word_1_133' title='bbox 2465 2522 2684 2599; x_wconf 85' lang='lat' dir='ltr'><strong>gestas</strong></span> 
     </span>
     <span class='ocr_line' id='line_1_20' title="bbox 501 2613 2684 2701; baseline 0.003 -27"><span class='ocrx_word' id='word_1_134' title='bbox 501 2631 652 2676; x_wconf 85' lang='lat' dir='ltr'><strong>curn</strong></span> <span class='ocrx_word' id='word_1_135' title='bbox 685 2613 947 2696; x_wconf 84' lang='lat' dir='ltr'><strong>plurimi</strong></span> <span class='ocrx_word' id='word_1_136' title='bbox 989 2619 1504 2701; x_wconf 85' lang='lat' dir='ltr'><strong>composuerint,</strong></span> <span class='ocrx_word' id='word_1_137' title='bbox 1551 2640 1747 2686; x_wconf 90' lang='lat' dir='ltr'><strong>nemo</strong></span> <span class='ocrx_word' id='word_1_138' title='bbox 1797 2623 1936 2686; x_wconf 89' lang='lat' dir='ltr'><strong>sine</strong></span> <span class='ocrx_word' id='word_1_139' title='bbox 1983 2620 2231 2685; x_wconf 88' lang='lat' dir='ltr'><strong>honore</strong></span> <span class='ocrx_word' id='word_1_140' title='bbox 2278 2619 2684 2684; x_wconf 84' lang='lat' dir='ltr'><strong>memoravit.</strong></span> 
     </span>
     <span class='ocr_line' id='line_1_21' title="bbox 499 2712 2684 2808; baseline 0.004 -33"><span class='ocrx_word' id='word_1_141' title='bbox 499 2712 701 2777; x_wconf 87' lang='lat' dir='ltr'><strong>Titus</strong></span> <span class='ocrx_word' id='word_1_142' title='bbox 730 2713 989 2794; x_wconf 81' lang='lat' dir='ltr'><strong>LiviuS,</strong></span> <span class='ocrx_word' id='word_1_143' title='bbox 1016 2718 1421 2803; x_wconf 70' lang='lat' dir='ltr'><strong>eloquentiae</strong></span> <span class='ocrx_word' id='word_1_144' title='bbox 1461 2742 1542 2786; x_wconf 91' lang='lat' dir='ltr'><strong>ac</strong></span> <span class='ocrx_word' id='word_1_145' title='bbox 1591 2723 1746 2788; x_wconf 91' lang='lat' dir='ltr'><strong>fidei</strong></span> <span class='ocrx_word' id='word_1_146' title='bbox 1790 2724 2158 2808; x_wconf 79' lang='lat' dir='ltr'><strong>praeclarus</strong></span> <span class='ocrx_word' id='word_1_147' title='bbox 2206 2722 2527 2808; x_wconf 87' lang='lat' dir='ltr'><strong>inprimis,</strong></span> <span class='ocrx_word' id='word_1_148' title='bbox 2564 2716 2684 2785; x_wconf 87' lang='lat' dir='ltr'><strong>Cn.</strong></span> 
     </span>
     <span class='ocr_line' id='line_1_22' title="bbox 502 2813 2681 2909; baseline 0.005 -33"><span class='ocrx_word' id='word_1_149' title='bbox 502 2813 900 2898; x_wconf 87' lang='lat' dir='ltr'><strong>Pompeium</strong></span> <span class='ocrx_word' id='word_1_150' title='bbox 931 2821 1130 2883; x_wconf 91' lang='lat' dir='ltr'><strong>tantis</strong></span> <span class='ocrx_word' id='word_1_151' title='bbox 1156 2821 1475 2888; x_wconf 89' lang='lat' dir='ltr'><strong>laudibus</strong></span> <span class='ocrx_word' id='word_1_152' title='bbox 1507 2824 1681 2902; x_wconf 89' lang='lat' dir='ltr'><strong>tulit,</strong></span> <span class='ocrx_word' id='word_1_153' title='bbox 1714 2831 1786 2890; x_wconf 88' lang='lat' dir='ltr'><strong>ut</strong></span> <span class='ocrx_word' id='word_1_154' title='bbox 1811 2825 2294 2909; x_wconf 90' lang='lat' dir='ltr'><strong>Pompeianum</strong></span> <span class='ocrx_word' id='word_1_155' title='bbox 2356 2844 2505 2888; x_wconf 86' lang='lat' dir='ltr'><strong>curn</strong></span> <span class='ocrx_word' id='word_1_156' title='bbox 2543 2820 2681 2887; x_wconf 89' lang='lat' dir='ltr'><strong>Au·</strong></span> 
     </span>
     <span class='ocr_line' id='line_1_23' title="bbox 504 2916 2686 3006; baseline 0.006 -30"><span class='ocrx_word' id='word_1_157' title='bbox 504 2919 729 2997; x_wconf 89' lang='lat' dir='ltr'><strong>gustus</strong></span> <span class='ocrx_word' id='word_1_158' title='bbox 773 2916 1174 3001; x_wconf 84' lang='lat' dir='ltr'><strong>appellaret:</strong></span> <span class='ocrx_word' id='word_1_159' title='bbox 1220 2942 1436 3006; x_wconf 92' lang='lat' dir='ltr'><strong>neque</strong></span> <span class='ocrx_word' id='word_1_160' title='bbox 1482 2925 1554 2988; x_wconf 90' lang='lat' dir='ltr'><strong>id</strong></span> <span class='ocrx_word' id='word_1_161' title='bbox 1585 2927 1901 2991; x_wconf 87' lang='lat' dir='ltr'><strong>amicitiae</strong></span> <span class='ocrx_word' id='word_1_162' title='bbox 1944 2946 2173 2991; x_wconf 88' lang='lat' dir='ltr'><strong>eorum</strong></span> <span class='ocrx_word' id='word_1_163' title='bbox 2203 2925 2446 2991; x_wconf 87' lang='lat' dir='ltr'><strong>offecit.</strong></span> <span class='ocrx_word' id='word_1_164' title='bbox 2543 2924 2686 2989; x_wconf 88' lang='lat' dir='ltr'><strong>Sci-</strong></span> 
     </span>
     <span class='ocr_line' id='line_1_24' title="bbox 503 3015 2687 3110; baseline 0.006 -33"><span class='ocrx_word' id='word_1_165' title='bbox 503 3015 791 3098; x_wconf 87' lang='lat' dir='ltr'><strong>pionem,</strong></span> <span class='ocrx_word' id='word_1_166' title='bbox 814 3016 1194 3101; x_wconf 85' lang='lat' dir='ltr'><strong>Afranium,</strong></span> <span class='ocrx_word' id='word_1_167' title='bbox 1221 3025 1394 3089; x_wconf 90' lang='lat' dir='ltr'><strong>hunc</strong></span> <span class='ocrx_word' id='word_1_168' title='bbox 1423 3028 1648 3110; x_wconf 90' lang='lat' dir='ltr'><strong>ipsum</strong></span> <span class='ocrx_word' id='word_1_169' title='bbox 1673 3028 2180 3108; x_wconf 86' lang='lat' dir='ltr'><strong>Cassium‚hunc</strong></span> <span class='ocrx_word' id='word_1_170' title='bbox 2201 3028 2504 3106; x_wconf 86' lang='lat' dir='ltr'><strong>Brutum,</strong></span> <span class='ocrx_word' id='word_1_171' title='bbox 2533 3046 2687 3090; x_wconf 90' lang='lat' dir='ltr'><strong>nus·</strong></span> 
     </span>
     <span class='ocr_line' id='line_1_25' title="bbox 502 3118 2685 3214; baseline 0.006 -35"><span class='ocrx_word' id='word_1_172' title='bbox 502 3135 707 3199; x_wconf 90' lang='lat' dir='ltr'><strong>quam</strong></span> <span class='ocrx_word' id='word_1_173' title='bbox 747 3118 1042 3185; x_wconf 90' lang='lat' dir='ltr'><strong>latrones</strong></span> <span class='ocrx_word' id='word_1_174' title='bbox 1091 3131 1160 3188; x_wconf 88' lang='lat' dir='ltr'><strong>et</strong></span> <span class='ocrx_word' id='word_1_175' title='bbox 1210 3126 1609 3209; x_wconf 74' lang='lat' dir='ltr'><strong>parricidaS,</strong></span> <span class='ocrx_word' id='word_1_176' title='bbox 1655 3150 1807 3214; x_wconf 84' lang='lat' dir='ltr'><strong>quae</strong></span> <span class='ocrx_word' id='word_1_177' title='bbox 1854 3151 2029 3196; x_wconf 91' lang='lat' dir='ltr'><strong>nunc</strong></span> <span class='ocrx_word' id='word_1_178' title='bbox 2087 3132 2417 3197; x_wconf 87' lang='lat' dir='ltr'><strong>vocabula</strong></span> <span class='ocrx_word' id='word_1_179' title='bbox 2473 3131 2685 3212; x_wconf 91' lang='lat' dir='ltr'><strong>impo-</strong></span> 
     </span>
     <span class='ocr_line' id='line_1_26' title="bbox 504 3225 1985 3311; baseline 0.011 -30"><span class='ocrx_word' id='word_1_180' title='bbox 504 3225 763 3298; x_wconf 89' lang='lat' dir='ltr'><strong>nuntur,</strong></span> <span class='ocrx_word' id='word_1_181' title='bbox 794 3239 977 3306; x_wconf 86' lang='lat' dir='ltr'><strong>saepe</strong></span> <span class='ocrx_word' id='word_1_182' title='bbox 1006 3231 1081 3289; x_wconf 93' lang='lat' dir='ltr'><strong>ut</strong></span> <span class='ocrx_word' id='word_1_183' title='bbox 1108 3226 1401 3311; x_wconf 84' lang='lat' dir='ltr'><strong>insignes</strong></span> <span class='ocrx_word' id='word_1_184' title='bbox 1430 3230 1642 3311; x_wconf 83' lang='lat' dir='ltr'><strong>viros,</strong></span> <span class='ocrx_word' id='word_1_185' title='bbox 1672 3233 1985 3299; x_wconf 89' lang='lat' dir='ltr'><strong>nominat.</strong></span> 
     </span>
    </p>
   </div>
   <div class='ocr_carea' id='block_1_5' title="bbox 999 3362 2197 3483">
    <p class='ocr_par' dir='ltr' id='par_1_7' title="bbox 999 3362 2197 3483">
     <span class='ocr_line' id='line_1_27' title="bbox 999 3362 2197 3483; baseline 0.007 -26"><span class='ocrx_word' id='word_1_186' title='bbox 999 3362 1359 3459; x_wconf 80' lang='lat' dir='ltr'><strong>Suetonius</strong></span> <span class='ocrx_word' id='word_1_187' title='bbox 1388 3397 1846 3482; x_wconf 89' lang='lat' dir='ltr'><strong>Tranquillus,</strong></span> <span class='ocrx_word' id='word_1_188' title='bbox 1877 3398 2197 3483; x_wconf 83' lang='lat' dir='ltr'><strong>Caligula.</strong></span> 
     </span>
    </p>
   </div>
   <div class='ocr_carea' id='block_1_6' title="bbox 504 3524 2688 3930">
    <p class='ocr_par' dir='ltr' id='par_1_8' title="bbox 504 3524 2688 3930">
     <span class='ocr_line' id='line_1_28' title="bbox 564 3524 2688 3620; baseline 0.005 -31.142"><span class='ocrx_word' id='word_1_189' title='bbox 564 3524 726 3595; x_wconf 89' lang='lat' dir='ltr'><strong>Sed</strong></span> <span class='ocrx_word' id='word_1_190' title='bbox 757 3532 824 3591; x_wconf 91' lang='lat' dir='ltr'><strong>et</strong></span> <span class='ocrx_word' id='word_1_191' title='bbox 853 3525 1123 3610; x_wconf 89' lang='lat' dir='ltr'><strong>Virgilii</strong></span> <span class='ocrx_word' id='word_1_192' title='bbox 1172 3536 1238 3595; x_wconf 88' lang='lat' dir='ltr'><strong>et</strong></span> <span class='ocrx_word' id='word_1_193' title='bbox 1286 3531 1369 3595; x_wconf 87' lang='lat' dir='ltr'><strong>T.</strong></span> <span class='ocrx_word' id='word_1_194' title='bbox 1412 3533 1589 3600; x_wconf 88' lang='lat' dir='ltr'><strong>Livii</strong></span> <span class='ocrx_word' id='word_1_195' title='bbox 1640 3536 1895 3620; x_wconf 89' lang='lat' dir='ltr'><strong>scripta</strong></span> <span class='ocrx_word' id='word_1_196' title='bbox 1940 3543 2005 3602; x_wconf 91' lang='lat' dir='ltr'><strong>et</strong></span> <span class='ocrx_word' id='word_1_197' title='bbox 2047 3537 2370 3619; x_wconf 86' lang='lat' dir='ltr'><strong>imagines</strong></span> <span class='ocrx_word' id='word_1_198' title='bbox 2417 3536 2688 3619; x_wconf 89' lang='lat' dir='ltr'><strong>paulum</strong></span> 
     </span>
     <span class='ocr_line' id='line_1_29' title="bbox 504 3625 2688 3721; baseline 0.005 -30"><span class='ocrx_word' id='word_1_199' title='bbox 504 3625 725 3691; x_wconf 84' lang='lat' dir='ltr'><strong>abfuit</strong></span> <span class='ocrx_word' id='word_1_200' title='bbox 768 3629 929 3712; x_wconf 89' lang='lat' dir='ltr'><strong>quin</strong></span> <span class='ocrx_word' id='word_1_201' title='bbox 978 3649 1067 3693; x_wconf 80' lang='lat' dir='ltr'><strong>ex</strong></span> <span class='ocrx_word' id='word_1_202' title='bbox 1119 3633 1430 3700; x_wconf 90' lang='lat' dir='ltr'><strong>omnibus</strong></span> <span class='ocrx_word' id='word_1_203' title='bbox 1485 3637 1927 3703; x_wconf 88' lang='lat' dir='ltr'><strong>Bibliothecis</strong></span> <span class='ocrx_word' id='word_1_204' title='bbox 1977 3641 2347 3704; x_wconf 84' lang='lat' dir='ltr'><strong>amoverit.</strong></span> <span class='ocrx_word' id='word_1_205' title='bbox 2413 3657 2688 3721; x_wconf 89' lang='lat' dir='ltr'><strong>quorum</strong></span> 
     </span>
     <span class='ocr_line' id='line_1_30' title="bbox 506 3728 2688 3825; baseline 0.006 -35"><span class='ocrx_word' id='word_1_206' title='bbox 506 3728 803 3808; x_wconf 90' lang='lat' dir='ltr'><strong>alterum,</strong></span> <span class='ocrx_word' id='word_1_207' title='bbox 833 3737 908 3794; x_wconf 90' lang='lat' dir='ltr'><strong>ut</strong></span> <span class='ocrx_word' id='word_1_208' title='bbox 954 3732 1196 3799; x_wconf 89' lang='lat' dir='ltr'><strong>nullius</strong></span> <span class='ocrx_word' id='word_1_209' title='bbox 1241 3736 1489 3821; x_wconf 90' lang='lat' dir='ltr'><strong>ingenii</strong></span> <span class='ocrx_word' id='word_1_210' title='bbox 1535 3741 1964 3825; x_wconf 77' lang='lat' dir='ltr'><strong>minimaeque</strong></span> <span class='ocrx_word' id='word_1_211' title='bbox 1992 3742 2341 3817; x_wconf 85' lang='lat' dir='ltr'><strong>doctrinae,</strong></span> <span class='ocrx_word' id='word_1_212' title='bbox 2387 3741 2688 3811; x_wconf 86' lang='lat' dir='ltr'><strong>alterum,</strong></span> 
     </span>
     <span class='ocr_line' id='line_1_31' title="bbox 505 3830 2346 3930; baseline 0.006 -34"><span class='ocrx_word' id='word_1_213' title='bbox 505 3835 584 3896; x_wconf 87' lang='lat' dir='ltr'><strong>ut</strong></span> <span class='ocrx_word' id='word_1_214' title='bbox 610 3830 1015 3898; x_wconf 88' lang='lat' dir='ltr'><strong>verbosum</strong></span> <span class='ocrx_word' id='word_1_215' title='bbox 993 3853 1061 3898; x_wconf 77' lang='lat' dir='ltr'><strong>in</strong></span> <span class='ocrx_word' id='word_1_216' title='bbox 1089 3837 1363 3904; x_wconf 88' lang='lat' dir='ltr'><strong>historia</strong></span> <span class='ocrx_word' id='word_1_217' title='bbox 1393 3842 1986 3930; x_wconf 87' lang='lat' dir='ltr'><strong>negligentemque,</strong></span> <span class='ocrx_word' id='word_1_218' title='bbox 2014 3846 2346 3927; x_wconf 87' lang='lat' dir='ltr'><strong>carpebat.</strong></span> 
     </span>
    </p>
   </div>
   <div class='ocr_carea' id='block_1_7' title="bbox 508 4015 2688 4314">
    <p class='ocr_par' dir='ltr' id='par_1_9' title="bbox 508 4015 2688 4314">
     <span class='ocr_line' id='line_1_32' title="bbox 1192 4015 2003 4106; baseline 0.009 -25"><span class='ocrx_word' id='word_1_219' title='bbox 1192 4015 1384 4083; x_wconf 89' lang='lat' dir='ltr'><strong>Idem</strong></span> <span class='ocrx_word' id='word_1_220' title='bbox 1418 4018 1679 4085; x_wconf 90' lang='lat' dir='ltr'><strong>Claudii</strong></span> <span class='ocrx_word' id='word_1_221' title='bbox 1714 4042 1865 4106; x_wconf 89' lang='lat' dir='ltr'><strong>cap.</strong></span> <span class='ocrx_word' id='word_1_222' title='bbox 1893 4024 2003 4088; x_wconf 78' lang='lat'><strong>41.</strong></span> 
     </span>
     <span class='ocr_line' id='line_1_33' title="bbox 594 4107 2688 4208; baseline 0.008 -36"><span class='ocrx_word' id='word_1_223' title='bbox 594 4107 965 4179; x_wconf 87' lang='lat' dir='ltr'><strong>Historiam</strong></span> <span class='ocrx_word' id='word_1_224' title='bbox 1007 4116 1079 4179; x_wconf 90' lang='lat' dir='ltr'><strong>in</strong></span> <span class='ocrx_word' id='word_1_225' title='bbox 1121 4117 1607 4202; x_wconf 76' lang='lat' dir='ltr'><strong>adolescentia,</strong></span> <span class='ocrx_word' id='word_1_226' title='bbox 1651 4116 1950 4191; x_wconf 86' lang='lat' dir='ltr'><strong>hortante</strong></span> <span class='ocrx_word' id='word_1_227' title='bbox 1988 4126 2071 4191; x_wconf 90' lang='grc' dir='ltr'><strong>Τ.</strong></span> <span class='ocrx_word' id='word_1_228' title='bbox 2117 4124 2337 4203; x_wconf 83' lang='lat' dir='ltr'><strong>Livio,</strong></span> <span class='ocrx_word' id='word_1_229' title='bbox 2378 4122 2688 4208; x_wconf 88' lang='lat' dir='ltr'><strong>Sulpicio</strong></span> 
     </span>
     <span class='ocr_line' id='line_1_34' title="bbox 508 4211 2451 4314; baseline 0.009 -40"><span class='ocrx_word' id='word_1_230' title='bbox 508 4227 664 4276; x_wconf 86' lang='lat' dir='ltr'><strong>vero</strong></span> <span class='ocrx_word' id='word_1_231' title='bbox 698 4211 935 4281; x_wconf 86' lang='lat' dir='ltr'><strong>Flavio</strong></span> <span class='ocrx_word' id='word_1_232' title='bbox 967 4218 1173 4285; x_wconf 90' lang='lat' dir='ltr'><strong>etiam</strong></span> <span class='ocrx_word' id='word_1_233' title='bbox 1204 4221 1589 4306; x_wconf 88' lang='lat' dir='ltr'><strong>adjuvante,</strong></span> <span class='ocrx_word' id='word_1_234' title='bbox 1623 4226 1915 4295; x_wconf 88' lang='lat' dir='ltr'><strong>scribere</strong></span> <span class='ocrx_word' id='word_1_235' title='bbox 1946 4247 2295 4314; x_wconf 86' lang='lat' dir='ltr'><strong>aggressus</strong></span> <span class='ocrx_word' id='word_1_236' title='bbox 2325 4233 2451 4292; x_wconf 87' lang='lat' dir='ltr'><strong>est.</strong></span> 
     </span>
    </p>
   </div>
   <div class='ocr_carea' id='block_1_8' title="bbox 2989 20 2996 756">
    <p class='ocr_par' dir='ltr' id='par_1_10' title="bbox 2989 20 2996 756">
     <span class='ocr_line' id='line_1_35' title="bbox 2989 20 2996 756; baseline 0 0"><span class='ocrx_word' id='word_1_237' title='bbox 2989 20 2996 756; x_wconf 95' lang='lat' dir='ltr'><strong> </strong></span> 
     </span>
    </p>
   </div>
  </div>
 </body>
</html>
