3034 4925
573 423 707 489 604
1520 433 1590 482 τ.
1643 431 1831 482 mvn

572 583 874 649 ferociter
903 579 1186 647 aliorum
1217 578 1405 644 scitis
1430 577 1952 642 adversarentur.
2040 577 2385 663 Regimen
2415 581 2633 646 totius
2653 601 2796 647 ma-

571 685 940 769 gistratus⁴
979 702 1189 768 penes
1235 678 1543 765 Appium
1592 686 1740 747 erat
1789 678 2022 746 favore
2084 681 2358 765 plebis!
2448 681 2787 766 Adeoque

572 805 822 851 novum
851 786 984 851 sibi
1032 783 1365 870 ingenium
1394 780 1727 860 induerat,
1774 787 1847 847 ut
1875 782 2220 865 plebicola
2264 792 2562 868 repente
2584 792 2608 821 ⁸
2649 804 2788 850 om·

572 888 814 973 nisque
845 909 1026 955 aurae
1068 887 1418 974 popularis
1468 891 1788 969 captator
1830 885 2169 965 evaderet,
2198 907 2322 971 pro
2358 888 2545 952 truci
2568 907 2787 954 saevo-

574 1011 708 1076 que
738 994 1135 1058 insectatore
1155 990 1396 1076 plebis.
1484 989 1773 1055 Decimo
1797 990 1906 1055 die
1924 990 2040 1075 jus
2062 991 2324 1075 populo
2349 991 2618 1075 singuli
2644 992 2785 1056 red-

572 1094 852 1160 debant!
939 1093 1038 1158 Eo
1087 1093 1196 1158 die
1237 1110 1443 1176 penes
1487 1089 1877 1175 praefectum
1916 1090 2095 1177 juris
2133 1090 2364 1157 fasces
2417 1093 2782 1158 duodecim

572 1203 797 1266 erant:
844 1196 1118 1279 collegis
1169 1213 1405 1259 novem
1456 1194 1700 1276 singuli
1729 1195 2003 1258 accensi
2044 1195 2490 1277 apparebant.
2590 1194 2685 1259 Et
2716 1195 2781 1258 in

486 1328 494 1335 ·
569 1298 771 1364 unica
796 1298 1154 1364 concordia
1180 1298 1353 1361 inter
1378 1299 1570 1380 ipsos
1611 1294 1763 1382 (qui
1794 1315 2161 1360 consensus
2193 1296 2480 1382 privatis
2503 1304 2535 1332 ¹⁸
2585 1297 2779 1361 inter·

559 1400 729 1465 dum
760 1403 1013 1468 inutilis
1031 1409 1226 1488 ¹esset
1245 1406 1298 1480 ⁵)
1342 1419 1601 1465 summa
1647 1399 1976 1465 adversus
2015 1399 2188 1464 alios
2238 1391 2549 1483 aeq’uitas
2600 1401 2796 1464 erat!

569 1501 1057 1570 Moderationis
1109 1522 1338 1569 eorum
1384 1508 1844 1585 argumentum
1890 1503 2202 1586 exemplo
2255 1503 2460 1567 unius
2511 1504 2615 1566 rei
2666 1523 2777 1568 no·

565 1610 769 1684 tasse,
796 1609 962 1673 satis
992 1609 1138 1672 erit.
1225 1606 1398 1672 Cum
1429 1604 1572 1670 sine
1610 1605 2094 1690 provocatione
2129 1606 2332 1670 creati
2364 1612 2637 1683 essent,
2666 1605 2774 1669 de·

557 1706 750 1773 fosso
778 1710 1152 1786 cadavere,.
1178 1708 1358 1773 domi
1393 1706 1595 1793 ¹apud
1647 1706 1731 1774 P.
1765 1707 2085 1787 Sestium,
2136 1707 2453 1792 patriciae
2499 1697 2773 1791 gentis¹

624 1900 644 1926 θ
677 1892 814 1942 Inter
846 1908 1022 1955 omnes,
1048 1895 1344 1945 Decemviros
1376 1895 1598 1959 princeps
1633 1898 1681 1944 et
1713 1894 1937 1944 mxima
1966 1867 2264 1943 auctoritatis
2293 1891 2570 1943 habendar-
2591 1894 2772 1958 Appi-s

562 1957 809 2073 effugiam&
822 2025 951 2075 inter
969 2025 1143 2089 seipsos
1162 2025 1334 2074 ”sirm
1350 2026 1649 2076 concordiam
1667 2029 1900 2080 tenerent,
1934 2038 2054 2088 ergo
2066 2065 2073 2070 .
2087 2021 2211 2074 alios
2241 2037 2478 2072 unm
2515 2024 2773 2100 sereno-st

553 2090 844 2154 oeqauatem.

1473 2187 1499 2207 0
1503 2185 1772 2207 ”WO‘OO‘
1776 2187 1808 2206 O
1812 2187 1837 2207 0

553 2297 824 2349 habita—4
857 2307 871 2330 ‘
890 2302 1125 2364 letgiam
1159 2304 1308 2354 cotim
1337 2303 1680 2366 magistratu.-
1712 2316 1834 2352 num
1876 2301 2292 2353 decemviratus?
2326 2315 2396 2350 au
2426 2302 2647 2365 collegii
2680 2301 2764 2351 de-

555 2364 939 2415 cemvirorum?
1004 2366 1106 2416 Sed
1152 2368 1225 2418 illi
1270 2368 1470 2419 notioni
1511 2382 1617 2416 non
1661 2367 1974 2418 conveniunt
2018 2367 2175 2418 verba
2216 2367 2432 2430 reginen
2478 2366 2657 2444 (quod
2700 2366 2759 2415 ad

552 2428 728 2506 plnres
780 2430 1017 2510 spectat)
1055 2439 1111 2483 et
1152 2433 1338 2484 totius.-
1384 2432 1514 2483 banc
1558 2432 1757 2510 respuit
1798 2447 1969 2484 sermo
2015 2432 2248 2489 Latinus,
2292 2446 2397 2495 quo
2440 2438 2760 2494 nagistrum

550 2493 747 2544 dicitur
782 2510 883 2546 non
922 2511 1020 2547 nisi
1056 2513 1239 2548 munus
1276 2497 1486 2563 aliquod
1523 2498 1805 2561 publicum,
1845 2506 1936 2550 aut
1977 2499 2065 2563 qui
2101 2513 2164 2547 eo
2203 2496 2455 2561 fungitur.
2503 2513 2613 2548 non
2658 2499 2759 2546 eol·

547 2558 762 2622 legium,
807 2563 959 2625 quale
985 2577 1136 2613 ,nunc
1182 2566 1335 2626 vulgo
1370 2564 1639 2625 Magiam
1684 2572 1917 2614 vocatur.
1982 2565 2169 2629 ltaque
2201 2564 2284 2612 vel
2316 2562 2555 2612 delenda
2586 2563 2760 2612 viden·

552 2630 644 2673 tur
663 2627 820 2675 verba
860 2627 1007 2676 totius
1041 2629 1371 2691 magistratus,
1411 2638 1655 2693 tanquam
1690 2631 1865 2692 glossa
1899 2629 2118 2680 hominis
2158 2628 2376 2691 indocti,
2412 2635 2653 2678 veterem
2688 2628 2758 2677 lo-

548 2688 742 2752 quendi
781 2706 925 2741 usum
962 2693 1268 2757 ignorantis,
1301 2695 1381 2744 vel
1419 2694 1524 2757 leg.
1560 2694 1791 2754 Regimen
1811 2700 1862 2745 et
1885 2695 1957 2744 uis
1977 2694 2304 2757 magistratus,
2324 2700 2418 2743 ant
2450 2699 2506 2742 et
2534 2694 2757 2747 ,tonsis

547 2754 697 2817 neg!
732 2756 1046 2821 Rupert.—5
1083 2761 1098 2787 ‘
1118 2759 1279 2822 Esset,
1311 2757 1514 2810 futurus
1533 2765 1692 2823 esset,
1712 2773 1828 2808 esse
1855 2767 2029 2824 posset
2049 2775 2065 2819 ;
2099 2759 2197 2810 uisi
2219 2757 2357 2808 forte
2380 2762 2476 2821 est,
2496 2757 2552 2806 h.
2575 2773 2625 2808 e.
2645 2772 2753 2807 esse

1535 2923 1753 2975 NOTAE

609 3040 628 3065 ⁸
647 3033 714 3081 Ue
733 3035 957 3096 plebicola
978 3037 1188 3102 repente]
1215 3038 1391 3101 Artes,
1412 3038 1603 3105 quibus
1680 3050 1928 3090 emensus
1958 3039 2015 3088 ia
2042 3039 2250 3102 privatis
2285 3036 2480 3087 inutilis
2512 3040 2669 3086 esset:
2700 3034 2751 3084 id

506 3130 511 3133 ·
543 3105 748 3171 Appius
769 3123 944 3160 auram
980 3115 1281 3177 popularem
1313 3116 1478 3179 primo
1510 3129 1600 3164 au·
1681 3122 1784 3174 est,
1803 3114 1845 3163 si
1869 3115 2011 3164 iuter
2044 3127 2100 3164 se
2136 3111 2326 3178 privati
2362 3112 2608 3162 homines
2630 3125 2751 3161 con·

542 3194 612 3231 uo
634 3186 884 3247 captavit,
908 3190 1115 3252 egregie
1137 3188 1384 3241 describit
1401 3191 1601 3256 Diony·
1682 3191 1934 3252 sentiant,
1955 3189 2214 3241 interdum
2239 3189 2292 3238 id
2314 3201 2512 3253 magno
2534 3187 2750 3238 alioru-

544 3258 650 3307 ⁸¹¹¹⁸
676 3260 772 3310 ⁸⁰¹²
796 3259 883 3310 fiss-
906 3261 997 3314 ¹5¹²·
1024 3276 1082 3313 Χ·
1681 3268 1814 3317 malo
1835 3265 1967 3316 fieri.
2031 3265 2164 3315 Mihi
2188 3265 2361 3315 verior
2398 3263 2624 3326 vulgata
2650 3263 2750 3313 lee-

607 3336 624 3368 t
659 3336 858 3387 Decimo
875 3338 1049 3401 disjus
1078 3342 1247 3406 populo
1278 3342 1458 3405 singuli
1489 3346 1599 3394 red·
1679 3343 1754 3393 tio
1775 3342 2000 3403 videtur,
2021 3347 2080 3390 ut
2103 3340 2281 3391 Livius
2304 3339 2558 3402 voluerit,
2590 3339 2753 3389 colle·

540 3410 735 3475 debant]
773 3414 1022 3481 Exemplo
1059 3416 1338 3480 primorum
1376 3418 1596 3470 interre·
1677 3434 1855 3485 garum
1878 3418 2227 3480 concordiam,
2246 3432 2365 3483 quse
2384 3431 2510 3467 rara
2527 3423 2634 3479 est,
2649 3431 2749 3467 noa

540 3502 682 3571 gum,
705 3506 918 3555 quorum
939 3494 1127 3558 singuli
1147 3509 1241 3560 per
1254 3497 1394 3549 vices
1411 3497 1597 3549 diebus

537 3566 761 3632 quinque
797 3569 1140 3636 imperabant,
1179 3580 1335 3638 atque
1374 3575 1596 3638 iusignia

485 3659 487 3662 ’
526 3641 746 3707 ‘imperii
789 3653 846 3695 et
886 3647 1100 3697 lictores
1131 3648 1396 3700 habebant
1433 3664 1595 3714 supra

537 3718 627 3768 lib.
647 3734 687 3770 ι.
707 3736 754 3773 c.
778 3726 857 3774 17.
889 3722 978 3772 ubi
1005 3724 1071 3774 de
1108 3726 1338 3775 accensis
1359 3733 1416 3776 et
1441 3726 1592 3777 licto-

535 3796 692 3846 ribus.

600 3880 625 3906 ¹¹
662 3874 762 3931 Qui
792 3878 1039 3927 consensus
1056 3876 1284 3942 privatis]
1329 3876 1486 3943 Legit
1503 3877 1589 3928 si-

535 3960 654 4008 gon.
685 3953 769 4013 qui
797 3969 1046 4004 consensus
1091 3955 1144 4003 ia
1186 3954 1394 4018 privatis
1435 3953 1588 4005 inter·

534 4023 646 4070 dum
667 4027 873 4076 consiliis
890 4030 1026 4079 utilis
1046 4036 1192 4080 esset.-
1226 4039 1384 4094 atque
1423 4029 1587 4079 inter-

534 4105 792 4160 pretatur,
815 4111 872 4153 ut
893 4106 938 4153 si
960 4106 1150 4168 privati
1174 4106 1225 4155 in
1250 4106 1586 4157 consiliis'ca-

532 4167 736 4236 piendis
778 4190 917 4240 saepe
956 4183 1299 4244 consentiant,
1340 4183 1583 4248 quemad·

531 4251 737 4300 modum
763 4258 887 4303 tunc
910 4254 1205 4319 decemviri,
1222 4259 1350 4309 utile
1372 4257 1424 4308 id
1442 4257 1582 4310 futu-

529 4340 644 4376 rum
662 4326 729 4377 sit
752 4328 882 4393 reip.
917 4328 1248 4385 Robortellus
1271 4336 1487 4400 mavult,
1500 4338 1585 4401 qai

1676 3509 1883 3559 semper
1918 3492 2234 3558 optandam;
2267 3499 2328 3543 ut
2367 3506 2491 3558 qum
2530 3492 2749 3552 inutilis,

1674 3571 1727 3620 id
1747 3579 1846 3637 est,
1860 3571 2127 3632 damnosa,
2141 3583 2244 3619 non
2267 3583 2386 3618 raro
2404 3567 2639 3632 privatis
2655 3568 2747 3617 sit:

1673 3648 2065 3711 magistratuum
2088 3646 2282 3711 qnippe
2313 3644 2457 3694 inter
2495 3657 2554 3694 se
2591 3643 2747 3694 ninia

1671 3724 1941 3775 consensio
1978 3722 2251 3789 peccandi
2296 3721 2574 3771 licentiam
2623 3720 2743 3786 ipsis

1670 3803 1974 3866 plerumque
2011 3799 2215 3864 praebet
2235 3799 2289 3847 in
2314 3798 2611 3862 perniciem
2640 3798 2743 3863 pri-

1672 3882 1927 3937 vatorum,
1945 3872 2381 3938 quemadmodum
2402 3871 2462 3921 in
2486 3872 2743 3936 posterio-

1669 3952 1739 4001 ris
1781 3952 1904 4003 anni
1942 3947 2252 4001 decemviris
2288 3948 2581 4012 contigisse
2620 3956 2769 3998 mox·

1667 4030 1962 4096 apparebit.

1729 4116 1756 4141 ¹
1774 4108 1935 4171 Apud
1968 4106 2033 4155 P.
2055 4104 2267 4154 &uiua
2299 4104 2528 4167 patricie
2552 4102 2734 4166 gentis]

1667 4184 1907 4249 Apparet
1928 4183 2063 4231 hunc
2077 4181 2306 4231 Sestium
2333 4179 2500 4229 alium
2520 4178 2681 4229 fnisse
2700 4194 2731 4227 a

1664 4258 1983 4318 decemviro,
2016 4255 2222 4307 etiamsi
2256 4254 2494 4320 ejusdem
2531 4255 2731 4321 procul«

1664 4334 1822 4387 dubio
1844 4334 2029 4400 gentis.
