3034 4925
508 357 746 476 ’434

612 592 854 656 magna
877 573 943 638 vi
958 572 1231 643 adortus
1251 580 1358 638 est
1376 561 1736 639 Coriolos.¹r
1777 572 1944 637 Erat
1960 576 2099 639 tum
2123 570 2189 635 in
2213 561 2651 635 castris'inter
2671 567 2784 651 pri·

613 697 838 742 mores
844 653 1166 763 juvenum
1189 676 1268 741 C.
1290 676 1680 755 Marcius,4⁵
1701 675 2093 740 adolescens
2113 681 2180 739 et
2197 672 2483 739 consilio
2510 677 2584 735 et
2604 690 2781 734 manu

612 786 934 862 promtus,
963 780 1078 844 cui
1106 799 1467 862 cognomen
1499 785 1740 863 postea
1770 777 2129 843 Coriolano
2158 777 2334 842 fuit.·
2373 773 2553 840 Cum
2584 774 2782 839 subito

613 882 988 946 exercitum
1018 881 1414 960 Romanum,
1447 881 1756 947 Coriolos
1781 882 2223 960 obsidentem,
2253 886 2455 963 atque
2494 879 2570 941 in
2613 876 2784 961 oppi-

1553 425 1624 475 Τ.
1675 425 1867 473 mvn

614 983 845 1061 danoS,
876 1003 1046 1068 quos
1066 984 1256 1048 'intus
1284 985 1556 1050 clausos
1575 984 1892 1063 habebat,
1924 984 2244 1049 intentum
2270 983 2414 1048 sine
2445 979 2600 1044 ullo
2621 984 2783 1043 metu

549 1142 559 1149 .
611 1085 1027 1150 extrinsecus
1056 1085 1462 1151 imminentis
1485 1086 1674 1164 belli,
1699 1084 1979 1152 Volscae
2001 1086 2327 1169 legiones,
2356 1083 2682 1169 profectae
2711 1081 2784 1145 ab

610 1182 844 1266 Antio,
869 1189 1295 1264 invasissent,
1318 1190 1687 1273 eodemque
1712 1201 2007 1273 tempore
2032 1209 2121 1254 ex
2143 1187 2399 1273 oppido
2421 1185 2784 1270 erupissent

610 1291 863 1364 hostes,
890 1292 1062 1365 forte
1086 1292 1155 1355 in
1179 1293 1472 1357 statione
1503 1292 1808 1358 Marcius
1828 1291 1975 1358 fuit.
2029 1293 2128 1371 Is,
2159 1312 2315 1357 cum
2344 1290 2623 1356 delecta
2637 1286 2782 1352 mili·

609 1401 746 1460 tum
765 1414 988 1473 manu,
1014 1414 1146 1459 non
1168 1394 1368 1460 modo
1392 1395 1713 1479 impetum
1737 1395 2219 1479 erumpentium
2242 1393 2527 1471 retudit,
2550 1390 2668 1455 sed
2687 1408 2784 1473 per

612 1503 948 1581 patentem
976 1510 1236 1581 portam
1261 1498 1453 1566 ferox,
1476 1499 1753 1584 irrupit:
1801 1499 2124 1582 caedeque
2145 1499 2212 1563 in
2237 1498 2561 1584 proxima
2582 1493 2781 1559 urbis5

608 1600 837 1678 facta,t
878 1601 1119 1683 ignem,
1149 1605 1394 1666 temere
1437 1609 1834 1685 arreptum,¹¹
1882 1601 2377 1667 imminentibus
2416 1618 2617 1664 muro
2644 1595 2781 1662 aedi-

609 1703 782 1767 ficiis
812 1703 1060 1787 injecit.
1126 1701 1393 1768 Clamor
1443 1704 1597 1768 inde
1647 1703 2154 1788 oppidanorum,
2203 1704 2463 1768 mixtus
2494 1696 2780 1765 muliebri

609 1793 974 1891 puerilique
1019 1806 1309 1891 ploratu,
1357 1806 1443 1872 ad
1485 1813 1826 1885 terrorem,
1859 1797 1947 1872 ⁸ut
1976 1807 2170 1886 solet,
2217 1808 2432 1892 primo
2468 1809 2703 1881 ortus,¹
2726 1806 2782 1864 et

1513 1991 1542 2011 O
1547 1990 1848 2015 ‘mum
1853 1991 1879 2011 O

606 2097 828 2157 Van—4
866 2106 946 2157 ΑΙ.
991 2110 1084 2159 Cn.
1111 2108 1439 2159 Marcium—5
1475 2109 1573 2160 ‘In
1596 2107 1900 2175 quibusdam
1921 2109 2051 2160 Mss.
2083 2107 2277 2171 legitur
2310 2102 2776 2181 inpressisset-bin,

607 2172 660 2222 iu
704 2173 817 2222 aliis
850 2173 901 2222 in
940 2174 1159 2238 proximu
1193 2175 1342 2231 urbe‚·
1372 2174 1505 2224 unde
1540 2175 1593 2223 ia
1625 2175 1784 2239 prim
1822 2176 1952 2231 arbe,
1989 2176 2039 2225 h.
2063 2189 2111 2225 e.
2150 2174 2204 2224 iu
2243 2174 2412 2237 prima
2447 2179 2610 2236 parte
2641 2170 2776 2230 urhis,

607 2238 813 2288 emend.
847 2238 963 2289 Jac.
994 2240 1223 2289 Gronov.
1268 2240 1321 2289 in
1351 2239 1617 2303 proximum
1645 2241 1831 2291 turbam
1863 2240 2000 2305 conj.
2035 2241 2089 2292 J.
2117 2241 2176 2290 F.
2198 2239 2427 2290 Gronov.
2513 2238 2642 2287 Mox
2679 2248 2775 2285 cun

604 2303 657 2354 J.
681 2304 739 2353 F.
763 2303 990 2355 Gronov.
1029 2306 1128 2369 leg.
1163 2306 1225 2354 ud
1246 2310 1492 2365 terrorem,
1512 2309 1570 2354 at
1587 2306 1721 2366 solet,
1737 2308 1943 2370 primm
1972 2304 2150 2355 ortua!
2171 2306 2391 2369 Rupert.
2457 2304 2479 2333 ‘
2502 2301 2779 2365 Perplacet,

606 2383 757 2431 quam
803 2369 1050 2419 Klockius
1095 2377 1149 2420 et
1188 2370 1479 2419 Gronovius
1521 2380 1920 2435 proposuerunt,
1963 2370 2294 2420 emendatio:
2347 2370 2413 2418 ud
2454 2373 2701 2442 terrorest,
2733 2370 2776 2440 ¹!

605 2435 741 2500 solet,
774 2436 979 2499 primum
1006 2440 1154 2501 onus,
1190 2436 1238 2487 h.
1271 2451 1320 2486 e.
1361 2435 1572 2500 clamor,
1594 2438 1761 2502 qualis
1799 2438 1863 2487 ad
1901 2437 2122 2503 primum
2144 2434 2463 2487 imminentis
2487 2434 2775 2485 calamitatis

1587 2584 1807 2637 NOTAE
1850 2640 1856 2644 ,

604 2683 859 2733 carnassei
892 2683 1027 2744 loco,
1050 2684 1137 2734 nbi
1158 2682 1272 2735 haec
1295 2685 1653 2737 civitassvoca·
1734 2701 1852 2738 cum
1875 2685 2130 2737 Marcium
2153 2698 2329 2749 regem
2358 2683 2411 2733 in
2433 2695 2649 2733 numero
2668 2694 2771 2745 gen·

603 2766 706 2818 tur,
728 2764 1074 2812 Πολουσκανῶν
1091 2760 1247 2812 πόλις.
1733 2764 1900 2816 tilium
1926 2778 2132 2814 suorum
2153 2762 2428 2812 habuerat.

666 2844 687 2871 ¹
723 2838 956 2902 Coi-iulos]
989 2838 1190 2888 Graecis
1211 2839 1419 2889 coriola
1441 2838 1652 2902 dicitnr,

603 2919 658 2963 et
687 2913 857 2963 Suidae
883 2914 1094 2978 Corilla,
1127 2916 1210 2964 vel
1245 2916 1499 2979 Coriolla3
1531 2922 1656 2966 sunt

553 3023 563 3033 .
600 2989 735 3039 enim
758 2990 869 3039 haec
901 2990 1008 3040 duo
1049 2991 1217 3059 unius,
1253 2992 1390 3057 apud
1426 3008 1565 3058 eum,
1598 2999 1653 3044 et

600 3065 825 3128 ejusdem
861 3068 1002 3116 urbis
1039 3069 1264 3119 nomina.
1339 3070 1649 3120 Volscorum

604 3143 747 3204 quasi
772 3151 930 3207 caput
948 3146 1183 3208 appellat
1203 3146 1652 3199 Halicarnasseus.

600 3219 912 3270 Plutarchus
928 3228 1120 3287 autem,
1142 3223 1193 3272 in
1213 3224 1503 3292 Coriolano,
1515 3228 1650 3278 hauc

597 3297 777 3347 urbem
803 3299 854 3347 in
877 3314 939 3348 ca
969 3307 1124 3363 gente
1155 3300 1424 3351 maximam
1448 3302 1649 3353 obtinu-

597 3374 703 3438 isse
727 3375 1031 3439 dignitatem
1060 3382 1296 3426 testatur.
1348 3379 1472 3443 Ejus
1499 3380 1648 3431 bodie

597 3454 740 3504 nulla
781 3459 962 3503 extant
1017 3453 1264 3518 vestigia3
1333 3470 1434 3505 nou
1488 3457 1648 3522 magis

538 3590 545 3597 ¹
596 3548 748 3598 quam
794 3533 1032 3584 Poluscae
1076 3543 1132 3585 et
1177 3536 1440 3599 Longulae.
1529 3538 1646 3589 Hoc

594 3618 796 3662 tantum
840 3619 1065 3677 constat,
1105 3614 1333 3664 Coriolos
1376 3614 1645 3665 Lanuvino

592 3702 717 3753 agro
763 3696 821 3740 et
860 3689 1068 3740 Solonio
1114 3705 1297 3754 campo
1341 3692 1536 3741 vicinos
1579 3692 1643 3742 ad

477 3758 492 3773 ⁸
592 3772 782 3830 ortum,
802 3766 968 3832 'atque
1004 3767 1116 3817 haec
1138 3767 1238 3816 tria
1263 3769 1455 3833 oppida
1477 3769 1648 3836 posita

593 3840 752 3893 fuisse
770 3845 824 3893 iu
854 3843 1156 3894 Volscorum
1179 3847 1407 3910 regione,
1428 3847 1645 3898 Velitris

592 3925 748 3982 atque
768 3917 926 3970 Antio
946 3921 1307 3985 interjacente.
1559 3923 1564 3927 ’

647 4001 667 4026 ·
703 3994 794 4042 Gn.
816 3995 1052 4061 Marcius]
1099 3996 1382 4049 Plutarcho
1414 4004 1468 4049 et
1493 3998 1642 4063 Hali·

593 4083 866 4119 carnasseo
889 4070 1042 4121 Caius
1072 4072 1303 4125 Marcius
1333 4074 1548 4140 dicitur,
1584 4082 1642 4128 et

593 4145 740 4210 genti
780 4145 996 4197 Marciae
1037 4148 1290 4201 familiare
1343 4167 1640 4216 praenomeu

593 4223 732 4285 Caii,
752 4237 853 4273 non
868 4222 1034 4282 Cneii,
1057 4216 1386 4291 ex'Sigoni05
1408 4244 1525 4294 quae
1548 4244 1641 4280 no·

592 4301 840 4354 bilissima
852 4347 859 4355 .
872 4299 1009 4353 inter
1043 4302 1285 4375 patricios
1318 4304 1519 4367 familia,
1534 4306 1639 4372 ᾼη·

1800 2843 1816 2876 ⁸
1848 2843 2074 2906 Caedeque
2093 2843 2145 2891 in
2163 2840 2389 2907 ,proxima
2420 2837 2687 2903 [proximo]
2706 2847 2770 2885 tn·-

1732 2917 1980 2981 bissactu]
2016 2918 2081 2969 Id
2103 2927 2208 2983 est,
2232 2920 2283 2967 in
2306 2916 2434 2967 locis
2458 2916 2593 2967 Urbi
2619 2911 2773 2979 proxi·

1731 2997 1845 3055 mis,
1886 2997 2071 3059 sivein
2106 3004 2256 3062 parte
2279 3010 2393 3061 qua·
2428 3004 2599 3060 porto
2633 2989 2769 3040 Urbis

1732 3075 1985 3141 proximat
2047 3074 2323 3140 Rhenanus
2341 3072 2574 3122 malebat
2593 3070 2712 3120 coede
2727 3068 2769 3117 is

1722 3151 1944 3216 proxima
1965 3150 2098 3200 urbis
2119 3150 2279 3212 factu,
2308 3148 2361 3198 id
2399 3156 2502 3203 est,
2536 3161 2696 3213 usque
2722 3145 2766 3194 in

1727 3228 1842 3278 loca
1865 3228 2119 3292 proxima,
2143 3242 2245 3276 non
2269 3226 2424 3275 male.

1793 3312 1815 3338 ⁸
1847 3304 2034 3369 Ignem,
2063 3309 2236 3354 temere
2263 3302 2534 3367 arreptum]
2570 3302 2766 3352 Constat

1728 3382 1923 3446 optime
1946 3381 2180 3446 phrasis:
2216 3386 2274 3430 ut
2307 3395 2524 3449 necesse
2555 3379 2687 3428 baud
2710 3376 2767 3424 sit

1728 3466 1950 3521 mutare,
1971 3474 2032 3509 ac
2068 3458 2244 3522 legere
2280 3458 2546 3520 abreptum,
2578 3463 2637 3505 nt
2670 3453 2765 3502 vult

1726 3536 2034 3587 Rhenanus:
2071 3534 2195 3602 quid
2225 3537 2364 3600 enim·
2389 3535 2566 3598 iguem
2599 3533 2763 3594 abrep-

1726 3619 1834 3663 tum
1861 3628 1890 3662 e
1925 3611 2044 3664 foco
2073 3627 2287 3663 necesse
2322 3609 2442 3666 fuit,
2467 3610 2589 3660 dum
2621 3606 2763 3658 unde·

1726 3704 1947 3755 cumque
1981 3690 2126 3756 illato
2162 3703 2292 3757 usus
2322 3687 2388 3737 ad
2432 3684 2760 3752 spargendum

1723 3765 2014 3817 incendium
2035 3765 2261 3833 Marcius
2285 3761 2447 3812 fuerit
2469 3762 2490 3810 ?

1786 3851 1814 3877 ¹
1838 3843 2004 3892 Primo
2026 3847 2162 3893 ortus
2183 3840 2338 3906 [ortu]
2375 3839 2522 3888 Alias
2542 3838 2608 3888 ud
2627 3844 2759 3889 tem-

1631 3939 1639 3947 '
1721 3935 1840 3995 fem,
1867 3924 1924 3969 “t
1942 3920 2080 3980 solet,
2105 3918 2329 3982 primum,
2349 3920 2503 3976 ortus,
2536 3930 2635 3964 non
2666 3926 2758 3961 om·

1720 3998 1841 4047 nino
1874 3996 2138 4062 displicet,
2169 3994 2213 4044 si
2243 3994 2394 4045 modo
2423 3993 2631 4056 primm
2669 4002 2757 4039 non

1721 4082 1962 4142 tanquam
1984 4072 2284 4124 adverbium
2307 4085 2498 4133 sumas,
2527 4068 2617 4120 sed
2641 4065 2757 4117 refe·

1722 4169 1805 4203 ras
1838 4151 1904 4204 ad
1940 4159 2208 4212 terrorem,
2240 4156 2300 4199 ut
2335 4149 2421 4214 sit,
2457 4147 2522 4198 ad
2553 4145 2756 4213 primum

1725 4236 1975 4284 terrorem
1999 4235 2145 4280 ortus
2163 4227 2373 4291 clamor,
2393 4228 2493 4276 &c-
