3034 4925
962 429 973 438 ·
1055 408 1200 456 mn.
1249 408 1298 456 1.
1344 408 1506 459 cAr.
1550 392 1660 460 43.
2318 401 2447 470 297

244 547 501 618 Tertiae
530 551 775 618 elassis
802 552 870 618 in
893 561 922 606 ⁹
964 554 1452 641 quinquaginta
1478 556 1759 623 millium
1788 575 2061 628 censum
2092 582 2244 632 esse
2262 566 2286 605 ὖ
2330 587 2449 636 vo-

244 656 400 722 luit.
484 655 793 726 Totidem
825 659 1138 726 centuriae
1169 666 1241 726 et
1286 661 1415 741 bae,
1442 660 1811 747 eodemque
1856 662 2234 734 discrimine
2282 677 2449 739 aeta-

245 759 448 838 tium,
472 760 714 828 factm:
761 781 884 828 nee
915 762 1001 828 de
1032 763 1236 829 armis
1264 765 1626 849 quicquam
1658 772 2012 851 mutatum3
2058 790 2278 840 ocreae
2307 779 2450 842 tan·

244 867 398 927 t‘um
428 863 738 931 ademtae.
825 864 908 931 In
943 875 1179 951 quarta
1224 869 1442 933 classe
1492 888 1730 935 census
1779 873 2073 958 quinque
2111 882 2179 940 et
2214 876 2450 961 viginti

244 965 560 1045 millium,
588 967 871 1035 totidem
898 970 1217 1038 centuriae
1239 970 1463 1039 faetoe.
1553 972 1762 1039 Arma
1790 983 2069 1057 mutata,
2088 980 2256 1046 nihil
2278 1001 2447 1065 prm·

243 1074 352 1134 ter
400 1071 662 1138 hastam
713 1077 784 1138 et
827 1080 1133 1139 verutum
1177 1074 1531 1141 datum.¹0¹²
1619 1073 1877 1155 Quinta
1926 1079 2174 1146 classis
2224 1090 2449 1164 aucta,

246 1174 571 1240 centuriae
615 1174 883 1259 triginta
910 1176 1143 1242 factm:
1165 1187 1190 1216 ⁶
1229 1176 1477 1243 fundas
1506 1177 1901 1266 lapidesque
1928 1183 2223 1250 missiles
2247 1186 2316 1251 hi
2345 1206 2447 1252 se-

246 1294 412 1340 cum
444 1278 776 1360 gerebant.
809 1277 891 1343 In
908 1279 1017 1345 his
1047 1279 1392 1360 accensi,¹¹
1414 1281 2399 1373 ‘’comicineS,tibicinesque,¹²
2423 1298 2450 1339 Ρ

319 1442 345 1475 ²³
383 1444 540 1507 Usque
558 1446 622 1494 ad
639 1459 863 1496 mmmmm
883 1447 1083 1498 millium
1105 1450 1218 1500 oeris
1236 1450 1597 1516 quinquaginta.

318 1516 342 1540 ι·
375 1510 557 1570 Μιῄονί
577 1525 767 1563 numero
788 1514 1108 1566 centuriarum
1127 1517 1384 1568 constituta
1405 1523 1475 1568 est
1494 1518 1660 1569 classis
1677 1520 1862 1584 quinta.

1173 1644 1537 1670 oeeaeaeoeeeoo

239 1751 502 1809 pararent,
521 1744 723 1809 Lipsius
744 1746 797 1798 in
813 1745 1178 1808 benefacerent,
1200 1754 1256 1799 et
1279 1749 1526 1800 scheller.
1542 1750 1596 1800 in
1617 1751 1732 1801 bello
1741 1749 2110 1814 serranum—9
2130 1754 2145 1783 ‘
2163 1753 2248 1805 Αιι
2271 1756 2375 1806 del.
2400 1757 2452 1808 ιἰι

244 1810 393 1876 quod
419 1826 450 1860 a
466 1811 639 1862 multis
657 1812 784 1864 Mss.
807 1814 957 1863 abest
977 1812 1012 1863 ?'
1036 1814 1240 1879 Καρσί.
1273 1814 1381 1865 Pro
1398 1816 1599 1866 millium
1616 1816 1754 1882 conj.
1786 1818 1957 1868 Drak.
1980 1820 2283 1872 mittam—1⁰
2305 1822 2482 1873 Arma·

245 1881 441 1926 mutata
463 1877 585 1928 nihil
607 1882 788 1942 proeter
804 1879 989 1930 hastam
1007 1895 1028 1940 ;
1050 1885 1096 1930 et
1122 1886 1340 1931 verutum
1355 1882 1521 1932 datum
1540 1881 1884 1948 distinguend.
1908 1891 2089 1937 censet
2108 1886 2414 1952 Doujat.-l
2427 1892 2450 1937 ι

1252 2029 1471 2081 NOTAE

247 2130 482 2190 quatuor
506 2122 688 2189 pedes,
724 2130 779 2177 et
816 2124 1103 2190 incurvum,
1143 2132 1201 2177 ut
1237 2132 1317 2178 to·
1395 2127 1543 2194 bant,
1566 2143 1630 2180 ex
1656 2130 1836 2196 quinta
1860 2125 2072 2182 fuerint.
2139 2132 2262 2182 Duo
2283 2138 2458 2185 tamen

248 2209 370 2251 tum
415 2202 672 2253 hominem
721 2209 956 2268 tegeret:
989 2205 1075 2256 ille
1119 2204 1319 2256 Graecis

246 2276 419 2343 ἆσπὶς,
450 2278 596 2330 uobis
633 2280 862 2331 bouclier:
895 2281 993 2332 boc
1027 2280 1123 2332 Gr.
1145 2283 1318 2347 θυρεὸς.

248 2357 380 2408 Gal.
400 2357 653 2415 rondache,
688 2358 813 2408 alias
834 2360 1015 2424 pavois.
1079 2360 1318 2410 Formam

248 2445 312 2486 et
335 2435 610 2487 discrimen
636 2436 900 2504 utriusque
926 2437 1130 2504 Lipsius
1155 2436 1321 2490 tradit

249 2528 347 2564 111.
371 2514 440 2563 de
461 2515 607 2564 milit.
633 2514 782 2567 Rom.

321 2590 525 2641 Scutum
544 2604 632 2656 pro
653 2592 838 2657 clypeo]
871 2592 1098 2658 Clypeus
1121 2592 1217 2645 fnit
1241 2609 1320 2644 ro-

246 2668 425 2739 tunda
458 2665 647 2731 forma,
681 2677 883 2719 scutum
930 2669 1173 2738 oblonga,
1215 2671 1322 2721 nive

249 2754 471 2796 ovatum
495 2751 637 2795 esset
662 2746 769 2796 sive
789 2746 1136 2799 imbricatum.
1203 2747 1323 2801 Qua

249 2822 324 2872 de
350 2837 410 2871 re
434 2820 552 2871 vide
574 2820 716 2873 Just.
753 2822 989 2887 Lipsium
1026 2824 1094 2873 de
1136 2824 1324 2875 militia

249 2896 413 2947 Rom.
432 2896 526 2946 lib.
548 2911 635 2948 ιιι.
661 2897 711 2947 d.
737 2913 784 2948 e.
814 2900 871 2950 J.
901 2900 1127 2951 Clericus.

320 2982 347 3008 ¹¹
383 2974 577 3024 Praeter
609 2975 794 3026 hanam
815 2982 863 3027 et
884 2983 1100 3027 verutum
1129 2978 1321 3042 datum]

250 3053 339 3104 Ex
359 3052 460 3102 boc
484 3052 618 3102 Livii
636 3053 754 3103 loco
776 3068 878 3103 non
902 3055 1029 3105 satis
1057 3064 1205 3105 certo
1227 3071 1319 3121 ap-

251 3136 435 3195 paret,
454 3143 519 3178 an
542 3138 741 3195 quartae
764 3131 941 3181 classis
964 3132 1156 3184 milites
1182 3131 1326 3198 gravi

255 3223 326 3257 an
351 3208 461 3256 levi
496 3213 771 3257 armaturae
809 3208 913 3258 sint
933 3209 1326 3259 annumerandi.

254 3286 310 3335 Si
336 3291 607 3350 receptam
642 3300 917 3352 sequemur
949 3287 1327 3352 interpunctio·

253 3377 402 3423 nem,
442 3363 720 3414 dicendum
765 3364 868 3414 erit
897 3364 1082 3414 leviter
1124 3371 1324 3414 tantum

256 3446 493 3489 armatos
510 3437 689 3490 fuisse.
755 3439 874 3490 Hoc
894 3441 1029 3492 enim
1050 3442 1330 3492 ostendunt

257 3524 275 3546 ‘
290 3529 436 3566 arma
462 3515 692 3580 mutata,'
717 3517 766 3566 id
790 3524 891 3581 est,
912 3519 1081 3583 galea,
1105 3526 1328 3581 scutum,

257 3600 320 3643 et
367 3593 574 3656 gladius
629 3593 854 3660 ademta,
897 3595 1085 3660 quibus
1131 3602 1329 3647 armata

258 3669 445 3720 classis
504 3669 680 3734 tertia,
756 3678 812 3723 et
882 3672 1010 3721 nibil
1070 3686 1328 3722 armorum

259 3749 276 3777 ‘
299 3755 501 3814 praeter
519 3747 720 3799 hastam
740 3749 956 3808 datum,’
977 3757 1067 3800 ant
1081 3751 1199 3800 loco
1218 3750 1330 3799 bas·

263 3833 335 3876 1ae
372 3824 703 3888 ‘verutum3'
735 3825 893 3892 idque
928 3825 1148 3876 suadere
1188 3825 1330 3876 vide·

262 3914 355 3956 tur
395 3902 535 3970 quod
581 3905 839 3969 sequenti,
879 3904 1072 3969 quintae
1111 3905 1333 3967 scilicet,

264 3981 421 4031 classi
464 3979 798 4042 assignantur
821 3978 997 4031 fundae
1034 3987 1235 4032 tantum
1272 3995 1334 4032 ac

263 4058 490 4124 lapides.
557 4057 644 4108 Sic
679 4060 907 4125 Rorarii,
933 4060 1126 4124 jaculis
1160 4060 1334 4111 brevi·

266 4137 469 4201 busque
489 4135 650 4184 hastis
675 4150 897 4201 pugnam
916 4137 1057 4187 ciere
1077 4138 1236 4200 soliti,
1267 4152 1334 4187 ex

267 4219 460 4282 quarta
480 4212 664 4273 classe,
685 4212 889 4264 accensi
913 4228 1058 4276 vero,
1079 4214 1166 4278 qui
1202 4212 1335 4278 lapi-

266 4291 423 4341 dibus
451 4289 718 4339 mittendis
740 4290 795 4339 in
824 4290 1028 4342 hostem
1063 4304 1336 4358 procurre·

401 4370 583 4436 Delph.
606 4378 655 4422 et
682 4370 798 4425 γαν.
822 4372 954 4424 Cius.

1279 4371 1463 4422 Livius.

1399 2211 1521 2254 sunt
1546 2221 1659 2270 quae
1681 2205 1811 2257 banc
1833 2206 2142 2256 sententiam
2175 2208 2341 2258 minus
2370 2222 2461 2259 ve·

1400 2280 1662 2331 risimilem
1686 2281 1926 2340 reddant,
1971 2283 2303 2347 atquealiter
2323 2285 2460 2335 hune

1398 2357 1567 2407 locum
1637 2358 1892 2410 suadeant
1954 2359 2455 2425 interpungendum:

1401 2449 1590 2501 nempe
1612 2451 1744 2488 arma
1777 2442 1961 2488 mutata
1996 2437 2119 2489 nihil
2147 2442 2327 2501 praeter
2354 2438 2461 2488 has·

1402 2516 1501 2562 tum
1514 2529 1535 2572 ,·
1557 2517 1605 2562 et
1625 2519 1843 2564 verutum
1863 2516 2026 2565 datum
2039 2531 2055 2564 .·
2078 2514 2128 2563 id
2154 2521 2257 2580 est,
2281 2514 2460 2565 iisdem

1405 2589 1560 2639 armis
1612 2590 1692 2640 usi
1735 2598 1932 2657 quartae
1980 2591 2159 2643 classis
2211 2591 2462 2656 homines,

1406 2667 1591 2733 quibus
1631 2666 1875 2718 utebatur
1918 2669 2074 2719 tertia
2119 2668 2313 2732 classis,
2362 2669 2463 2718 nisi

1406 2742 1543 2812 quod
1569 2743 1670 2793 illis
1710 2759 1805 2808 pro
1827 2744 1976 2796 basta
1999 2745 2177 2795 datum
2204 2751 2460 2796 verutum.

1404 2836 1445 2873 1.
1471 2822 1752 2888 Dionysius
1776 2824 1864 2875 lib.
1886 2838 1958 2875 ιν.
1984 2832 2211 2875 testatur
2234 2823 2465 2875 nomina-

1406 2899 1497 2949 tim
1537 2914 1678 2950 arma
1701 2913 1779 2953 ιν.
1803 2902 1957 2952 classi
1982 2903 2256 2966 imperata,
2295 2907 2465 2963 scuta,

1405 2976 1600 3042 hastas,
1623 2984 1677 3028 et
1697 2976 1899 3043 gladios
1924 2994 1937 3029 ε
1973 2979 2015 3029 si
2054 2978 2174 3045 quid
2212 2993 2338 3043 ergo
2362 2979 2465 3028 dis-

1404 3052 1636 3103 criminis
1650 3056 1743 3106 bac
1767 3054 1816 3104 in
1836 3070 1891 3105 re
1914 3054 2009 3105 fnit
2034 3056 2170 3106 inter
2192 3062 2467 3121 utramque

1405 3131 1641 3195 classem,
1675 3130 1728 3180 id
1749 3132 1804 3181 in
1824 3132 1923 3181 boc
1948 3133 2110 3182 solum
2143 3130 2468 3195 versabatur,

1408 3207 1545 3273 quod
1571 3222 1647 3258 ιν.
1683 3208 1834 3259 classi
1868 3209 2141 3273 assignatae
2167 3207 2334 3272 fuere,
2374 3223 2471 3273 pro

1406 3284 1567 3334 hastis
1622 3284 1963 3351 longioribus,
2011 3285 2298 3350 breviores,
2353 3299 2470 3349 quae

1407 3363 1510 3412 alio
1534 3362 1738 3413 nomine
1763 3370 1974 3415 veruta:
2008 3377 2167 3426 genus
2191 3362 2281 3411 teli
2317 3368 2471 3412 acuto

1405 3439 1547 3490 ferro
1588 3438 1813 3506 praefixi,
1859 3441 2023 3491 instar
2071 3453 2217 3490 veru.
2282 3436 2471 3489 Altera

1411 3517 1548 3566 ratio
1584 3523 1686 3573 est,
1710 3516 1846 3581 quod
1872 3516 1937 3567 ad
1971 3518 2219 3568 leviorem
2244 3521 2473 3584 armatu·

1409 3608 1542 3657 ram,
1562 3594 1707 3661 cnjus
1721 3593 1856 3643 haud
1880 3594 1955 3644 ita
1979 3608 2218 3658 magnum
2244 3604 2473 3641 momen·

1410 3676 1541 3736 tum,
1558 3672 1727 3721 minus
1754 3670 2023 3735 probabile
2055 3677 2133 3719 est
2157 3669 2286 3718 duas
2310 3666 2472 3719 fuisse

1411 3748 1696 3800 destinatas
1719 3748 1929 3809 classes,
1969 3753 2206 3812 quartam
2238 3751 2294 3794 et
2325 3744 2473 3809 qnin-

1413 3833 1539 3876 tam.
1604 3825 1676 3875 Et
1701 3838 1881 3874 revera
1902 3823 2128 3887 Dionys.
2153 3822 2310 3888 paulo
2347 3827 2470 3872 ante

1413 3901 1677 3964 laudatus,
1713 3907 1991 3968 utrumque
2025 3899 2211 3949 leviter
2249 3906 2474 3949 armato·

1412 3995 1528 4032 rum
1552 3994 1713 4044 genus
1734 3978 1787 4031 in
1804 3979 1938 4028 hauc
1960 3975 2154 4042 rejicit,
2186 3990 2301 4027 cum
2326 3976 2474 4041 quin·

1415 4064 1486 4109 tae
1510 4055 1688 4108 classis
1712 4053 1913 4117 civibus
1937 4053 2246 4117 imperatum
2289 4050 2472 4110 tradit,

1415 4141 1474 4186 ut
1510 4132 1683 4184 fundis
1722 4131 1981 4198 etjaculis
2006 4131 2291 4183 militarent
2323 4137 2474 4180 extra

1415 4210 1640 4262 ordines.

1481 4295 1504 4321 ⁰
1537 4286 1600 4337 In
1633 4284 1710 4336 his
1741 4284 1949 4350 accensi]
1980 4284 2181 4336 Horum
2218 4296 2342 4409 ιιιιιὲι
2367 4291 2472 4329 me·

2226 4367 2256 4412 2
