3034 4925
1040 400 1181 448 mn.
1227 398 1340 449 111.
1386 399 1550 447 cu».
1594 385 1699 448 50.
1804 411 1809 416 -
2338 382 2470 449 637

289 547 559 612 lictores
599 545 927 631 jubebat:
972 565 1150 624 cum,
1199 544 1429 611 fractis
1478 546 1742 622 animiS,
1794 545 2084 630 Appiae,
2130 546 2288 612 vitae
2331 568 2469 613 me-

288 656 508 722 tuens,
534 650 604 715 in
643 649 913 715 domum
947 670 1018 714 se
1066 651 1504 734 propinquam
1543 647 1712 727 soro,
1762 649 1991 714 insciis
2041 648 2467 730 adversariiS‚

287 752 519 835 capite
550 753 892 830 obvoluto,
930 753 1197 837 recepit.
1282 751 1399 834 Sp.
1432 750 1726 836 Oppius,
1768 762 1843 817 ut
1882 752 2138 817 auxilio
2190 753 2464 834 collegae

289 861 500 930 esset,
527 854 597 918 in
623 854 831 919 forum
862 861 948 919 ex
989 855 1202 918 altera
1231 858 1422 936 parte
1453 853 1784 937 irrumpit.
1871 852 2074 919 Videt
2117 855 2468 939 imperium

286 957 361 1020 vi
395 956 661 1022 victum.
748 957 1063 1040 Agitatus
1084 965 1135 1008 ¹⁹
1178 957 1413 1022 deinde
1457 953 1802 1033 consiliis,¹
1849 956 1934 1021 ad
1975 975 2127 1041 quae
2167 975 2255 1021 ex
2286 957 2471 1021 omni

290 1067 480 1141 parte
499 1061 922 1126 assentiendo
945 1061 1173 1126 multis
1196 1060 1581 1125 auctoribus
1604 1060 2129 1145 trepidaverat,²⁰
2163 1066 2470 1124 senatum

289 1168 634 1242 postremo
662 1166 894 1228 vocari
914 1164 1146 1248 jussit.
1219 1162 1322 1227 Ea
1345 1181 1467 1238 ree,
1500 1162 1681 1247 quod
1703 1182 1960 1246 magnae
1989 1163 2164 1247 parti
2197 1162 2472 1226 Patr-um

288 1261 639 1345 displicere
670 1270 819 1329 aeta
849 1264 1373 1330 decemvirorum
1406 1265 1824 1341 videbantur,
1865 1285 1989 1349 spe
2016 1283 2137 1349 per
2166 1270 2471 1329 senatum

290 1363 600 1429 finiendae
661 1369 1017 1449 potestatis
1069 1367 1217 1450 ejus
1268 1367 1747 1432 multitudinem
1804 1368 2087 1432 sedavit.
2172 1368 2470 1432 Senatus

289 1488 417 1532 nec
475 1470 742 1553 plebem
793 1472 1162 1536 irritandam
1216 1472 1520 1552 censuit;
1593 1480 1664 1536 et
1713 1472 1926 1537 multo
1985 1472 2198 1554 magis
2251 1468 2472 1555 provi-

291 1571 598 1650 dendum,
640 1592 725 1636 ne
771 1573 936 1657 quid
978 1572 1262 1655 Virginii
1304 1572 1634 1640 adventus
1671 1574 1749 1639 in·
1783 1574 2078 1639 exercitu
2126 1578 2345 1638 motus
2372 1572 2472 1636 fa-

291 1680 492 1738 ceret.
1858 1691 1865 1698 ·

375 1775 480 1839 50.
522 1775 763 1861 Itaque
802 1777 994 1841 missi
1030 1776 1331 1862 juniores
1376 1777 1657 1843 Patrum
1687 1777 1754 1844 in
1787 1783 2023 1855 castra,
2056 1794 2206 1860 quae
2236 1780 2376 1840 tum
2405 1774 2474 1839 in

290 1884 517 1943 monte
538 1879 807 1945 Vecilio
833 1889 852 1918 ¹
873 1876 898 1915 ¹¹
941 1886 1150 1958 erant,
1182 1881 1482 1944 nuntiant
1516 1881 1930 1956 decemviriS‚
1987 1883 2007 1913 ‘
2033 1888 2109 1941 ut
2139 1878 2317 1941 omni
2344 1896 2472 1959 ope

288 1979 380 2041 ab
423 1978 745 2043 seditione
791 1980 1034 2045 milites
1081 1984 1461 2044 contineant
1485 1980 1541 2040 ε’
1593 1982 1708 2045 ubi
1737 1979 2085 2061 Virginius
2131 1978 2473 2061 majorem,

289 2096 489 2164 quam
514 2082 870 2167 reliquerat
890 2083 962 2146 in
978 2083 1160 2160 urbe,
1182 2088 1428 2146 motum
1461 2077 1751 2146 excivit.¹
1796 2080 2000 2157 Nam,
2033 2086 2473 2163 praeterquam

1203 2244 1354 2267 “m
1359 2244 1564 2266 00000

356 2364 418 2411 18
450 2363 806 2413 Detractantem
827 2364 1188 2415 otonem—19
1219 2362 1437 2425 Agitatis
1459 2362 1594 2412 Edd.
1631 2376 1663 2411 a
1698 2361 1874 2423 Sigon.
1899 2358 1964 2407 sd
1990 2356 2280 2408 orale—20
2313 2358 2327 2382 ⁸
2347 2354 2476 2403 Cor-

288 2433 471 2489 ruptus
495 2429 647 2495 vulgo
670 2429 720 2479 in
744 2429 977 2498 omnibus
999 2429 1115 2479 edd.
1139 2436 1219 2479 est
1241 2429 1324 2479 hie
1348 2430 1511 2491 locus,
1532 2441 1648 2493 quae
1669 2426 1934 2486 exhibent,
1965 2428 2104 2498 atque
2125 2436 2186 2472 ex
2216 2434 2260 2470 o.
2293 2435 2344 2484 p.
2382 2433 2478 2469 ass.

286 2506 354 2538 m.
375 2507 422 2540 a.
444 2494 686 2555 trepidus.-
719 2502 773 2543 at
793 2495 847 2545 in
872 2495 976 2543 Ms.
999 2495 1176 2545 Veith.
1197 2495 1350 2543 immo
1375 2496 1425 2544 in
1448 2493 1680 2543 omnibus
1700 2491 1830 2541 Mss.
1861 2490 1972 2539 sine
1996 2492 2246 2536 verietate
2280 2493 2359 2533 est
2381 2488 2478 2533 tre-

281 2554 546 2618 pidaverat.
597 2558 849 2609 judicent
871 2560 1108 2622 lectores,
1133 2560 1280 2624 cnjus
1310 2560 1377 2608 sit
1403 2558 1618 2607 andacia
1652 2557 1833 2617 minor,
1855 2555 2162 2616 reliquorum
2200 2550 2478 2608 editorum,

286 2621 375 2682 qni
399 2623 718 2684 trepidaverat
741 2624 793 2672 in
814 2626 1043 2687 trepidus,
1064 2638 1127 2672 sn
1151 2639 1285 2680 mes,
1307 2624 1393 2687 qui
1429 2628 1570 2686 atque
1600 2619 1765 2688 (qnod
1787 2620 1838 2669 in
1861 2635 1960 2668 nno
1984 2617 2100 2665 cod.
2126 2617 2278 2678 plane
2304 2612 2476 2676 deest)

286 2684 342 2732 in
366 2687 428 2735 ad
447 2701 554 2748 qua
576 2689 894 2739 mutaverim.
945 2690 1158 2751 ,Saepius
1181 2696 1350 2738 autem
1373 2690 1435 2737 ad
1457 2698 1509 2736 et
1535 2693 1587 2737 at
1620 2702 1650 2735 a
1682 2685 1901 2735 librariis
1925 2689 2265 2747 permutatur,
2287 2678 2351 2727 de
2376 2692 2478 2741 quo

287 2749 534 2799 videntur
565 2752 733 2801 Drak·
764 2754 828 2803 ad
861 2768 975 2818 esp.
999 2758 1078 2803 17.
1110 2753 1259 2817 hujus
1294 2753 1431 2802 libri.
1499 2752 1604 2802 Hie
1627 2750 1834 2815 quidem
1859 2752 1938 2801 v'u·
1972 2746 2295 2796 acutissimus
2329 2744 2478 2805 paulo

287 2814 475 2876 majori
514 2818 801 2867 mutatione
837 2821 940 2880 legi
969 2818 1222 2881 jubebat:
1274 2818 1502 2881 Agitant:
1522 2817 1690 2867 deinde
1709 2814 1939 2875 consiliis,
1958 2818 2200 2875 postquam
2235 2840 2249 2855 .
2382 2813 2478 2856 tre-

280 2878 564 2941 pidaverat?
597 2882 792 2933 Stroth.
858 2885 873 2911 ‘
892 2884 995 2934 Pro
1017 2885 1082 2933 ad
1101 2899 1204 2949 quae
1226 2885 1383 2934 etiarn
1408 2882 1665 2945 conjicere
1690 2880 1854 2944 possis
1876 2893 1961 2942 per
1979 2875 2117 2941 ‹11⁸oess
2153 2877 2372 2937 Rupert-

1274 3028 1488 3082 NOTAE

288 3128 401 3171 tate
424 3138 480 3172 se
504 3133 727 3186 gereret.

353 3198 369 3231 ¹
398 3200 632 3262 Agitarem
649 3203 1341 3271 [Agitatisteiv-decowaiis]

287 3274 375 3323 Ita
415 3279 619 3339 reponit
652 3280 940 3332 Glareanus
978 3297 1044 3333 ex
1081 3284 1261 3347 veteri,
1282 3291 1342 3334 ut

289 3352 386 3411 ait,
423 3353 590 3405 libro:
632 3358 720 3409 sed
760 3360 895 3423 quod
938 3361 1193 3412 editiones
1240 3375 1340 3410 non

288 3441 469 3488 ματη
511 3432 722 3496 babent,
754 3436 972 3497 agitatus
1019 3438 1249 3492 consiliis,
1288 3435 1341 3485 id

285 3503 429 3556 forte
462 3522 566 3557 non
598 3504 803 3561 om'nino
833 3514 1209 3576 respuendum:
1241 3513 1344 3576 sig-

283 3580 467 3632 nifieat
516 3586 652 3634 enim
708 3588 960 3638 varietate
1002 3589 1345 3651 consiliorum,

286 3671 407 3721 quae
430 3660 566 3709 omni
588 3676 654 3710 ex
678 3671 849 3725 parte,
869 3664 991 3713 etin
1010 3678 1211 3713 omnem
1229 3679 1346 3727 par·-

285 3738 395 3782 tem
419 3734 803 3799 ingerebantur,
841 3738 1092 3801 agitatum
1131 3747 1185 3790 et
1220 3738 1347 3790 flnc-

286 3814 519 3859 tnantem
546 3812 776 3876 Oppium
804 3814 954 3864 initio
986 3831 1247 3865 assensum
1281 3817 1344 3866 iis

287 3887 525 3937 omnibus
548 3905 659 3952 quae
685 3898 1114 3955 proponerentur.
1137 3892 1343 3945 tandem

287 3975 356 4011 eo
376 3961 717 4025 descendisse,
747 3966 883 4028 quod
910 3968 1082 4029 plures
1107 3976 1345 4017 auctores

284 4037 596 4102 suadebant,
628 4050 685 4091 ut
716 4043 965 4093 Senatum
1005 4045 1174 4093 vocari
1197 4045 1346 4107 jube·

287 4123 389 4164 ret.

354 4189 377 4224 ¹⁸
413 4192 474 4240 ln
490 4198 645 4242 monte
675 4193 878 4259 Vecilio]
911 4197 1124 4246 Nullum
1160 4212 1221 4247 eo
1253 4215 1341 4249 no·

1417 3137 1617 3188 fatetur
1639 3138 1949 3197 Glareanus,
1980 3146 2076 3182 nec
2112 3129 2344 3180 indicant
2372 3129 2479 3179 alii.

1420 3214 1625 3279 Opinor
1666 3216 1720 3264 in
1763 3218 1918 3263 monte
1962 3210 2146 3272 Algido
2188 3205 2483 3271 legendnm,

1419 3291 1557 3355 quod
1597 3305 1770 3341 omnes
1814 3295 2053 3339 suctores
2085 3285 2313 3334 tradunt.
2376 3283 2481 3330 Eu·

1423 3368 1623 3430 tropius
1662 3367 1895 3429 inprimis
1932 3369 2051 3426 post
2071 3363 2323 3411 Nostrum
2360 3372 2480 3420 sup.

1421 3455 1540 3504 esp.
1579 3445 1662 3490 44.
1715 3440 1938 3502 Irrepsit
1973 3439 2028 3486 in
2067 3437 2118 3484 id
2151 3447 2337 3483 men
2376 3447 2479 3482 non

1424 3515 1656 3564 absimile
1679 3514 1919 3563 nendum
1941 3512 1999 3560 in
2032 3510 2256 3574 vulgatis
2288 3508 2483 3571 Diony·

1386 3633 1395 3641 .
1424 3589 1487 3638 sii
1510 3588 1920 3654 exemplaribus:
1952 3587 2149 3650 legitur
2160 3584 2295 3634 enim
2320 3583 2371 3632 ἐν
2389 3590 2480 3632 Λα-

1422 3666 1589 3729 γάδίῳ,
1610 3668 1661 3716 in
1688 3667 1937 3730 Lsgadio‚
1959 3679 2077 3714 nam
2101 3660 2479 3712 emendatiores

1427 3746 1478 3794 en
1498 3745 1705 3808 Ἀλγίδφ
1723 3745 1987 3795 exhibent.

1490 3822 1504 3856 ¹
1537 3824 1727 3873 Motum
1743 3822 1943 3886 excivit]
1971 3821 2141 3869 Tanto
2160 3816 2321 3880 magis
2344 3815 2481 3880 qnod

1427 3907 1586 3950 noctu
1620 3900 1670 3949 in
1695 3907 1866 3950 castra
1887 3898 2145 3961 pervenit,
2168 3908 2281 3945 enm
2315 3893 2482 3942 lucer-

1427 3992 1508 4027 Μ
1535 3977 1643 4041 jam
1671 3977 1889 4041 primum
1911 3987 2140 4023 accensae
2172 3979 2366 4030 essent,
2390 3968 2482 4018 nii-

1407 4055 1644 4118 'litesque
1679 4067 1867 4117 corpus
1900 4056 2163 4101 curarent.
2227 4045 2480 4097 Tenebrae

1425 4139 1601 4179 autem
1631 4130 1897 4179 horrorem
1933 4125 2181 4193 quendam
2204 4123 2384 4186 seipsis
2407 4124 2482 4170 in-

1415 4206 1627 4269 jieinnt.

287 4268 426 4316 mine
450 4278 674 4320 orontem
709 4279 858 4322 extra
892 4274 1028 4325 hane
1049 4278 1217 4326 locum
1241 4279 1343 4342 legi
1409 4310 1414 4315 ·
