3034 4925
448 399 538 466 2⁰
1131 407 1552 458 PRoOEMmM
1606 407 1706 454 nn
1754 406 1948 453 mvn

452 559 777 641 leguntur,
823 575 957 639 quo
994 562 1066 619 et
1111 553 1416 618 solebant
1466 552 1625 617 olim
1673 551 1807 635 legi
1851 558 1923 616 et
1967 549 2323 615 dehebant.
2413 551 2640 635 Longe

451 662 629 726 enim
658 660 928 745 plurimi
957 677 1075 723 eas
1112 676 1247 721 non
1279 655 1364 721 ad
1388 655 1591 720 vitam
1622 652 2034 719 formandam
2061 652 2365 733 referunt,
2395 655 2516 719 sed
2549 656 2641 720 ad

449 762 879 846 antiquitatis
923 765 1181 826 tantum
1211 759 1522 823 notitiam
1554 762 1622 822 et
1650 759 1823 821 bene
1864 755 2132 821 dicendi
2175 755 2642 840 scribendique

450 866 850 943 facultatem,
935 863 1099 941 si-ve,
1142 868 1216 926 ut
1275 861 1496 926 dicere
1547 860 1780 937 solent,
1852 858 2117 943 stylum.
2222 856 2387 924 Alia
2440 860 2639 924 etiam

450 968 647 1033 hodie
701 974 806 1048 est
853 967 1036 1043 vitae,
1096 964 1488 1041 studiorum,
1537 963 2125 1044 institutorumque
2191 961 2387 1037 ratio,
2438 963 2642 1046 quam

448 1070 606 1136 olim
660 1070 828 1135 suit:
889 1088 1106 1153 neque
1149 1075 1270 1132 aut
1316 1068 1650 1151 finguntur
1692 1064 1976 1149 amplius
2025 1070 2143 1129 aut
2189 1063 2644 1134 desiderantur

448 1180 748 1242 oratores
792 1171 1126 1238 veteribus
1181 1169 1461 1246 similes,
1499 1168 1632 1233 nisi
1675 1168 1843 1231 forte
1872 1166 2051 1251 apud
2098 1166 2485 1245 BritannoS,
2515 1166 2640 1230 sed

447 1283 624 1339 verae
654 1293 879 1337 eorum
910 1272 1311 1355 eloquentiae
1331 1270 1727 1355 jamdudum
1767 1268 2095 1334 successit
2121 1269 2345 1333 ubivis
2373 1261 2641 1335 umbra·-

446 1377 586 1442 tica
612 1365 688 1440 et
716 1394 934 1452 sacra,
961 1393 1053 1438 ex
1081 1392 1218 1458 quo
1247 1374 1365 1438 illa
1392 1392 1432 1436 e
1483 1372 1629 1436 soro
1661 1379 1731 1436 et
1759 1371 1944 1436 curia
1967 1371 2039 1435 in
2087 1371 2460 1437 scholarum
2502 1392 2641 1436 urn-

444 1481 636 1543 bram
694 1483 1214 1560 suggestumque
1274 1475 1817 1541 ecclesiasticum
1884 1474 2177 1557 relegata
2232 1479 2352 1539 est.
2442 1473 2641 1539 Alius

444 1580 736 1661 denique
778 1586 881 1643 est
923 1578 1159 1661 genius
1212 1579 1413 1662 hujus
1462 1578 1725 1656 saeculi,
1757 1597 1891 1662 quo
1931 1577 2356 1658 ingenuarum
2402 1576 2640 1641 artium
2699 1565 2710 1580 “

446 1684 1010 1765 antiquarumque
1062 1680 1423 1767 literarum
1451 1687 1826 1747 contemtus
1869 1680 2089 1744 indies
2140 1679 2517 1755 invalescit,
2571 1683 2643 1743 et

443 1785 660 1850 omnis
690 1803 883 1866 paene
923 1784 1345 1849 humanitatis
1373 1803 1615 1849 sensus
1647 1784 1929 1849 exuitur.
2019 1780 2157 1846 Sed
2188 1781 2299 1846 cui
2341 1799 2469 1846 non
2500 1781 2639 1858 dic:-

378 1951 383 1956 .
448 1895 560 1954 tus
590 1885 819 1969 Hylas
842 1888 872 1948 ‘l

448 2131 483 2221 ξ
528 2139 589 2201 4.
682 2137 786 2204 De
818 2102 1020 2205 indole
1049 2139 1333 2204 interiori
1379 2139 1649 2204 historice
1682 2137 1987 2218 Livianae,
2017 2145 2075 2202 et
2115 2136 2359 2226 quidem
2398 2134 2525 2228 (l.)
2567 2132 2643 2196 de

1075 2242 1205 2327 ejus
1234 2241 1571 2306 virtutibus
1578 2238 2017 2330 fontibusque.
2057 2317 2064 2322 ,

532 2395 553 2425 ‘
574 2390 752 2472 Quis
799 2396 1036 2474 nescit,
1068 2396 1348 2481 primam
1379 2414 1533 2461 esse
1571 2393 1871 2459 historiae
1909 2393 2143 2474 legem,
2171 2410 2256 2455 ne
2285 2389 2448 2474 quid
2478 2388 2641 2454 falsi

444 2493 666 2563 dicere
693 2497 982 2565 audeat?
1031 2497 1274 2563 deinde
1321 2519 1407 2562 ne
1452 2496 1617 2583 quid
1670 2496 1807 2561 veri
1856 2514 1985 2559 non
2033 2493 2326 2567 audeat?
2371 2513 2468 2557 ne·
2497 2512 2642 2575 qua

444 2600 746 2681 suspicio
773 2601 1003 2683 gratiae
1051 2602 1142 2665 sit
1185 2601 1257 2665 in
1285 2599 1681 2666 scribendo?
1726 2617 1811 2663 ne
1840 2617 1973 2681 qua
2002 2593 2360 2679 simultatis
2382 2597 2412 2659 ‘l
2459 2594 2640 2660 Haee

438 2700 709 2765 scilicet
739 2700 1170 2769 fundamenta
1195 2709 1356 2768 nota
1384 2709 1547 2768 sunt
1575 2701 1904 2766 omnibns.
1995 2700 2165 2781 Ipsa
2202 2705 2424 2764 autem
2456 2718 2640 2764 exaess

440 2799 741 2869 difieatio
770 2804 993 2885 posita
1043 2811 1148 2867 est
1197 2804 1267 2869 in
1298 2805 1497 2869 rebus
1528 2810 1595 2868 et
1631 2804 1877 2867 verbis.
1971 2802 2220 2866 Rerum
2257 2802 2432 2866 ratio
2464 2799 2642 2866 ordi·-

440 2892 594 2966 neni
649 2911 1017 2988 temporum
1060 2905 1414 2983 desiderat,
1486 2906 1823 2986 regionum
1879 2890 2434 2987 descriptionem:
2496 2905 2642 2969 vult

439 3005 665 3082 etiam,
696 3007 1013 3089 quoniam
1053 3007 1123 3071 in
1152 3007 1358 3071 rebus
1401 3009 1662 3089 magnis
1694 3006 2142 3089 memoriaque
2173 3006 2389 3089 dignis
2419 3008 2639 3073 consi-

440 3105 535 3171 lia
562 3108 872 3191 primum,
903 3109 1144 3174 deinde
1174 3116 1355 3187 acta,
1380 3117 1626 3194 postea
1655 3116 1934 3175 eventus
1967 3115 2431 3193 expectantur,
2455 3117 2525 3173 et
2553 3109 2639 3172 de

438 3209 741 3273 consiliis
774 3209 1160 3293 significari,
1192 3210 1352 3294 quid
1386 3212 1677 3295 scriptor
1705 3196 1965 3296 probet,
1996 3218 2069 3275 et
2109 3211 2177 3273 in
2207 3210 2405 3289 rebus
2434 3213 2637 3292 gestis

438 3308 793 3390 declarari,
823 3333 951 3379 non
985 3313 1201 3378 solum
1237 3314 1397 3397 quid
1429 3321 1656 3380 actum
1684 3318 1804 3378 aut
1831 3314 2086 3377 dictum
2121 3313 2229 3389 sit,
2260 3313 2377 3376 sed
2425 3313 2637 3377 etiam

440 3412 825 3505 quomod03
867 3422 936 3478 et
964 3435 1120 3483 cum
1150 3415 1236 3481 de
1265 3424 1510 3483 eventu
1539 3416 1828 3493 dicatur,
1864 3421 1936 3478 ut
1966 3434 2192 3479 causae
2221 3414 2639 3496 explicentur

440 3533 700 3591 omneS‚
729 3517 842 3582 vel
870 3536 1095 3596 casuS,
1116 3519 1224 3583 vel
1251 3521 1623 3603 sapientiae,
1659 3519 1763 3582 vel
1794 3518 2220 3596 temeritatis3
2262 3518 2640 3582 hominurn-

436 3637 566 3700 que
616 3619 913 3702 ipsorum
958 3639 1091 3684 non
1123 3621 1338 3685 solum
1388 3640 1491 3684 res
1521 3627 1756 3703 gestae,
1788 3618 1909 3682 sed
1938 3619 2165 3696 etiam,
2193 3619 2310 3702 qui
2339 3619 2519 3683 fama
2549 3638 2635 3684 ac

436 3721 706 3784 nomine
754 3721 1118 3800 excellant,
1147 3721 1233 3786 de
1278 3721 1608 3805 cujusque
1641 3723 1781 3785 vita
1809 3725 2009 3802 atque
2037 3726 2288 3787 natura.
2378 3721 2639 3788 Verbo-

437 3838 581 3885 rum
608 3826 828 3886 autem
858 3824 1027 3888 ratio
1057 3832 1129 3887 et
1159 3843 1368 3905 genus
1417 3823 1744 3887 orationis
1770 3821 1994 3885 fusum
2024 3831 2225 3906 atque
2255 3831 2539 3890 tractum
2566 3830 2640 3890 et

438 3940 590 3985 cum
617 3923 895 3991 lenitate
927 3925 1218 4009 quadam
1252 3925 1575 4008 aequabili
1607 3922 1966 4008 profluens,
2006 3927 2149 3989 sine
2176 3926 2301 3992 hac
2323 3927 2635 4010 judiciali

439 4025 805 4105 asperitate
827 4036 897 4091 et
915 4030 1057 4091 sine
1077 4028 1548 4093 sententiarum
1573 4027 1925 4091 forensium
1952 4028 2206 4092 aculeis
2227 4042 2633 4113 persequen-

441 4124 592 4191 dum
625 4128 774 4192 est?
861 4128 972 4195 Ad
1024 4149 1184 4193 vera
1225 4130 1373 4195 haec
1404 4137 1747 4213 praecepta
1777 4129 2123 4195 Ciceronis
2151 4132 2271 4215 (de
2324 4130 2510 4196 Orat.
2546 4150 2630 4196 11.

438 4226 579 4312 15.)
625 4231 682 4293 si
713 4231 1018 4312 exegeris
1048 4233 1320 4301 annales
1350 4232 1548 4315 Livii,
1580 4233 2065 4299 animadvertes
2103 4226 2427 4318 profecto,
2477 4256 2632 4302 eum
