3034 4925
555 402 684 468 170

1451 417 1555 492 4¹⁴·
1611 418 1791 466 mvn

557 720 620 783 l.
642 692 817 783 JAM
848 719 1131 804 primum
1164 718 1456 784 omnium
1485 720 1655 784 satis
1685 726 1998 799 constat}⁸
2041 719 2249 805 Troja
2266 698 2514 805 capta}
2539 721 2611 785 in
2645 739 2758 783 ce·

507 905 519 914 .
556 826 734 888 teros
764 824 1069 887 saevitum
1085 842 1239 887 esse
1257 821 1624 908 Trojanos;
1653 821 2181 902 duobuS‚AEneae
2208 824 2722 906 Antenorique,¹
2740 828 2763 859 ⁰

558 930 628 989 et
658 924 906 989 vetusti
927 923 1082 1008 jure
1113 924 1416 1007 hospitii,
1439 929 1504 989 et
1533 926 1695 1009 quia
1722 925 1917 1007 pacis
1949 925 2438 1011 reddendaeque
2465 924 2758 988 Helenae

562 1047 830 1110 semper
869 1034 1170 1093 auctores
1199 1027 1477 1105 fueraut,
1508 1045 1703 1092 omne
1727 1028 1847 1112 jus
1879 1028 2039 1094 belli
2069 1024 2416 1093 Achivosd
2457 1027 2761 1092 abstinu-

1476 1208 1744 1230 “tecet“
1750 1207 1838 1241 Of&

627 1314 651 1357 l
708 1309 724 1338 ⁸
750 1311 917 1359 AEneoe
949 1309 1271 1374 Antenorique
1307 1324 1401 1375 pro
1441 1309 1579 1372 vulg.
1637 1310 1792 1359 AEnea
1827 1308 2157 1371 Antenor-eque
2196 1309 2388 1371 legitur
2430 1308 2478 1357 iu
2519 1306 2762 1357 omnihus

556 1373 667 1424 fere
694 1376 822 1425 Mss.
846 1390 973 1440 quos
997 1384 1201 1425 secutus
1225 1391 1334 1425 sum
1357 1376 1596 1438 exemplo
1618 1373 1848 1424 Crevier.
1875 1382 1930 1424 et
1962 1374 2174 1425 Stroth?
2209 1375 2409 1438 Rupert.
2474 1374 2763 1437 vulgatam

1552 1533 1765 1591 NOTAE

625 1645 652 1671 θ
684 1636 820 1687 Satis
868 1637 1076 1701 coristat]
1133 1636 1288 1702 Apud
1360 1637 1618 1687 Romanos

1762 1644 1786 1670 θ
1819 1639 1984 1689 AEneoe
2006 1639 2328 1702 Antenorique
2347 1637 2524 1701 [AEnea
2542 1635 2767 1685 Anteno-

563 1715 846 1777 scriptores
902 1721 1139 1763 constans
1182 1714 1258 1764 ita
1308 1712 1447 1762 fama
1498 1712 1621 1762 fert.
1696 1716 1862 1779 reque]
1900 1715 2083 1765 AEneas
2097 1717 2595 1779 Trojaoorum,post
2615 1713 2766 1763 Hec-

563 1792 810 1840 Ceterum
856 1791 1158 1841 Graecorum
1203 1791 1437 1854 nonnulli
1481 1792 1619 1855 apud

566 1867 868 1931 Dionysium
927 1868 1193 1917 Halicarn.
1256 1869 1419 1934 antiq.
1474 1870 1622 1919 Rom.

562 1944 657 1993 lib.
681 1958 719 1991 ι.
742 1944 973 2001 AEneam,
992 1944 1220 1994 deducta
1240 1960 1390 1995 manu
1413 1960 1622 1996 suorum

563 2022 619 2070 iu
665 2021 893 2079 ltaliam,
931 2023 1099 2087 ipsum
1142 2022 1386 2076 dicebaut
1415 2024 1622 2074 domum

563 2113 849 2161 reversum,
871 2099 1008 2164 apud
1030 2102 1236 2165 Trojam
1261 2117 1504 2165 regnasse
1527 2120 1545 2165 ς
1565 2110 1623 2153 et

564 2184 685 2239 post
714 2176 907 2226 obitum
931 2176 1198 2242 reliquisse
1234 2180 1377 2242 regui
1416 2195 1622 2230 succes·

564 2266 736 2304 sorem
761 2252 1060 2314 Ascanium,
1082 2254 1302 2318 ejusque
1324 2257 1622 2320 progeniem

563 2326 617 2378 id
638 2342 850 2391 regnum
871 2328 959 2378 diu
979 2325 1233 2379 tenuisse:
1268 2346 1483 2397 quorum
1504 2332 1623 2383 ulti-

563 2420 702 2454 mum
740 2405 928 2455 Strabo
962 2405 1235 2456 coufirmat
1271 2421 1337 2456 ex
1374 2407 1623 2472 Homero,

565 2482 719 2532 Iliad.
752 2497 879 2534 xm.
934 2483 1181 2546 Quidam,
1215 2485 1352 2548 apud
1385 2485 1625 2550 eundem,

560 2559 859 2610 referebant
882 2561 1245 2611 Scamandrum
1276 2561 1513 2611 Hectoris
1526 2561 1624 2612 ‘fili-

565 2650 648 2684 um
673 2651 789 2686 cum
812 2636 1039 2686 Ascanio
1063 2639 1235 2687 AEneoe
1272 2637 1377 2687 filio
1398 2637 1622 2688 Troibus

563 2710 866 2776 imperasse,
924 2711 1241 2779 familiasque
1296 2728 1472 2765 eorum
1534 2715 1624 2764 diu

566 2789 703 2852 apud
730 2804 913 2839 novam
937 2790 1153 2854 Scepsin
1173 2791 1312 2854 regni
1340 2790 1514 2840 sedem
1536 2791 1622 2841 ha·

568 2864 773 2924 buisse3
804 2865 970 2914 donec
1004 2881 1068 2915 ea
1100 2866 1222 2916 urbs
1245 2881 1277 2914 a
1298 2868 1440 2931 regia
1462 2868 1624 2917 domi-

567 2941 780 2990 natione
814 2942 865 2988 in
905 2942 1186 3004 paucorum
1219 2943 1619 2995 administratio-

567 3029 687 3066 nem
727 3019 980 3078 pervenit.

633 3095 656 3129 b
697 3094 836 3155 Troja
871 3096 1035 3160 captu]
1090 3096 1253 3160 Trqy'oe,
1294 3098 1625 3163 quemadmo-

567 3171 692 3220 dum
729 3173 939 3221 Servius
975 3181 1142 3237 notat,
1188 3174 1340 3223 modo
1384 3176 1629 3240 regionis,

567 3249 719 3299 modo
756 3249 893 3299 urbis
925 3264 1111 3300 nomeu
1150 3258 1263 3312 est3
1299 3259 1354 3301 ut
1391 3251 1492 3302 hic.
1549 3253 1628 3303 Ea

567 3326 710 3390 urbs,
732 3326 906 3390 ejusve
938 3328 1127 3377 celsior
1157 3342 1293 3392 pars,
1318 3327 1467 3377 Ilium
1499 3343 1626 3394 quo·

569 3418 671 3468 que
708 3402 979 3453 dicebatur
998 3402 1062 3453 ab
1083 3403 1165 3453 110
1188 3404 1336 3454 Trois
1357 3404 1481 3454 filio.
1536 3404 1625 3470 Ip-

566 3480 673 3529 sius
697 3494 844 3530 arces
861 3480 1105 3541 Pergama
1128 3481 1467 3542 vocabantur,
1489 3495 1624 3531 com-

564 3557 708 3606 muni
769 3557 999 3607 locorum
1062 3555 1338 3607 editior-um
1404 3559 1628 3609 nomine.

565 3635 835 3693 Dardania
859 3649 982 3685 vero
1008 3649 1126 3699 pars
1156 3632 1258 3685 fuit
1274 3635 1512 3699 Troadis,
1534 3650 1627 3686 sen

566 3712 810 3777 l’hrygiae
834 3713 1063 3775 minoris,
1085 3727 1116 3762 a
1138 3712 1387 3763 Dardano
1412 3712 1625 3776 oppido,

467 3832 473 3843 ,
567 3787 750 3849 ejusve
785 3789 1056 3840 conditore
1092 3789 1494 3854 appellationem
1519 3804 1626 3839 sor·

571 3863 688 3913 tita.
742 3867 910 3930 Capta
950 3877 1123 3918 autem
1164 3882 1446 3932 eversaque
1474 3874 1558 3916 est
1596 3882 1628 3915 a

572 3939 771 3989 Graecis
791 3944 947 4007 Troja
981 3945 1123 3994 circa
1159 3958 1344 3993 annum
1381 3959 1410 3991 a
1434 3942 1625 3992 mundo

567 4016 779 4066 condito
800 4023 945 4068 2819,
969 4027 1090 4069 aute
1116 4020 1330 4084 primam
1359 4019 1624 4083 Olympia·

571 4091 688 4140 dem
724 4097 838 4142 407.
877 4102 997 4144 ante
1040 4096 1216 4146 Romae
1259 4097 1457 4145 natales
1507 4100 1625 4146 431.

569 4176 693 4217 ante
713 4169 972 4219 Christum
996 4178 1171 4220 uatum
1198 4175 1342 4223 1183.
1369 4187 1484 4221 cnm
1511 4183 1626 4235 reg-

570 4261 690 4294 num
715 4261 746 4295 a
767 4245 1011 4296 Dardano
1043 4263 1223 4312 usque,
1258 4249 1496 4298 stetisset
1536 4263 1624 4298 au·

570 4336 663 4371 nos
684 4322 845 4372 ferme
869 4327 984 4374 296.

1701 1798 1882 1849 torem,
1915 1791 2250 1853 fortissimus,
2290 1791 2519 1842 Anchise
2554 1805 2617 1839 ac
2650 1791 2766 1839 Ve-

1699 1870 1835 1920 neris
1854 1870 1974 1934 (seu
1995 1871 2223 1919 mulieris
2248 1868 2623 1932 elegantissima
2647 1867 2768 1917 for·

1699 1961 1783 1995 ma
1826 1944 2088 2011 praeditae)
2123 1945 2280 2010 filius,
2324 1945 2528 2009 Capyos
2573 1956 2764 2007 nepos,

1701 2023 1945 2074 Assaraci
1969 2037 2247 2088 pronepos,
2277 2023 2422 2071 Trois
2445 2020 2579 2083 regis
2601 2020 2767 2070 abne-

1701 2114 1793 2163 pos
1811 2098 1913 2150 fuit
1933 2116 1946 2150 z
1984 2101 2228 2150 Creusam
2250 2098 2442 2149 Priami
2458 2098 2611 2147 filiam
2629 2114 2769 2174 υκαι·

1701 2189 1810 2224 rem
1847 2174 2045 2233 habuit,
2078 2190 2145 2225 ex
2177 2190 2277 2241 qua
2311 2180 2461 2225 uatus
2483 2174 2766 2227 Ascanius.

1701 2252 1935 2302 Antenor
1974 2259 2145 2302 autem
2191 2253 2418 2315 AEsyetae
2465 2250 2616 2308 filius,
2670 2268 2770 2317 per

1704 2329 2073 2380 Cleomestram
2129 2337 2363 2392 matrem,
2420 2328 2485 2400 ad
2539 2330 2767 2379 eundem

1699 2405 1883 2456 Troiim
1903 2406 2016 2471 ipse
2051 2421 2255 2472 quoque
2280 2420 2439 2471 genus
2478 2403 2770 2457 referebat.

1703 2483 1830 2532 Eam
1848 2491 2028 2533 auctor
2050 2480 2208 2532 libelli
2233 2483 2300 2532 de
2318 2481 2536 2546 Augusti
2572 2496 2768 2547 proge-

1702 2561 1807 2623 nie,
1864 2561 1958 2610 sub
2003 2561 2207 2610 nomine
2256 2558 2453 2609 Valerii
2516 2559 2767 2608 Messalas

1703 2640 1934 2696 Corvini,
1953 2637 2339 2699 Laomedontis,
2359 2638 2440 2687 vel
2463 2636 2664 2686 Priami
2687 2652 2768 2687 so·

1704 2718 1867 2766 rorem
1887 2715 2035 2765 facit.
2065 2716 2189 2766 Tam
2214 2715 2407 2775 AEneae,
2432 2729 2582 2779 quam
2599 2714 2769 2764 Ante·

1703 2795 1836 2851 nori,
1878 2793 2076 2842 duabus
2119 2792 2184 2840 de
2215 2791 2385 2840 causis
2430 2791 2495 2838 ab
2529 2787 2768 2840 Auctore

1702 2877 1882 2920 nostro
1918 2869 2175 2930 adductis,
2205 2868 2422 2918 Graecos
2466 2869 2767 2931 pepercisse

1701 2946 1985 2997 verisimile
2013 2956 2138 2996 ·estz
2179 2953 2237 2996 ut
2276 2936 2483 2995 minime
2517 2945 2768 2995 audiendi

1703 3023 1999 3084 videantur,
2022 3024 2108 3088 qui
2130 3037 2219 3072 eos
2239 3021 2462 3087 proditae
2481 3021 2670 3085 patriae
2689 3023 2767 3071 in-

1700 3099 1976 3160 simulaut3
2001 3099 2051 3148 in
2070 3099 2254 3163 quibus
2271 3099 2602 3148 Menecrates
2615 3097 2769 3148 Xan-

1705 3174 1842 3224 thius
1867 3174 2004 3238 apud
2025 3174 2350 3238 Dionysium.

1762 3249 1790 3286 ⁸¹
1822 3249 2051 3314 Achivos]
2083 3251 2283 3312 Acliaei,
2297 3248 2384 3314 qui
2404 3249 2589 3301 Latine
2604 3253 2765 3301 etiam

1704 3326 1891 3377 Achivi
1924 3327 2184 3382 dicuntur,
2222 3341 2408 3377 nomen
2444 3327 2672 3385 habuere
2697 3328 2766 3377 ab

1702 3404 1901 3457 Achaeo
1957 3404 2121 3456 Xuthi
2175 3402 2304 3466 filio,
2359 3403 2596 3454 Hellenis
2652 3403 2767 3469 (qni

1701 3483 1881 3537 Graeci
1915 3483 2135 3534 nominis
2174 3486 2354 3530 auctor
2391 3479 2518 3545 fuit)
2556 3491 2768 3545 nepote.

1703 3560 1758 3610 Is
1775 3560 1989 3610 Achaiae
2007 3556 2354 3622 Peloponnesi
2371 3556 2655 3623 provincias
2676 3572 2767 3607 uo·

1703 3651 1821 3689 meu
1847 3635 2011 3701 dedit,
2043 3649 2156 3684 cum
2194 3633 2335 3697 prius
2355 3632 2592 3695 AEgialea
2624 3634 2767 3684 dice·

1703 3721 1866 3764 retur.
1923 3711 2072 3761 Idem
2117 3709 2341 3761 Achaeus
2394 3710 2447 3759 iu
2501 3710 2766 3760 Thessalia

1701 3804 1903 3855 quoque
1938 3788 2063 3837 aviti
2094 3787 2240 3849 regni
2280 3793 2481 3849 partem
2518 3786 2768 3837 obtinuit.

1703 3867 1788 3916 Ab
1822 3881 1885 3916 eo
1909 3857 2102 3929 itaque,
2136 3861 2353 3912 Homeri
2386 3867 2564 3919 aetate,
2588 3863 2767 3912 Graeci

1702 3944 1889 3991 omnes
1906 3940 2087 3989 Achaei
2111 3937 2361 4002 appellati
2384 3940 2524 3985 sunt.
2580 3937 2766 3988 Poste-

1703 4018 1922 4068 rioribus
1964 4027 2168 4080 quoque
2213 4010 2529 4075 temporibus
2586 4013 2655 4063 ob
2690 4013 2766 4063 A.

1702 4094 1961 4144 chaeorum
1982 4088 2283 4153 reipublicae
2308 4087 2622 4152 claritatem,
2660 4091 2764 4140 Ro-

1703 4172 1840 4220 mani
1864 4167 2122 4218 devictam
2143 4180 2176 4213 a
2194 4177 2248 4212 se
2266 4160 2528 4212 Graeciam
2555 4167 2762 4217 univer-

1702 4262 1810 4298 sam
1858 4245 2051 4296 Acluu'oe
2096 4240 2300 4293 nomine
2352 4243 2761 4305 comprehende·
2813 4282 2820 4289 .

1701 4331 1843 4374 runt·
