<?xml version="1.0" encoding="UTF-8"?>
<!DOCTYPE html PUBLIC "-//W3C//DTD XHTML 1.0 Transitional//EN"
    "http://www.w3.org/TR/xhtml1/DTD/xhtml1-transitional.dtd">
<html xmlns="http://www.w3.org/1999/xhtml" xml:lang="en" lang="en">
 <head>
  <title>
</title>
<meta http-equiv="Content-Type" content="text/html;charset=utf-8" />
  <meta name='ocr-system' content='tesseract 3.04.00' />
  <meta name='ocr-capabilities' content='ocr_page ocr_carea ocr_par ocr_line ocrx_word'/>
</head>
<body>
  <div class='ocr_page' id='page_1' title='image "./tliviipatavinih23unkngoog_0665.png"; bbox 0 0 3034 4925; ppageno 0'>
   <div class='ocr_carea' id='block_1_1' title="bbox 2287 368 2418 437">
    <p class='ocr_par' dir='ltr' id='par_1_1' title="bbox 2287 368 2418 437">
     <span class='ocr_line' id='line_1_1' title="bbox 2287 368 2418 437; baseline 0 0"><span class='ocrx_word' id='word_1_1' title='bbox 2287 368 2418 437; x_wconf 76' lang='lat'><strong>557</strong></span> 
     </span>
    </p>
   </div>
   <div class='ocr_carea' id='block_1_2' title="bbox 213 524 2418 2759">
    <p class='ocr_par' dir='ltr' id='par_1_2' title="bbox 213 524 2418 1921">
     <span class='ocr_line' id='line_1_2' title="bbox 218 524 2417 613; baseline 0.004 -23"><span class='ocrx_word' id='word_1_2' title='bbox 218 524 581 608; x_wconf 81' lang='lat' dir='ltr'><strong>egregium,</strong></span> <span class='ocrx_word' id='word_1_3' title='bbox 610 526 1007 592; x_wconf 84' lang='lat' dir='ltr'><strong>instructum</strong></span> <span class='ocrx_word' id='word_1_4' title='bbox 1035 533 1295 593; x_wconf 82' lang='lat' dir='ltr'><strong>naturae</strong></span> <span class='ocrx_word' id='word_1_5' title='bbox 1321 527 1744 612; x_wconf 82' lang='lat' dir='ltr'><strong>fortunaeque</strong></span> <span class='ocrx_word' id='word_1_6' title='bbox 1774 530 2086 595; x_wconf 89' lang='lat' dir='ltr'><strong>omnibus</strong></span> <span class='ocrx_word' id='word_1_7' title='bbox 2108 540 2160 581; x_wconf 88' lang='lat'><strong>¹⁷</strong></span> <span class='ocrx_word' id='word_1_8' title='bbox 2192 533 2417 613; x_wconf 75' lang='lat' dir='ltr'><strong>bonis,</strong></span> 
     </span>
     <span class='ocr_line' id='line_1_3' title="bbox 215 623 2415 719; baseline 0.005 -28"><span class='ocrx_word' id='word_1_9' title='bbox 215 630 587 701; x_wconf 84' lang='lat' dir='ltr'><strong>maximum</strong></span> <span class='ocrx_word' id='word_1_10' title='bbox 617 635 1013 695; x_wconf 79' lang='lat' dir='ltr'><strong>momentum</strong></span> <span class='ocrx_word' id='word_1_11' title='bbox 1043 648 1258 695; x_wconf 89' lang='lat' dir='ltr'><strong>rerum</strong></span> <span class='ocrx_word' id='word_1_12' title='bbox 1286 631 1436 715; x_wconf 88' lang='lat' dir='ltr'><strong>ejus</strong></span> <span class='ocrx_word' id='word_1_13' title='bbox 1465 623 1806 711; x_wconf 78' lang='lat' dir='ltr'><strong>civitatis,²</strong></span> <span class='ocrx_word' id='word_1_14' title='bbox 1830 632 1898 696; x_wconf 92' lang='lat' dir='ltr'><strong>in</strong></span> <span class='ocrx_word' id='word_1_15' title='bbox 1928 645 2415 719; x_wconf 81' lang='lat' dir='ltr'><strong>quamcumque</strong></span> 
     </span>
     <span class='ocr_line' id='line_1_4' title="bbox 215 729 2418 815; baseline 0.005 -24"><span class='ocrx_word' id='word_1_16' title='bbox 215 729 544 807; x_wconf 80' lang='lat' dir='ltr'><strong>venisset,</strong></span> <span class='ocrx_word' id='word_1_17' title='bbox 574 748 792 808; x_wconf 90' lang='lat' dir='ltr'><strong>suum,</strong></span> <span class='ocrx_word' id='word_1_18' title='bbox 822 749 1025 813; x_wconf 90' lang='lat' dir='ltr'><strong>quam</strong></span> <span class='ocrx_word' id='word_1_19' title='bbox 1067 732 1382 809; x_wconf 89' lang='lat' dir='ltr'><strong>alienum,</strong></span> <span class='ocrx_word' id='word_1_20' title='bbox 1408 733 1688 798; x_wconf 79' lang='lat' dir='ltr'><strong>mallent</strong></span> <span class='ocrx_word' id='word_1_21' title='bbox 1715 734 1930 799; x_wconf 81' lang='lat' dir='ltr'><strong>civem</strong></span> <span class='ocrx_word' id='word_1_22' title='bbox 1956 753 2124 802; x_wconf 87' lang='lat' dir='ltr'><strong>esse.</strong></span> <span class='ocrx_word' id='word_1_23' title='bbox 2214 735 2418 815; x_wconf 84' lang='lat' dir='ltr'><strong>Quod</strong></span> 
     </span>
     <span class='ocr_line' id='line_1_5' title="bbox 219 831 2415 921; baseline 0.004 -26"><span class='ocrx_word' id='word_1_24' title='bbox 219 831 517 898; x_wconf 87' lang='lat' dir='ltr'><strong>offendat</strong></span> <span class='ocrx_word' id='word_1_25' title='bbox 558 833 627 897; x_wconf 89' lang='lat' dir='ltr'><strong>in</strong></span> <span class='ocrx_word' id='word_1_26' title='bbox 674 852 779 911; x_wconf 90' lang='lat' dir='ltr'><strong>eo,</strong></span> <span class='ocrx_word' id='word_1_27' title='bbox 808 832 1126 899; x_wconf 82' lang='lat' dir='ltr'><strong>fervorem</strong></span> <span class='ocrx_word' id='word_1_28' title='bbox 1168 842 1239 899; x_wconf 89' lang='lat' dir='ltr'><strong>et</strong></span> <span class='ocrx_word' id='word_1_29' title='bbox 1280 835 1633 900; x_wconf 83' lang='lat' dir='ltr'><strong>audaciam</strong></span> <span class='ocrx_word' id='word_1_30' title='bbox 1676 842 1934 901; x_wconf 80' lang='lat' dir='ltr'><strong>aetatem</strong></span> <span class='ocrx_word' id='word_1_31' title='bbox 1974 837 2269 921; x_wconf 87' lang='lat' dir='ltr'><strong>quotidie</strong></span> <span class='ocrx_word' id='word_1_32' title='bbox 2299 858 2415 903; x_wconf 79' lang='lat' dir='ltr'><strong>au-</strong></span> 
     </span>
     <span class='ocr_line' id='line_1_6' title="bbox 216 934 2413 1019; baseline 0.005 -22"><span class='ocrx_word' id='word_1_33' title='bbox 216 934 432 1014; x_wconf 78' lang='lat' dir='ltr'><strong>ferre3</strong></span> <span class='ocrx_word' id='word_1_34' title='bbox 497 936 682 1019; x_wconf 88' lang='lat' dir='ltr'><strong>quod</strong></span> <span class='ocrx_word' id='word_1_35' title='bbox 737 934 1145 1002; x_wconf 80' lang='lat' dir='ltr'><strong>desideretur</strong></span> <span class='ocrx_word' id='word_1_36' title='bbox 1192 939 1567 1014; x_wconf 87' lang='lat' dir='ltr'><strong>consilium,</strong></span> <span class='ocrx_word' id='word_1_37' title='bbox 1596 982 1603 987; x_wconf 26' lang='grc' dir='ltr'><em>Α</em></span> <span class='ocrx_word' id='word_1_38' title='bbox 1630 936 1700 1003; x_wconf 92' lang='lat' dir='ltr'><strong>id</strong></span> <span class='ocrx_word' id='word_1_39' title='bbox 1757 939 1826 1002; x_wconf 89' lang='lat' dir='ltr'><strong>in</strong></span> <span class='ocrx_word' id='word_1_40' title='bbox 1885 939 2034 1004; x_wconf 90' lang='lat' dir='ltr'><strong>dies</strong></span> <span class='ocrx_word' id='word_1_41' title='bbox 2083 960 2413 1008; x_wconf 84' lang='lat' dir='ltr'><strong>crescere.</strong></span> 
     </span>
     <span class='ocr_line' id='line_1_7' title="bbox 219 1034 2415 1118; baseline 0.004 -20"><span class='ocrx_word' id='word_1_42' title='bbox 219 1034 740 1102; x_wconf 80' lang='lat' dir='ltr'><strong>senescentibus</strong></span> <span class='ocrx_word' id='word_1_43' title='bbox 788 1039 993 1118; x_wconf 84' lang='lat' dir='ltr'><strong>vitiis,</strong></span> <span class='ocrx_word' id='word_1_44' title='bbox 1039 1046 1529 1106; x_wconf 83' lang='lat' dir='ltr'><strong>maturescente</strong></span> <span class='ocrx_word' id='word_1_45' title='bbox 1581 1041 1889 1118; x_wconf 79' lang='lat' dir='ltr'><strong>virtute,¹&#39;⁸</strong></span> <span class='ocrx_word' id='word_1_46' title='bbox 1935 1042 2227 1107; x_wconf 85' lang='lat' dir='ltr'><strong>sinerent</strong></span> <span class='ocrx_word' id='word_1_47' title='bbox 2267 1049 2415 1106; x_wconf 76' lang='lat' dir='ltr'><strong>tau-</strong></span> 
     </span>
     <span class='ocr_line' id='line_1_8' title="bbox 217 1138 2414 1208; baseline 0.004 -8"><span class='ocrx_word' id='word_1_48' title='bbox 217 1142 368 1201; x_wconf 90' lang='lat' dir='ltr'><strong>tum</strong></span> <span class='ocrx_word' id='word_1_49' title='bbox 411 1138 622 1203; x_wconf 82' lang='lat' dir='ltr'><strong>virum</strong></span> <span class='ocrx_word' id='word_1_50' title='bbox 669 1158 897 1205; x_wconf 90' lang='lat' dir='ltr'><strong>senem</strong></span> <span class='ocrx_word' id='word_1_51' title='bbox 943 1142 1011 1205; x_wconf 92' lang='lat' dir='ltr'><strong>in</strong></span> <span class='ocrx_word' id='word_1_52' title='bbox 1056 1142 1326 1207; x_wconf 83' lang='lat' dir='ltr'><strong>civitate</strong></span> <span class='ocrx_word' id='word_1_53' title='bbox 1370 1141 1629 1206; x_wconf 81' lang='lat' dir='ltr'><strong>fieri.’¹⁸</strong></span> <span class='ocrx_word' id='word_1_54' title='bbox 1719 1141 1919 1207; x_wconf 88' lang='lat' dir='ltr'><strong>Pater</strong></span> <span class='ocrx_word' id='word_1_55' title='bbox 1960 1143 2129 1208; x_wconf 88' lang='lat' dir='ltr'><strong>inter</strong></span> <span class='ocrx_word' id='word_1_56' title='bbox 2169 1144 2294 1208; x_wconf 90' lang='lat' dir='ltr'><strong>hos</strong></span> <span class='ocrx_word' id='word_1_57' title='bbox 2335 1144 2414 1208; x_wconf 90' lang='lat' dir='ltr'><strong>L.</strong></span> 
     </span>
     <span class='ocr_line' id='line_1_9' title="bbox 224 1237 2414 1328; baseline 0.004 -26"><span class='ocrx_word' id='word_1_58' title='bbox 224 1237 565 1321; x_wconf 80' lang='lat' dir='ltr'><strong>Quintius,</strong></span> <span class='ocrx_word' id='word_1_59' title='bbox 593 1243 708 1308; x_wconf 91' lang='lat' dir='ltr'><strong>cui</strong></span> <span class='ocrx_word' id='word_1_60' title='bbox 746 1242 1148 1309; x_wconf 87' lang='lat' dir='ltr'><strong>Cincinnato</strong></span> <span class='ocrx_word' id='word_1_61' title='bbox 1180 1264 1550 1328; x_wconf 86' lang='lat' dir='ltr'><strong>cognomen</strong></span> <span class='ocrx_word' id='word_1_62' title='bbox 1576 1247 1737 1323; x_wconf 88' lang='lat' dir='ltr'><strong>erat,</strong></span> <span class='ocrx_word' id='word_1_63' title='bbox 1767 1262 1904 1308; x_wconf 88' lang='lat' dir='ltr'><strong>non</strong></span> <span class='ocrx_word' id='word_1_64' title='bbox 1933 1242 2235 1310; x_wconf 88' lang='lat' dir='ltr'><strong>iterando</strong></span> <span class='ocrx_word' id='word_1_65' title='bbox 2271 1244 2414 1310; x_wconf 83' lang='lat' dir='ltr'><strong>lau-</strong></span> 
     </span>
     <span class='ocr_line' id='line_1_10' title="bbox 219 1341 2415 1431; baseline 0.003 -26"><span class='ocrx_word' id='word_1_66' title='bbox 219 1341 369 1425; x_wconf 73' lang='lat' dir='ltr'><strong>dee,</strong></span> <span class='ocrx_word' id='word_1_67' title='bbox 400 1362 481 1408; x_wconf 90' lang='lat' dir='ltr'><strong>ne</strong></span> <span class='ocrx_word' id='word_1_68' title='bbox 524 1345 899 1410; x_wconf 88' lang='lat' dir='ltr'><strong>cumularet</strong></span> <span class='ocrx_word' id='word_1_69' title='bbox 940 1346 1286 1424; x_wconf 82' lang='lat' dir='ltr'><strong>invidiam,</strong></span> <span class='ocrx_word' id='word_1_70' title='bbox 1318 1345 1440 1411; x_wconf 90' lang='lat' dir='ltr'><strong>sed</strong></span> <span class='ocrx_word' id='word_1_71' title='bbox 1483 1347 1738 1411; x_wconf 84' lang='lat' dir='ltr'><strong>veniam</strong></span> <span class='ocrx_word' id='word_1_72' title='bbox 1778 1348 1975 1412; x_wconf 87' lang='lat' dir='ltr'><strong>errori</strong></span> <span class='ocrx_word' id='word_1_73' title='bbox 2021 1356 2217 1431; x_wconf 84' lang='lat' dir='ltr'><strong>atque</strong></span> <span class='ocrx_word' id='word_1_74' title='bbox 2255 1347 2415 1412; x_wconf 90' lang='lat' dir='ltr'><strong>ado-</strong></span> 
     </span>
     <span class='ocr_line' id='line_1_11' title="bbox 215 1444 2415 1533; baseline 0.004 -27"><span class='ocrx_word' id='word_1_75' title='bbox 215 1444 564 1511; x_wconf 82' lang='lat' dir='ltr'><strong>lescentiae</strong></span> <span class='ocrx_word' id='word_1_76' title='bbox 595 1447 899 1530; x_wconf 83' lang='lat' dir='ltr'><strong>petendo,</strong></span> <span class='ocrx_word' id='word_1_77' title='bbox 928 1448 1082 1526; x_wconf 88' lang='lat' dir='ltr'><strong>sibi,</strong></span> <span class='ocrx_word' id='word_1_78' title='bbox 1111 1449 1231 1533; x_wconf 92' lang='lat' dir='ltr'><strong>qui</strong></span> <span class='ocrx_word' id='word_1_79' title='bbox 1260 1468 1397 1513; x_wconf 90' lang='lat' dir='ltr'><strong>non</strong></span> <span class='ocrx_word' id='word_1_80' title='bbox 1427 1449 1631 1527; x_wconf 88' lang='lat' dir='ltr'><strong>dicto,</strong></span> <span class='ocrx_word' id='word_1_81' title='bbox 1655 1469 1790 1514; x_wconf 90' lang='lat' dir='ltr'><strong>non</strong></span> <span class='ocrx_word' id='word_1_82' title='bbox 1816 1449 2002 1513; x_wconf 89' lang='lat' dir='ltr'><strong>facto</strong></span> <span class='ocrx_word' id='word_1_83' title='bbox 2032 1466 2415 1532; x_wconf 89' lang='lat' dir='ltr'><strong>quenquam</strong></span> 
     </span>
     <span class='ocr_line' id='line_1_12' title="bbox 216 1546 2415 1629; baseline 0.003 -20"><span class='ocrx_word' id='word_1_84' title='bbox 216 1546 630 1625; x_wconf 87' lang='lat' dir='ltr'><strong>offendisset,</strong></span> <span class='ocrx_word' id='word_1_85' title='bbox 664 1554 733 1614; x_wconf 91' lang='lat' dir='ltr'><strong>ut</strong></span> <span class='ocrx_word' id='word_1_86' title='bbox 777 1549 1233 1615; x_wconf 89' lang='lat' dir='ltr'><strong>condonarent</strong></span> <span class='ocrx_word' id='word_1_87' title='bbox 1275 1552 1507 1629; x_wconf 90' lang='lat' dir='ltr'><strong>filium,</strong></span> <span class='ocrx_word' id='word_1_88' title='bbox 1541 1552 1798 1617; x_wconf 89' lang='lat' dir='ltr'><strong>orabat.</strong></span> <span class='ocrx_word' id='word_1_89' title='bbox 1881 1552 2014 1616; x_wconf 90' lang='lat' dir='ltr'><strong>Sed</strong></span> <span class='ocrx_word' id='word_1_90' title='bbox 2059 1550 2175 1616; x_wconf 89' lang='lat' dir='ltr'><strong>alii</strong></span> <span class='ocrx_word' id='word_1_91' title='bbox 2223 1569 2415 1616; x_wconf 61' lang='lat' dir='ltr'><strong>aver-s</strong></span> 
     </span>
     <span class='ocr_line' id='line_1_13' title="bbox 215 1648 2415 1737; baseline 0.003 -26"><span class='ocrx_word' id='word_1_92' title='bbox 215 1648 540 1716; x_wconf 88' lang='lat' dir='ltr'><strong>sabantur</strong></span> <span class='ocrx_word' id='word_1_93' title='bbox 569 1671 819 1734; x_wconf 87' lang='lat' dir='ltr'><strong>preces,</strong></span> <span class='ocrx_word' id='word_1_94' title='bbox 848 1658 966 1718; x_wconf 89' lang='lat' dir='ltr'><strong>aut</strong></span> <span class='ocrx_word' id='word_1_95' title='bbox 994 1654 1419 1732; x_wconf 86' lang='lat' dir='ltr'><strong>verecundia,</strong></span> <span class='ocrx_word' id='word_1_96' title='bbox 1445 1660 1569 1719; x_wconf 83' lang='lat' dir='ltr'><strong>aut</strong></span> <span class='ocrx_word' id='word_1_97' title='bbox 1590 1661 1813 1719; x_wconf 90' lang='lat' dir='ltr'><strong>metu:</strong></span> <span class='ocrx_word' id='word_1_98' title='bbox 1858 1654 1996 1732; x_wconf 81' lang='lat' dir='ltr'><strong>alii,</strong></span> <span class='ocrx_word' id='word_1_99' title='bbox 2019 1674 2092 1717; x_wconf 90' lang='lat' dir='ltr'><strong>se</strong></span> <span class='ocrx_word' id='word_1_100' title='bbox 2113 1668 2415 1737; x_wconf 80' lang='lat' dir='ltr'><strong>suosque</strong></span> 
     </span>
     <span class='ocr_line' id='line_1_14' title="bbox 215 1751 2415 1841; baseline 0.003 -27"><span class='ocrx_word' id='word_1_101' title='bbox 215 1751 556 1817; x_wconf 88' lang='lat' dir='ltr'><strong>mulcatos</strong></span> <span class='ocrx_word' id='word_1_102' title='bbox 593 1761 964 1837; x_wconf 85' lang='lat' dir='ltr'><strong>querentes,</strong></span> <span class='ocrx_word' id='word_1_103' title='bbox 992 1758 1206 1823; x_wconf 89' lang='lat' dir='ltr'><strong>atroci</strong></span> <span class='ocrx_word' id='word_1_104' title='bbox 1252 1774 1584 1841; x_wconf 88' lang='lat' dir='ltr'><strong>responso</strong></span> <span class='ocrx_word' id='word_1_105' title='bbox 1621 1756 1958 1840; x_wconf 86' lang='lat' dir='ltr'><strong>judicium</strong></span> <span class='ocrx_word' id='word_1_106' title='bbox 2002 1773 2195 1820; x_wconf 84' lang='lat' dir='ltr'><strong>suum</strong></span> <span class='ocrx_word' id='word_1_107' title='bbox 2237 1774 2415 1839; x_wconf 71' lang='lat' dir='ltr'><strong>prae-</strong></span> 
     </span>
     <span class='ocr_line' id='line_1_15' title="bbox 213 1853 582 1921; baseline 0.016 -5"><span class='ocrx_word' id='word_1_108' title='bbox 213 1853 537 1921; x_wconf 79' lang='lat' dir='ltr'><strong>ferebant.</strong></span> <span class='ocrx_word' id='word_1_109' title='bbox 577 1904 582 1911; x_wconf 80' lang='lat'>-</span> 
     </span>
    </p>

    <p class='ocr_par' dir='ltr' id='par_1_3' title="bbox 216 1956 2414 2759">
     <span class='ocr_line' id='line_1_16' title="bbox 311 1956 2414 2046; baseline 0.001 -26"><span class='ocrx_word' id='word_1_110' title='bbox 311 1956 415 2021; x_wconf 82' lang='lat'><strong>13.</strong></span> <span class='ocrx_word' id='word_1_111' title='bbox 460 1958 816 2025; x_wconf 89' lang='lat' dir='ltr'><strong>Premebat</strong></span> <span class='ocrx_word' id='word_1_112' title='bbox 858 1980 1069 2038; x_wconf 88' lang='lat' dir='ltr'><strong>reum,</strong></span> <span class='ocrx_word' id='word_1_113' title='bbox 1099 1970 1345 2046; x_wconf 80' lang='lat' dir='ltr'><strong>praeter</strong></span> <span class='ocrx_word' id='word_1_114' title='bbox 1387 1963 1734 2044; x_wconf 82' lang='lat' dir='ltr'><strong>vulgatam</strong></span> <span class='ocrx_word' id='word_1_115' title='bbox 1779 1960 2126 2037; x_wconf 85' lang='lat' dir='ltr'><strong>invidiam,</strong></span> <span class='ocrx_word' id='word_1_116' title='bbox 2160 1961 2414 2024; x_wconf 86' lang='lat' dir='ltr'><strong>crimen</strong></span> 
     </span>
     <span class='ocr_line' id='line_1_17' title="bbox 218 2061 2412 2147; baseline 0.001 -25"><span class='ocrx_word' id='word_1_117' title='bbox 218 2073 511 2142; x_wconf 83' lang='lat' dir='ltr'><strong>unum;’⁸</strong></span> <span class='ocrx_word' id='word_1_118' title='bbox 555 2064 735 2147; x_wconf 88' lang='lat' dir='ltr'><strong>quod</strong></span> <span class='ocrx_word' id='word_1_119' title='bbox 780 2063 881 2128; x_wconf 87' lang='grc' dir='ltr'><strong>Μ.</strong></span> <span class='ocrx_word' id='word_1_120' title='bbox 910 2063 1233 2130; x_wconf 87' lang='lat' dir='ltr'><strong>Volscius</strong></span> <span class='ocrx_word' id='word_1_121' title='bbox 1279 2064 1530 2142; x_wconf 90' lang='lat' dir='ltr'><strong>Fictor,</strong></span> <span class='ocrx_word' id='word_1_122' title='bbox 1562 2063 1680 2146; x_wconf 91' lang='lat' dir='ltr'><strong>qui</strong></span> <span class='ocrx_word' id='word_1_123' title='bbox 1724 2070 1883 2126; x_wconf 90' lang='lat' dir='ltr'><strong>ante</strong></span> <span class='ocrx_word' id='word_1_124' title='bbox 1913 2061 2171 2145; x_wconf 88' lang='lat' dir='ltr'><strong>aliquot</strong></span> <span class='ocrx_word' id='word_1_125' title='bbox 2199 2080 2412 2126; x_wconf 89' lang='lat' dir='ltr'><strong>annos</strong></span> 
     </span>
     <span class='ocr_line' id='line_1_18' title="bbox 217 2162 2412 2249; baseline -0 -21"><span class='ocrx_word' id='word_1_126' title='bbox 217 2165 521 2229; x_wconf 87' lang='lat' dir='ltr'><strong>tribunus</strong></span> <span class='ocrx_word' id='word_1_127' title='bbox 572 2166 796 2249; x_wconf 86' lang='lat' dir='ltr'><strong>plebis</strong></span> <span class='ocrx_word' id='word_1_128' title='bbox 855 2166 1092 2247; x_wconf 83' lang='lat' dir='ltr'><strong>fuerat,</strong></span> <span class='ocrx_word' id='word_1_129' title='bbox 1144 2167 1333 2232; x_wconf 90' lang='lat' dir='ltr'><strong>testis</strong></span> <span class='ocrx_word' id='word_1_130' title='bbox 1382 2168 1718 2243; x_wconf 81' lang='lat' dir='ltr'><strong>extiterat,</strong></span> <span class='ocrx_word' id='word_1_131' title='bbox 1771 2167 1792 2196; x_wconf 91' lang='lat'>‘</span> <span class='ocrx_word' id='word_1_132' title='bbox 1817 2163 1910 2228; x_wconf 92' lang='lat' dir='ltr'><strong>Se</strong></span> <span class='ocrx_word' id='word_1_133' title='bbox 1963 2162 2146 2229; x_wconf 91' lang='lat' dir='ltr'><strong>haud</strong></span> <span class='ocrx_word' id='word_1_134' title='bbox 2202 2163 2412 2227; x_wconf 90' lang='lat' dir='ltr'><strong>multo</strong></span> 
     </span>
     <span class='ocr_line' id='line_1_19' title="bbox 216 2264 2412 2350; baseline 0.001 -22"><span class='ocrx_word' id='word_1_135' title='bbox 216 2274 405 2348; x_wconf 88' lang='lat' dir='ltr'><strong>post,</strong></span> <span class='ocrx_word' id='word_1_136' title='bbox 438 2286 643 2349; x_wconf 88' lang='lat' dir='ltr'><strong>quam</strong></span> <span class='ocrx_word' id='word_1_137' title='bbox 684 2268 1068 2350; x_wconf 90' lang='lat' dir='ltr'><strong>pestilentia</strong></span> <span class='ocrx_word' id='word_1_138' title='bbox 1091 2270 1171 2343; x_wconf 59' lang='lat' dir='ltr'><strong>,in</strong></span> <span class='ocrx_word' id='word_1_139' title='bbox 1198 2268 1361 2333; x_wconf 88' lang='lat' dir='ltr'><strong>urbe</strong></span> <span class='ocrx_word' id='word_1_140' title='bbox 1391 2268 1630 2345; x_wconf 88' lang='lat' dir='ltr'><strong>fuerat,</strong></span> <span class='ocrx_word' id='word_1_141' title='bbox 1659 2267 1724 2330; x_wconf 89' lang='lat' dir='ltr'><strong>in</strong></span> <span class='ocrx_word' id='word_1_142' title='bbox 1746 2264 2196 2349; x_wconf 85' lang='lat' dir='ltr'><strong>juventutem,</strong></span> <span class='ocrx_word' id='word_1_143' title='bbox 2227 2284 2412 2348; x_wconf 84' lang='lat' dir='ltr'><strong>gras-</strong></span> 
     </span>
     <span class='ocr_line' id='line_1_20' title="bbox 221 2362 2412 2449; baseline 0 -18"><span class='ocrx_word' id='word_1_144' title='bbox 221 2375 476 2432; x_wconf 89' lang='lat' dir='ltr'><strong>santem</strong></span> <span class='ocrx_word' id='word_1_145' title='bbox 520 2370 587 2432; x_wconf 91' lang='lat' dir='ltr'><strong>in</strong></span> <span class='ocrx_word' id='word_1_146' title='bbox 631 2369 944 2449; x_wconf 85' lang='lat' dir='ltr'><strong>Subura,⁸</strong></span> <span class='ocrx_word' id='word_1_147' title='bbox 983 2362 1323 2438; x_wconf 88' lang='lat' dir='ltr'><strong>incidisse.</strong></span> <span class='ocrx_word' id='word_1_148' title='bbox 1413 2370 1526 2435; x_wconf 90' lang='lat' dir='ltr'><strong>Ibi</strong></span> <span class='ocrx_word' id='word_1_149' title='bbox 1573 2369 1787 2434; x_wconf 87' lang='lat' dir='ltr'><strong>rixam</strong></span> <span class='ocrx_word' id='word_1_150' title='bbox 1820 2375 2048 2433; x_wconf 87' lang='lat' dir='ltr'><strong>natam</strong></span> <span class='ocrx_word' id='word_1_151' title='bbox 2076 2386 2252 2444; x_wconf 89' lang='lat' dir='ltr'><strong>esse,</strong></span> <span class='ocrx_word' id='word_1_152' title='bbox 2279 2367 2412 2432; x_wconf 84' lang='lat' dir='ltr'><strong>fra-</strong></span> 
     </span>
     <span class='ocr_line' id='line_1_21' title="bbox 216 2470 2411 2558; baseline 0 -24"><span class='ocrx_word' id='word_1_153' title='bbox 216 2477 514 2555; x_wconf 89' lang='lat' dir='ltr'><strong>tremque</strong></span> <span class='ocrx_word' id='word_1_154' title='bbox 575 2492 772 2537; x_wconf 89' lang='lat' dir='ltr'><strong>suum</strong></span> <span class='ocrx_word' id='word_1_155' title='bbox 824 2474 1138 2558; x_wconf 90' lang='lat' dir='ltr'><strong>majorem</strong></span> <span class='ocrx_word' id='word_1_156' title='bbox 1187 2480 1370 2550; x_wconf 88' lang='lat' dir='ltr'><strong>natu,</strong></span> <span class='ocrx_word' id='word_1_157' title='bbox 1422 2493 1551 2538; x_wconf 89' lang='lat' dir='ltr'><strong>nec</strong></span> <span class='ocrx_word' id='word_1_158' title='bbox 1604 2472 1761 2536; x_wconf 91' lang='lat' dir='ltr'><strong>dum</strong></span> <span class='ocrx_word' id='word_1_159' title='bbox 1812 2491 1902 2535; x_wconf 84' lang='lat' dir='ltr'><strong>ex</strong></span> <span class='ocrx_word' id='word_1_160' title='bbox 1952 2472 2188 2535; x_wconf 90' lang='lat' dir='ltr'><strong>morbo</strong></span> <span class='ocrx_word' id='word_1_161' title='bbox 2244 2470 2411 2535; x_wconf 87' lang='lat' dir='ltr'><strong>satis</strong></span> 
     </span>
     <span class='ocr_line' id='line_1_22' title="bbox 217 2572 2412 2658; baseline -0.001 -20"><span class='ocrx_word' id='word_1_162' title='bbox 217 2572 539 2651; x_wconf 83' lang='lat' dir='ltr'><strong>validum,</strong></span> <span class='ocrx_word' id='word_1_163' title='bbox 568 2593 796 2658; x_wconf 85' lang='lat' dir='ltr'><strong>pugno</strong></span> <span class='ocrx_word' id='word_1_164' title='bbox 826 2576 1028 2640; x_wconf 91' lang='lat' dir='ltr'><strong>ictum</strong></span> <span class='ocrx_word' id='word_1_165' title='bbox 1061 2578 1148 2641; x_wconf 91' lang='lat' dir='ltr'><strong>ab</strong></span> <span class='ocrx_word' id='word_1_166' title='bbox 1182 2575 1478 2642; x_wconf 65' lang='lat' dir='ltr'><strong>Kaesone</strong></span> <span class='ocrx_word' id='word_1_167' title='bbox 1497 2579 1551 2625; x_wconf 86' lang='lat'><strong>¹⁹</strong></span> <span class='ocrx_word' id='word_1_168' title='bbox 1579 2573 1902 2640; x_wconf 87' lang='lat' dir='ltr'><strong>cecidisse</strong></span> <span class='ocrx_word' id='word_1_169' title='bbox 1932 2572 2412 2638; x_wconf 89' lang='lat' dir='ltr'><strong>semianimem.</strong></span> 
     </span>
     <span class='ocr_line' id='line_1_23' title="bbox 218 2667 2412 2759; baseline 0 -20"><span class='ocrx_word' id='word_1_170' title='bbox 218 2673 411 2747; x_wconf 88' lang='lat' dir='ltr'><strong>Inter</strong></span> <span class='ocrx_word' id='word_1_171' title='bbox 436 2689 704 2742; x_wconf 87' lang='lat' dir='ltr'><strong>manus⁰</strong></span> <span class='ocrx_word' id='word_1_172' title='bbox 735 2676 1002 2743; x_wconf 88' lang='lat' dir='ltr'><strong>domum</strong></span> <span class='ocrx_word' id='word_1_173' title='bbox 1037 2678 1359 2756; x_wconf 89' lang='lat' dir='ltr'><strong>ablatum,</strong></span> <span class='ocrx_word' id='word_1_174' title='bbox 1389 2685 1861 2759; x_wconf 89' lang='lat' dir='ltr'><strong>mortuumque</strong></span> <span class='ocrx_word' id='word_1_175' title='bbox 1883 2674 2034 2739; x_wconf 88' lang='lat' dir='ltr'><strong>inde</strong></span> <span class='ocrx_word' id='word_1_176' title='bbox 2058 2667 2412 2754; x_wconf 59' lang='lat' dir='ltr'><strong>arbitrari?</strong></span> 
     </span>
    </p>
   </div>
   <div class='ocr_carea' id='block_1_3' title="bbox 983 366 1657 433">
    <p class='ocr_par' dir='ltr' id='par_1_4' title="bbox 983 366 1657 433">
     <span class='ocr_line' id='line_1_24' title="bbox 983 366 1657 433; baseline 0.006 -4"><span class='ocrx_word' id='word_1_177' title='bbox 983 381 1128 431; x_wconf 69' lang='lat' dir='ltr'><strong>mn.</strong></span> <span class='ocrx_word' id='word_1_178' title='bbox 1178 378 1296 431; x_wconf 89' lang='lat'><strong>111.</strong></span> <span class='ocrx_word' id='word_1_179' title='bbox 1342 378 1506 432; x_wconf 67' lang='lat' dir='ltr'><strong>cu.</strong></span> <span class='ocrx_word' id='word_1_180' title='bbox 1551 366 1657 433; x_wconf 78' lang='lat'><strong>13.</strong></span> 
     </span>
    </p>
   </div>
   <div class='ocr_carea' id='block_1_4' title="bbox 216 2860 2409 3175">
    <p class='ocr_par' dir='ltr' id='par_1_5' title="bbox 285 2860 1683 2925">
     <span class='ocr_line' id='line_1_25' title="bbox 285 2860 1683 2925; baseline -0.001 -10"><span class='ocrx_word' id='word_1_181' title='bbox 285 2860 302 2892; x_wconf 81' lang='lat'>¹</span> <span class='ocrx_word' id='word_1_182' title='bbox 338 2862 436 2915; x_wconf 72' lang='lat' dir='ltr'><strong>Qui</strong></span> <span class='ocrx_word' id='word_1_183' title='bbox 454 2864 652 2913; x_wconf 68' lang='lat' dir='ltr'><strong>maximi</strong></span> <span class='ocrx_word' id='word_1_184' title='bbox 674 2866 896 2915; x_wconf 75' lang='lat' dir='ltr'><strong>momenti</strong></span> <span class='ocrx_word' id='word_1_185' title='bbox 913 2866 1115 2925; x_wconf 75' lang='lat' dir='ltr'><strong>sutum</strong></span> <span class='ocrx_word' id='word_1_186' title='bbox 1134 2868 1256 2915; x_wconf 73' lang='lat' dir='ltr'><strong>esset</strong></span> <span class='ocrx_word' id='word_1_187' title='bbox 1276 2865 1338 2913; x_wconf 77' lang='lat' dir='ltr'><strong>nd</strong></span> <span class='ocrx_word' id='word_1_188' title='bbox 1358 2880 1435 2914; x_wconf 72' lang='lat' dir='ltr'><strong>res</strong></span> <span class='ocrx_word' id='word_1_189' title='bbox 1454 2865 1683 2915; x_wconf 72' lang='lat' dir='ltr'><strong>civitatis.</strong></span> 
     </span>
    </p>

    <p class='ocr_par' dir='ltr' id='par_1_6' title="bbox 216 2926 2409 3175">
     <span class='ocr_line' id='line_1_26' title="bbox 216 2926 2409 3054; baseline -0.001 -79"><span class='ocrx_word' id='word_1_190' title='bbox 216 2926 510 3054; x_wconf 54' lang='grc' dir='ltr'><strong>ἀηῖωνέεὲἰε</strong></span> <span class='ocrx_word' id='word_1_191' title='bbox 539 2932 761 2993; x_wconf 78' lang='lat' dir='ltr'><strong>temporis</strong></span> <span class='ocrx_word' id='word_1_192' title='bbox 789 2946 1041 2995; x_wconf 74' lang='lat' dir='ltr'><strong>progressu</strong></span> <span class='ocrx_word' id='word_1_193' title='bbox 1071 2930 1450 2993; x_wconf 68' lang='lat' dir='ltr'><strong>exolescentibus,</strong></span> <span class='ocrx_word' id='word_1_194' title='bbox 1483 2932 1660 2980; x_wconf 75' lang='lat' dir='ltr'><strong>virtute</strong></span> <span class='ocrx_word' id='word_1_195' title='bbox 1680 2936 1846 2980; x_wconf 71' lang='lat' dir='ltr'><strong>contra</strong></span> <span class='ocrx_word' id='word_1_196' title='bbox 1869 2930 1930 2978; x_wconf 82' lang='lat' dir='ltr'><strong>ad</strong></span> <span class='ocrx_word' id='word_1_197' title='bbox 1950 2927 2273 2978; x_wconf 74' lang='lat' dir='ltr'><strong>maturitatem</strong></span> <span class='ocrx_word' id='word_1_198' title='bbox 2299 2939 2409 2989; x_wconf 80' lang='lat' dir='ltr'><strong>per·</strong></span> 
     </span>
     <span class='ocr_line' id='line_1_27' title="bbox 282 3025 2280 3124; baseline -0.001 -19"><span class='ocrx_word' id='word_1_199' title='bbox 282 3063 313 3088; x_wconf 85' lang='lat'><strong>¹·</strong></span> <span class='ocrx_word' id='word_1_200' title='bbox 349 3025 620 3114; x_wconf 40' lang='lat' dir='ltr'><strong>l&#39;teosultra</strong></span> <span class='ocrx_word' id='word_1_201' title='bbox 640 3060 798 3109; x_wconf 71' lang='lat' dir='ltr'><strong>odium</strong></span> <span class='ocrx_word' id='word_1_202' title='bbox 817 3061 870 3110; x_wconf 71' lang='lat' dir='ltr'><strong>in</strong></span> <span class='ocrx_word' id='word_1_203' title='bbox 890 3076 993 3110; x_wconf 79' lang='lat' dir='ltr'><strong>eum</strong></span> <span class='ocrx_word' id='word_1_204' title='bbox 1013 3059 1384 3122; x_wconf 70' lang='lat' dir='ltr'><strong>disseminatum,</strong></span> <span class='ocrx_word' id='word_1_205' title='bbox 1402 3073 1547 3109; x_wconf 68' lang='lat' dir='ltr'><strong>unum</strong></span> <span class='ocrx_word' id='word_1_206' title='bbox 1565 3060 1826 3123; x_wconf 73' lang='lat' dir='ltr'><strong>proeaeertim</strong></span> <span class='ocrx_word' id='word_1_207' title='bbox 1845 3060 2020 3109; x_wconf 63' lang='grc' dir='ltr'><strong>σίνηαι</strong></span> <span class='ocrx_word' id='word_1_208' title='bbox 2034 3055 2280 3124; x_wconf 74' lang='lat' dir='ltr'><strong>officiebat.</strong></span> 
     </span>
     <span class='ocr_line' id='line_1_28' title="bbox 281 3121 790 3175; baseline 0.01 -5"><span class='ocrx_word' id='word_1_209' title='bbox 281 3128 312 3153; x_wconf 74' lang='lat'><em>⁶</em></span> <span class='ocrx_word' id='word_1_210' title='bbox 340 3121 567 3173; x_wconf 68' lang='lat' dir='ltr'><strong>Manibus</strong></span> <span class='ocrx_word' id='word_1_211' title='bbox 583 3139 790 3175; x_wconf 70' lang='lat' dir='ltr'><strong>suorum.</strong></span> 
     </span>
    </p>
   </div>
   <div class='ocr_carea' id='block_1_5' title="bbox 1137 3219 1497 3245">
    <p class='ocr_par' dir='ltr' id='par_1_7' title="bbox 1137 3219 1497 3245">
     <span class='ocr_line' id='line_1_29' title="bbox 1137 3219 1497 3245; baseline -0.003 -3"><span class='ocrx_word' id='word_1_212' title='bbox 1137 3219 1497 3245; x_wconf 52' lang='lat' dir='ltr'><strong>‘OQOOOOOOOO</strong></span> 
     </span>
    </p>
   </div>
   <div class='ocr_carea' id='block_1_6' title="bbox 217 3314 2411 3449">
    <p class='ocr_par' dir='ltr' id='par_1_8' title="bbox 217 3314 2411 3449">
     <span class='ocr_line' id='line_1_30' title="bbox 284 3314 2411 3387; baseline -0.002 -18"><span class='ocrx_word' id='word_1_213' title='bbox 284 3321 352 3366; x_wconf 83' lang='grc'><strong>16</strong></span> <span class='ocrx_word' id='word_1_214' title='bbox 385 3318 734 3384; x_wconf 74' lang='lat' dir='ltr'><strong>Rempublicam</strong></span> <span class='ocrx_word' id='word_1_215' title='bbox 751 3321 885 3373; x_wconf 89' lang='lat' dir='ltr'><strong>Edd.</strong></span> <span class='ocrx_word' id='word_1_216' title='bbox 907 3330 1028 3373; x_wconf 84' lang='lat' dir='ltr'><strong>ante</strong></span> <span class='ocrx_word' id='word_1_217' title='bbox 1051 3324 1347 3376; x_wconf 60' lang='lat' dir='ltr'><strong>Drake-l&#39;l</strong></span> <span class='ocrx_word' id='word_1_218' title='bbox 1372 3323 1528 3387; x_wconf 76' lang='lat' dir='ltr'><strong>Vulg-</strong></span> <span class='ocrx_word' id='word_1_219' title='bbox 1547 3322 1762 3382; x_wconf 72' lang='lat' dir='ltr'><strong>fortuma</strong></span> <span class='ocrx_word' id='word_1_220' title='bbox 1783 3320 2143 3371; x_wconf 60' lang='lat' dir='ltr'><strong>viriathum—18</strong></span> <span class='ocrx_word' id='word_1_221' title='bbox 2177 3317 2300 3366; x_wconf 83' lang='lat' dir='ltr'><strong>Vet.</strong></span> <span class='ocrx_word' id='word_1_222' title='bbox 2322 3314 2411 3366; x_wconf 89' lang='lat' dir='ltr'><strong>lib.</strong></span> 
     </span>
     <span class='ocr_line' id='line_1_31' title="bbox 217 3383 1116 3449; baseline 0.01 -19"><span class='ocrx_word' id='word_1_223' title='bbox 217 3383 363 3448; x_wconf 85' lang='lat' dir='ltr'><strong>apud</strong></span> <span class='ocrx_word' id='word_1_224' title='bbox 387 3383 557 3449; x_wconf 79' lang='lat' dir='ltr'><strong>Sigon.</strong></span> <span class='ocrx_word' id='word_1_225' title='bbox 578 3388 632 3435; x_wconf 77' lang='lat' dir='ltr'><strong>in</strong></span> <span class='ocrx_word' id='word_1_226' title='bbox 649 3387 847 3437; x_wconf 79' lang='lat' dir='ltr'><strong>civitate</strong></span> <span class='ocrx_word' id='word_1_227' title='bbox 865 3402 1116 3439; x_wconf 67' lang='lat' dir='ltr'><strong>senescere.</strong></span> 
     </span>
    </p>
   </div>
   <div class='ocr_carea' id='block_1_7' title="bbox 1204 3481 1480 3535">
    <p class='ocr_par' dir='ltr' id='par_1_9' title="bbox 1204 3481 1480 3535">
     <span class='ocr_line' id='line_1_32' title="bbox 1204 3481 1480 3535; baseline 0.004 -2"><span class='ocrx_word' id='word_1_228' title='bbox 1204 3481 1425 3535; x_wconf 81' lang='lat' dir='ltr'>NOTAE</span> <span class='ocrx_word' id='word_1_229' title='bbox 1469 3501 1480 3513; x_wconf 93' lang='lat'><strong>·</strong></span> 
     </span>
    </p>
   </div>
   <div class='ocr_carea' id='block_1_8' title="bbox 211 3574 2411 3798">
    <p class='ocr_par' dir='ltr' id='par_1_10' title="bbox 211 3574 2411 3798">
     <span class='ocr_line' id='line_1_33' title="bbox 278 3574 2409 3646; baseline -0.003 -19"><span class='ocrx_word' id='word_1_230' title='bbox 278 3583 310 3609; x_wconf 56' lang='grc' dir='ltr'>θ</span> <span class='ocrx_word' id='word_1_231' title='bbox 341 3577 403 3627; x_wconf 77' lang='lat' dir='ltr'><strong>In</strong></span> <span class='ocrx_word' id='word_1_232' title='bbox 423 3577 635 3646; x_wconf 77' lang='lat' dir='ltr'><strong>Subura]</strong></span> <span class='ocrx_word' id='word_1_233' title='bbox 670 3581 789 3632; x_wconf 88' lang='lat' dir='ltr'><strong>Fuit</strong></span> <span class='ocrx_word' id='word_1_234' title='bbox 807 3579 1039 3637; x_wconf 70' lang='lat' dir='ltr'><strong>Saburra.</strong></span> <span class='ocrx_word' id='word_1_235' title='bbox 1057 3581 1138 3630; x_wconf 82' lang='lat' dir='ltr'><strong>vel</strong></span> <span class='ocrx_word' id='word_1_236' title='bbox 1160 3578 1279 3629; x_wconf 79' lang='lat' dir='ltr'><strong>Sub·</strong></span> <span class='ocrx_word' id='word_1_237' title='bbox 1351 3576 1490 3642; x_wconf 81' lang='lat' dir='ltr'><strong>quod</strong></span> <span class='ocrx_word' id='word_1_238' title='bbox 1508 3575 1802 3640; x_wconf 70' lang='lat' dir='ltr'><strong>praesidium</strong></span> <span class='ocrx_word' id='word_1_239' title='bbox 1820 3574 1890 3625; x_wconf 90' lang='lat' dir='ltr'><strong>ibi</strong></span> <span class='ocrx_word' id='word_1_240' title='bbox 1906 3575 2131 3623; x_wconf 84' lang='lat' dir='ltr'><strong>locatum</strong></span> <span class='ocrx_word' id='word_1_241' title='bbox 2141 3581 2409 3621; x_wconf 73' lang='lat' dir='ltr'><strong>succurre·</strong></span> 
     </span>
     <span class='ocr_line' id='line_1_34' title="bbox 211 3646 2411 3723; baseline -0.004 -20"><span class='ocrx_word' id='word_1_242' title='bbox 211 3649 346 3719; x_wconf 61' lang='lat' dir='ltr'><strong>tera,</strong></span> <span class='ocrx_word' id='word_1_243' title='bbox 363 3655 417 3706; x_wconf 88' lang='lat' dir='ltr'><strong>in</strong></span> <span class='ocrx_word' id='word_1_244' title='bbox 459 3658 805 3723; x_wconf 84' lang='lat' dir='ltr'><strong>Coelimontio,</strong></span> <span class='ocrx_word' id='word_1_245' title='bbox 843 3673 959 3723; x_wconf 82' lang='lat' dir='ltr'><strong>quae</strong></span> <span class='ocrx_word' id='word_1_246' title='bbox 1005 3657 1194 3707; x_wconf 85' lang='lat' dir='ltr'><strong>deinde</strong></span> <span class='ocrx_word' id='word_1_247' title='bbox 1223 3661 1274 3706; x_wconf 73' lang='lat'><strong>2.</strong></span> <span class='ocrx_word' id='word_1_248' title='bbox 1353 3668 1412 3704; x_wconf 85' lang='lat' dir='ltr'><strong>re</strong></span> <span class='ocrx_word' id='word_1_249' title='bbox 1432 3655 1625 3703; x_wconf 76' lang='lat' dir='ltr'><strong>soleret</strong></span> <span class='ocrx_word' id='word_1_250' title='bbox 1643 3652 1889 3717; x_wconf 72' lang='lat' dir='ltr'><strong>Esquiliis</strong></span> <span class='ocrx_word' id='word_1_251' title='bbox 1913 3657 1968 3701; x_wconf 84' lang='lat' dir='ltr'><strong>et</strong></span> <span class='ocrx_word' id='word_1_252' title='bbox 1990 3649 2209 3700; x_wconf 78' lang='lat' dir='ltr'><strong>Carinis.</strong></span> <span class='ocrx_word' id='word_1_253' title='bbox 2265 3646 2411 3696; x_wconf 82' lang='lat' dir='ltr'><strong>Infa-</strong></span> 
     </span>
     <span class='ocr_line' id='line_1_35' title="bbox 216 3726 2410 3798; baseline -0.003 -15"><span class='ocrx_word' id='word_1_254' title='bbox 216 3732 381 3783; x_wconf 76' lang='lat' dir='ltr'><strong>Urbis</strong></span> <span class='ocrx_word' id='word_1_255' title='bbox 402 3735 545 3798; x_wconf 77' lang='lat' dir='ltr'><strong>regio</strong></span> <span class='ocrx_word' id='word_1_256' title='bbox 567 3733 686 3798; x_wconf 84' lang='lat' dir='ltr'><strong>fuit,</strong></span> <span class='ocrx_word' id='word_1_257' title='bbox 702 3735 768 3784; x_wconf 80' lang='lat' dir='ltr'><strong>ad</strong></span> <span class='ocrx_word' id='word_1_258' title='bbox 790 3734 1113 3785; x_wconf 85' lang='lat' dir='ltr'><strong>occidentem</strong></span> <span class='ocrx_word' id='word_1_259' title='bbox 1132 3746 1275 3783; x_wconf 85' lang='lat' dir='ltr'><strong>mon·</strong></span> <span class='ocrx_word' id='word_1_260' title='bbox 1354 3733 1449 3782; x_wconf 79' lang='lat' dir='ltr'><strong>mis</strong></span> <span class='ocrx_word' id='word_1_261' title='bbox 1483 3745 1637 3795; x_wconf 84' lang='lat' dir='ltr'><strong>porro</strong></span> <span class='ocrx_word' id='word_1_262' title='bbox 1670 3729 1774 3780; x_wconf 79' lang='lat' dir='ltr'><strong>fnit</strong></span> <span class='ocrx_word' id='word_1_263' title='bbox 1804 3730 1891 3779; x_wconf 84' lang='lat' dir='ltr'><strong>bic</strong></span> <span class='ocrx_word' id='word_1_264' title='bbox 1927 3729 2068 3778; x_wconf 72' lang='lat' dir='ltr'><strong>vicus</strong></span> <span class='ocrx_word' id='word_1_265' title='bbox 2088 3726 2410 3778; x_wconf 76' lang='lat' dir='ltr'><strong>habitatione</strong></span> 
     </span>
    </p>
   </div>
   <div class='ocr_carea' id='block_1_9' title="bbox 208 3808 1280 4336">
    <p class='ocr_par' dir='ltr' id='par_1_11' title="bbox 208 3808 1280 4336">
     <span class='ocr_line' id='line_1_36' title="bbox 208 3808 1275 3874; baseline -0.001 -14"><span class='ocrx_word' id='word_1_266' title='bbox 208 3809 290 3860; x_wconf 73' lang='lat' dir='ltr'><strong>tis</strong></span> <span class='ocrx_word' id='word_1_267' title='bbox 337 3809 508 3866; x_wconf 84' lang='lat' dir='ltr'><strong>Coelii,</strong></span> <span class='ocrx_word' id='word_1_268' title='bbox 551 3826 653 3874; x_wconf 86' lang='lat' dir='ltr'><strong>qua</strong></span> <span class='ocrx_word' id='word_1_269' title='bbox 705 3811 810 3861; x_wconf 88' lang='lat' dir='ltr'><strong>itur</strong></span> <span class='ocrx_word' id='word_1_270' title='bbox 852 3812 905 3860; x_wconf 90' lang='lat' dir='ltr'><strong>in</strong></span> <span class='ocrx_word' id='word_1_271' title='bbox 957 3808 1275 3870; x_wconf 75' lang='lat' dir='ltr'><strong>Palatinum,</strong></span> 
     </span>
     <span class='ocr_line' id='line_1_37' title="bbox 209 3881 1277 3949; baseline -0.003 -14"><span class='ocrx_word' id='word_1_272' title='bbox 209 3881 287 3935; x_wconf 76' lang='lat' dir='ltr'><strong>ad</strong></span> <span class='ocrx_word' id='word_1_273' title='bbox 326 3884 421 3936; x_wconf 84' lang='lat' dir='ltr'><strong>SS.</strong></span> <span class='ocrx_word' id='word_1_274' title='bbox 457 3886 679 3936; x_wconf 80' lang='lat' dir='ltr'><strong>Andreae</strong></span> <span class='ocrx_word' id='word_1_275' title='bbox 717 3892 775 3936; x_wconf 85' lang='lat' dir='ltr'><strong>et</strong></span> <span class='ocrx_word' id='word_1_276' title='bbox 813 3884 1057 3949; x_wconf 82' lang='lat' dir='ltr'><strong>Gregorii</strong></span> <span class='ocrx_word' id='word_1_277' title='bbox 1092 3884 1277 3934; x_wconf 76' lang='lat' dir='ltr'><strong>Basili·</strong></span> 
     </span>
     <span class='ocr_line' id='line_1_38' title="bbox 209 3961 1276 4025; baseline 0.003 -17"><span class='ocrx_word' id='word_1_278' title='bbox 209 3972 355 4016; x_wconf 76' lang='lat' dir='ltr'><strong>cam,</strong></span> <span class='ocrx_word' id='word_1_279' title='bbox 378 3969 437 4011; x_wconf 91' lang='lat' dir='ltr'><strong>ut</strong></span> <span class='ocrx_word' id='word_1_280' title='bbox 457 3969 637 4012; x_wconf 73' lang='lat' dir='ltr'><strong>cetiset</strong></span> <span class='ocrx_word' id='word_1_281' title='bbox 660 3961 932 4013; x_wconf 76' lang='lat' dir='ltr'><strong>Onufrius.</strong></span> <span class='ocrx_word' id='word_1_282' title='bbox 998 3961 1138 4011; x_wconf 88' lang='lat' dir='ltr'><strong>Hinc</strong></span> <span class='ocrx_word' id='word_1_283' title='bbox 1172 3961 1276 4025; x_wconf 78' lang='lat' dir='ltr'><strong>pri·</strong></span> 
     </span>
     <span class='ocr_line' id='line_1_39' title="bbox 209 4037 1275 4089; baseline 0.004 -4"><span class='ocrx_word' id='word_1_284' title='bbox 209 4050 307 4085; x_wconf 84' lang='lat' dir='ltr'><strong>ma</strong></span> <span class='ocrx_word' id='word_1_285' title='bbox 340 4037 668 4088; x_wconf 67' lang='lat' dir='ltr'><strong>Urbanorum</strong></span> <span class='ocrx_word' id='word_1_286' title='bbox 706 4038 932 4088; x_wconf 85' lang='lat' dir='ltr'><strong>tribuum</strong></span> <span class='ocrx_word' id='word_1_287' title='bbox 963 4038 1275 4089; x_wconf 77' lang='lat' dir='ltr'><strong>Saburram.</strong></span> 
     </span>
     <span class='ocr_line' id='line_1_40' title="bbox 213 4115 1276 4179; baseline 0 -14"><span class='ocrx_word' id='word_1_288' title='bbox 213 4115 349 4178; x_wconf 73' lang='lat' dir='ltr'><strong>Ipsa</strong></span> <span class='ocrx_word' id='word_1_289' title='bbox 387 4115 623 4166; x_wconf 74' lang='lat' dir='ltr'><strong>suburra</strong></span> <span class='ocrx_word' id='word_1_290' title='bbox 665 4117 741 4166; x_wconf 77' lang='lat' dir='ltr'><strong>sic</strong></span> <span class='ocrx_word' id='word_1_291' title='bbox 783 4115 946 4179; x_wconf 78' lang='lat' dir='ltr'><strong>dicta,</strong></span> <span class='ocrx_word' id='word_1_292' title='bbox 994 4115 1134 4179; x_wconf 84' lang='lat' dir='ltr'><strong>quod</strong></span> <span class='ocrx_word' id='word_1_293' title='bbox 1177 4115 1276 4165; x_wconf 81' lang='lat' dir='ltr'><strong>snb</strong></span> 
     </span>
     <span class='ocr_line' id='line_1_41' title="bbox 210 4193 1278 4254; baseline 0.001 -12"><span class='ocrx_word' id='word_1_294' title='bbox 210 4205 370 4242; x_wconf 80' lang='lat' dir='ltr'><strong>muro</strong></span> <span class='ocrx_word' id='word_1_295' title='bbox 414 4198 587 4243; x_wconf 85' lang='lat' dir='ltr'><strong>terreo</strong></span> <span class='ocrx_word' id='word_1_296' title='bbox 631 4199 810 4254; x_wconf 75' lang='lat' dir='ltr'><strong>esset3</strong></span> <span class='ocrx_word' id='word_1_297' title='bbox 841 4193 968 4242; x_wconf 78' lang='lat' dir='ltr'><strong>alias</strong></span> <span class='ocrx_word' id='word_1_298' title='bbox 1009 4194 1206 4250; x_wconf 70' lang='lat' dir='ltr'><strong>Sama,</strong></span> <span class='ocrx_word' id='word_1_299' title='bbox 1243 4207 1278 4243; x_wconf 80' lang='lat' dir='ltr'><strong>a</strong></span> 
     </span>
     <span class='ocr_line' id='line_1_42' title="bbox 211 4267 1280 4336; baseline 0.007 -20"><span class='ocrx_word' id='word_1_300' title='bbox 211 4281 357 4334; x_wconf 68' lang='lat' dir='ltr'><strong>pago</strong></span> <span class='ocrx_word' id='word_1_301' title='bbox 372 4267 487 4332; x_wconf 71' lang='lat' dir='ltr'><strong>ejus</strong></span> <span class='ocrx_word' id='word_1_302' title='bbox 503 4269 740 4328; x_wconf 66' lang='lat' dir='ltr'><strong>nominis,</strong></span> <span class='ocrx_word' id='word_1_303' title='bbox 760 4269 844 4320; x_wconf 83' lang='lat' dir='ltr'><strong>vel</strong></span> <span class='ocrx_word' id='word_1_304' title='bbox 864 4284 897 4318; x_wconf 82' lang='grc' dir='ltr'>ι</span> <span class='ocrx_word' id='word_1_305' title='bbox 909 4270 1280 4336; x_wconf 72' lang='lat' dir='ltr'><strong>succurrendo,</strong></span> 
     </span>
    </p>
   </div>
   <div class='ocr_carea' id='block_1_10' title="bbox 1353 3804 2411 4321">
    <p class='ocr_par' dir='ltr' id='par_1_12' title="bbox 1353 3804 2411 4165">
     <span class='ocr_line' id='line_1_43' title="bbox 1354 3804 2411 3873; baseline -0.006 -14"><span class='ocrx_word' id='word_1_306' title='bbox 1354 3816 1665 3873; x_wconf 72' lang='lat' dir='ltr'><strong>scortorum,</strong></span> <span class='ocrx_word' id='word_1_307' title='bbox 1720 3813 1781 3857; x_wconf 88' lang='lat' dir='ltr'><strong>ut</strong></span> <span class='ocrx_word' id='word_1_308' title='bbox 1821 3820 1888 3855; x_wconf 84' lang='lat' dir='ltr'><strong>ex</strong></span> <span class='ocrx_word' id='word_1_309' title='bbox 1929 3805 2121 3855; x_wconf 87' lang='lat' dir='ltr'><strong>Horat.</strong></span> <span class='ocrx_word' id='word_1_310' title='bbox 2205 3804 2411 3866; x_wconf 78' lang='lat' dir='ltr'><strong>Persio,</strong></span> 
     </span>
     <span class='ocr_line' id='line_1_44' title="bbox 1354 3880 2409 3947; baseline -0.009 -9"><span class='ocrx_word' id='word_1_311' title='bbox 1354 3886 1590 3938; x_wconf 74' lang='lat' dir='ltr'><strong>Martiali</strong></span> <span class='ocrx_word' id='word_1_312' title='bbox 1625 3889 1865 3936; x_wconf 76' lang='lat' dir='ltr'><strong>constat:</strong></span> <span class='ocrx_word' id='word_1_313' title='bbox 1896 3890 1955 3933; x_wconf 85' lang='lat' dir='ltr'><strong>et</strong></span> <span class='ocrx_word' id='word_1_314' title='bbox 1976 3881 2116 3947; x_wconf 89' lang='lat' dir='ltr'><strong>quod</strong></span> <span class='ocrx_word' id='word_1_315' title='bbox 2151 3880 2308 3930; x_wconf 78' lang='lat' dir='ltr'><strong>facile</strong></span> <span class='ocrx_word' id='word_1_316' title='bbox 2329 3894 2409 3930; x_wconf 78' lang='lat' dir='ltr'><strong>se·</strong></span> 
     </span>
     <span class='ocr_line' id='line_1_45' title="bbox 1356 3959 2411 4028; baseline -0.005 -15"><span class='ocrx_word' id='word_1_317' title='bbox 1356 3962 1553 4028; x_wconf 86' lang='lat' dir='ltr'><strong>quitur,</strong></span> <span class='ocrx_word' id='word_1_318' title='bbox 1575 3960 1950 4012; x_wconf 72' lang='lat' dir='ltr'><strong>lascivientium</strong></span> <span class='ocrx_word' id='word_1_319' title='bbox 1982 3959 2123 4008; x_wconf 81' lang='lat' dir='ltr'><strong>circa</strong></span> <span class='ocrx_word' id='word_1_320' title='bbox 2146 3959 2411 4023; x_wconf 73' lang='lat' dir='ltr'><strong>juvenum,</strong></span> 
     </span>
     <span class='ocr_line' id='line_1_46' title="bbox 1353 4035 2410 4099; baseline -0.008 -11"><span class='ocrx_word' id='word_1_321' title='bbox 1353 4035 1516 4088; x_wconf 78' lang='lat' dir='ltr'><strong>etiam</strong></span> <span class='ocrx_word' id='word_1_322' title='bbox 1544 4036 1808 4099; x_wconf 83' lang='lat' dir='ltr'><strong>nobilium,</strong></span> <span class='ocrx_word' id='word_1_323' title='bbox 1832 4035 2102 4085; x_wconf 81' lang='lat' dir='ltr'><strong>nocturnis</strong></span> <span class='ocrx_word' id='word_1_324' title='bbox 2133 4035 2410 4099; x_wconf 68' lang='lat' dir='ltr'><strong>grassatio.</strong></span> 
     </span>
     <span class='ocr_line' id='line_1_47' title="bbox 1354 4114 1530 4165; baseline -0.006 0"><span class='ocrx_word' id='word_1_325' title='bbox 1354 4114 1530 4165; x_wconf 77' lang='lat' dir='ltr'><strong>nibus.</strong></span> 
     </span>
    </p>

    <p class='ocr_par' dir='ltr' id='par_1_13' title="bbox 1356 4186 2410 4321">
     <span class='ocr_line' id='line_1_48' title="bbox 1420 4186 2410 4252; baseline -0.001 -13"><span class='ocrx_word' id='word_1_326' title='bbox 1420 4198 1444 4228; x_wconf 74' lang='lat'>⁸</span> <span class='ocrx_word' id='word_1_327' title='bbox 1475 4189 1812 4252; x_wconf 67' lang='lat' dir='ltr'><strong>Mon-tumque</strong></span> <span class='ocrx_word' id='word_1_328' title='bbox 1831 4187 1943 4238; x_wconf 71' lang='lat' dir='ltr'><strong>inde</strong></span> <span class='ocrx_word' id='word_1_329' title='bbox 1963 4186 2218 4252; x_wconf 70' lang='lat' dir='ltr'><strong>arbitrari]</strong></span> <span class='ocrx_word' id='word_1_330' title='bbox 2252 4186 2410 4238; x_wconf 84' lang='lat' dir='ltr'><strong>Hunc</strong></span> 
     </span>
     <span class='ocr_line' id='line_1_49' title="bbox 1356 4264 2410 4321; baseline -0.005 -2"><span class='ocrx_word' id='word_1_331' title='bbox 1356 4265 1623 4319; x_wconf 73' lang='lat' dir='ltr'><strong>valseium</strong></span> <span class='ocrx_word' id='word_1_332' title='bbox 1637 4280 1690 4316; x_wconf 80' lang='lat' dir='ltr'><strong>a.</strong></span> <span class='ocrx_word' id='word_1_333' title='bbox 1703 4264 1924 4320; x_wconf 72' lang='lat' dir='ltr'><strong>tribunis</strong></span> <span class='ocrx_word' id='word_1_334' title='bbox 1944 4267 2277 4321; x_wconf 69' lang='lat' dir='ltr'><strong>subornatum</strong></span> <span class='ocrx_word' id='word_1_335' title='bbox 2296 4265 2410 4316; x_wconf 81' lang='lat' dir='ltr'><strong>haec</strong></span> 
     </span>
    </p>
   </div>
  </div>
 </body>
</html>
