3034 4925
453 409 543 474 w
1136 416 1558 467 Paooemun
1609 416 1710 462 nn
1759 415 1952 462 mvn

455 570 783 651 leguntur,
826 585 962 649 quo
997 572 1071 629 et
1114 563 1421 628 solebant
1469 562 1631 627 olim
1676 560 1812 643 legi
1854 567 1928 625 et
1970 558 2329 623 debebant.
2416 560 2646 644 Longe

454 673 635 736 enim
662 670 933 754 plurimi
960 687 1081 732 eas
1116 686 1251 731 non
1281 666 1369 730 ad
1391 665 1596 729 vitam
1625 662 2040 729 formandam
2064 661 2371 741 referunt,
2399 663 2522 728 sed
2553 664 2646 728 ad

454 772 885 856 antiquitatis
926 775 1187 835 tantum
1216 768 1527 832 notitiam
1557 772 1627 831 et
1653 768 1830 830 bene
1867 764 2138 830 dicendi
2179 765 2647 849 scribendique

454 876 856 952 facultatem,
938 874 1105 951 sive,
1145 878 1221 935 ut
1279 870 1501 935 dicere
1550 870 1786 946 solent,
1856 868 2123 952 stylum.
2226 866 2393 933 Alia
2443 869 2645 932 etiam

454 978 653 1042 hodie
704 983 810 1041 est
856 977 1042 1053 vitae,
1100 973 1494 1050 studiorum,
1541 972 2131 1053 institutorumque
2195 970 2393 1047 ratio,
2441 990 2646 1054 quam

453 1080 612 1145 olim
664 1080 833 1145 suit:
893 1098 1112 1163 neque
1152 1084 1275 1142 aut
1320 1077 1656 1160 finguntur
1696 1075 1982 1157 amplius
2028 1080 2149 1138 aut
2193 1073 2648 1138 desiderantur

454 1191 755 1246 oratores
796 1181 1132 1248 veteribus
1184 1178 1467 1256 similes,
1503 1178 1638 1242 nisi
1678 1177 1849 1241 forte
1877 1176 2056 1260 apud
2102 1175 2491 1254 Britannos
2519 1176 2646 1240 sed

450 1304 631 1349 verae
657 1304 885 1348 eorum
913 1282 1317 1365 eloquentiae
1335 1280 1734 1364 jamdudum
1772 1278 2102 1343 successit
2126 1278 2351 1343 ubivis
2376 1280 2647 1344 umbra·

334 1413 343 1418 ·
451 1388 592 1451 tica
616 1377 693 1451 et
719 1405 941 1462 sacra,
965 1403 1059 1448 ex
1084 1400 1223 1467 quo
1251 1384 1371 1447 illa
1397 1402 1438 1446 e
1486 1383 1636 1446 foro
1665 1389 1735 1446 et
1762 1381 1950 1446 curia
1971 1381 2046 1444 in
2091 1380 2466 1446 scholarum
2506 1401 2647 1445 um·

447 1492 642 1553 bram
698 1494 1220 1570 suggestumque
1280 1485 1824 1551 ecclesiasticum
1887 1484 2184 1566 relegata
2236 1489 2359 1549 est.
2446 1482 2647 1547 Alius

448 1591 741 1672 denique
782 1596 887 1654 est
926 1590 1165 1671 genius
1217 1588 1419 1672 hujus
1466 1587 1732 1666 saeculi,
1761 1607 1897 1672 quo
1935 1587 2362 1667 ingenuarum
2406 1585 2646 1650 artium
2703 1575 2716 1588 “

450 1695 1015 1776 antiquarumque
1065 1691 1429 1776 literarum,
1455 1697 1832 1757 contemtus
1874 1690 2096 1754 indies
2145 1688 2523 1765 invalescit,
2575 1691 2648 1751 et

448 1796 666 1861 omnis
694 1814 889 1877 paene
926 1794 1351 1860 humanitatis
1377 1814 1621 1859 sensus
1651 1795 1936 1859 exuitur.
2023 1790 2164 1856 Sed
2192 1791 2305 1856 cui
2346 1809 2476 1855 non
2505 1791 2646 1866 dic}-

453 1907 566 1965 tus
594 1896 825 1980 Hylas
846 1899 877 1959 ’Ξ

452 2150 488 2231 §
531 2151 595 2211 4.
686 2149 792 2215 De
822 2151 1026 2215 indole
1054 2150 1339 2215 interiori
1383 2149 1655 2214 historice
1687 2148 1994 2229 Liviana,
2021 2157 2082 2212 ct
2119 2146 2364 2235 quidem
2402 2144 2531 2238 (i.)
2572 2140 2649 2205 de

1078 2254 1211 2337 ejus
1238 2253 1577 2316 virtutibus
1583 2248 2024 2340 fontibusque.

536 2406 559 2435 ‘
578 2401 759 2483 Quis
803 2407 1042 2484 nescit,
1072 2406 1355 2490 primam
1383 2425 1540 2471 esse
1575 2403 1878 2470 historiae·
1913 2403 2149 2485 legem,
2175 2420 2262 2466 ne
2290 2399 2456 2484 quid
2483 2397 2647 2464 falsi

448 2504 673 2572 dicere
697 2508 989 2574 audeat?
1035 2508 1281 2573 deinde
1325 2529 1413 2573 ne
1458 2507 1624 2591 quid
1675 2507 1813 2571 veri
1860 2523 1992 2568 non
2039 2505 2333 2568 audeat?
2375 2523 2472 2566 ne·
2503 2521 2648 2584 qua

447 2611 752 2692 suspicio
777 2613 1011 2693 gratia}
1056 2612 1148 2676 sit
1189 2611 1263 2676 in
1290 2610 1688 2676 scribendo?
1732 2628 1819 2673 ne
1845 2627 1980 2691 qua
2007 2606 2367 2670 simultatis
2386 2607 2418 2668 ’ἲ
2464 2605 2646 2669 Haec

444 2711 715 2775 scilicet
743 2711 1177 2777 fundamenta
1199 2720 1363 2778 nota
1389 2719 1554 2777 sunt
1579 2713 1911 2776 omnibus.
2000 2710 2172 2791 Ipsa
2207 2714 2431 2773 autem
2461 2727 2646 2772 exa>-

446 2810 749 2877 dificatio
775 2816 1000 2896 posita
1047 2822 1155 2877 est
1202 2816 1273 2878 in
1302 2816 1503 2879 rebus
1532 2821 1602 2878 et
1636 2814 1884 2877 verbis.
1976 2812 2227 2876 Rerum
2263 2812 2439 2875 ratio
2469 2810 2649 2875 ordi-

444 2932 601 2977 nem
654 2924 1024 2998 temporum
1064 2916 1421 2993 desiderat,
1491 2916 1830 2997 regionum
1884 2900 2441 2997 descriptionem:
2501 2914 2648 2977 vult

445 3016 673 3093 etiam,
701 3018 1020 3100 quoniam
1058 3018 1131 3081 in
1158 3019 1365 3082 rebus
1408 3020 1670 3099 maguis
1700 3017 2150 3099 memoriaque
2179 3015 2395 3097 dignis
2424 3016 2646 3080 consi—

445 3117 543 3181 lia
568 3120 879 3201 primum,
907 3120 1151 3184 deinde
1178 3128 1362 3196 acta,
1386 3128 1633 3204 postea
1660 3127 1942 3185 eventus
1972 3124 2439 3201 expectantur,
2461 3126 2532 3182 et
2559 3118 2646 3180 de

446 3220 749 3284 consiliis
779 3221 1168 3303 significari,
1197 3221 1362 3305 quid
1390 3223 1684 3305 scriptor
1711 3222 1972 3305 probet,
2002 3229 2074 3284 et
2115 3221 2186 3283 in
2212 3219 2414 3284 rebus
2439 3222 2645 3302 gestis

446 3318 801 3401 declarari,
827 3343 959 3389 non
989 3324 1210 3389 solum
1241 3325 1405 3408 quid
1433 3331 1664 3390 actum
1688 3330 1812 3389 aut
1838 3324 2094 3388 dictum
2126 3324 2237 3399 sit,
2265 3324 2385 3387 sed
2433 3323 2644 3386 etiam

446 3425 833 3505 quomodo;
872 3433 943 3489 et
971 3446 1128 3491 cum
1156 3426 1244 3491 de
1271 3435 1517 3493 eventu
1545 3427 1836 3503 dicatur,
1872 3432 1946 3490 ut
1971 3445 2200 3490 causae
2226 3425 2645 3507 explicatur

444 3544 708 3603 omnes»,
734 3528 849 3591 vel
877 3548 1103 3606 casuS,
1122 3531 1229 3594 vel
1256 3531 1631 3613 sapientiae,
1664 3530 1769 3592 vel
1799 3529 2228 3605 temeritatis;
2269 3529 2648 3593 hominum-

443 3649 575 3711 que
623 3632 921 3713 ipsorum
965 3649 1098 3695 non
1129 3631 1346 3696 solum
1394 3651 1499 3695 res
1527 3638 1764 3714 gestae,
1794 3629 1918 3693 sed
1944 3631 2174 3705 etiam,
2199 3629 2318 3712 qui
2345 3630 2526 3693 fama
2557 3650 2642 3694 ac

442 3733 713 3796 nomine
760 3733 1126 3810 excellant,
1155 3733 1242 3797 de
1285 3732 1615 3816 cujusque
1647 3735 1788 3796 vita
1815 3737 2018 3813 atque
2043 3737 2296 3797 natura.
2384 3731 2647 3797 Verbo-

444 3849 590 3893 rum
614 3839 836 3898 autem
864 3836 1035 3899 ratio
1063 3844 1137 3898 et
1166 3854 1377 3916 genus
1423 3835 1752 3899 orationis
1775 3832 2002 3896 susum
2031 3842 2234 3916 atque
2261 3841 2547 3899 tractum
2571 3841 2645 3899 et

445 3951 601 3995 cum
624 3933 904 3999 lenitate
931 3936 1226 4019 quadam
1258 3937 1584 4019 aequabili
1613 3934 1974 4018 profluens,
2012 3937 2158 4000 sine
2183 3936 2310 4002 hac
2330 3937 2643 4021 judiciali

446 4036 815 4115 asperitate
834 4046 905 4100 et
922 4041 1065 4102 sine
1084 4039 1554 4103 sententiarum
1579 4038 1934 4101 sorensium
1957 4038 2214 4103 aculeis
2233 4059 2640 4123 persequen-

448 4136 602 4200 dum
633 4137 784 4201 est?
868 4138 982 4203 Ad
1031 4161 1193 4205 vera
1232 4142 1381 4207 haec
1411 4148 1756 4224 proecepta
1783 4140 2132 4206 Ciceronis
2158 4142 2279 4225 (de
2330 4141 2519 4206 Orat.
2552 4161 2638 4207 11.

446 4236 589 4321 15.)
632 4241 690 4303 si
721 4243 1026 4323 exegeris
1055 4245 1329 4311 annales
1357 4244 1558 4326 Livii,
1587 4245 2074 4310 animadvertes
2110 4238 2436 4328 profecto,
2485 4266 2640 4312 eum
