3034 4925
537 336 663 402 176

535 517 618 563 ac
669 497 802 562 fide
842 514 997 580 erga
1040 514 1256 578 regem
1305 495 1569 560 AEnean
1604 499 1915 559 *cesset-e:
1960 493 2302 580 fretusque
2346 496 2448 560 his
2477 497 2720 561 animis

535 600 1047 666 coalescentium
1093 600 1162 663 in
1215 598 1364 663 dies
1411 598 1626 679 magis
1670 598 1951 668 duorum
2000 599 2398 682 populorum
2451 601 2722 677 AEneas‚

534 723 917 788 quanquam
971 706 1153 767 tanta
1198 702 1441 784 opibus
1500 700 1764 765 Etruria
1816 703 1978 778 erat,
2030 709 2104 765 ut
2140 699 2288 784 jam
2339 721 2475 764 non
2513 707 2719 765 terras

535 805 775 883 solum,
805 804 923 869 sed
955 823 1137 868 mare
1164 803 1362 867 etiam
1406 823 1524 886 per
1564 809 1772 868 totam
1817 802 2043 869 Italiae
2071 798 2608 885 longitudinem,‘¹
2634 804 2718 867 ab

534 907 828 990 Alpibus
860 906 946 972 ad
994 906 1233 971 fretum
1276 906 1602 984 Siculum,
1645 905 1825 971 fama
1873 906 2156 971 nominis
2197 907 2303 970 sui
2346 905 2721 988 implesset,

535 1018 780 1087 tamen,
834 1029 987 1073 cum
1033 1010 1356 1074 moenibus
1403 1009 1650 1073 bellum
1688 1007 2079 1093 propulsare
2110 1017 2370 1092 posset,
2402 1011 2470 1072 in
2502 1008 2723 1072 aciem

535 1112 771 1196 copias
822 1112 1081 1176 eduxit.
1169 1111 1546 1176 Secundum
1596 1111 1756 1175 inde
1796 1111 2099 1194 praelium
2149 1111 2433 1189 LatiniS‚
2485 1110 2722 1174 AEneae

532 1216 732 1279 etiam
779 1214 1074 1280 ultimum
1122 1234 1393 1297 operum
1441 1214 1860 1279 mortalium⁶
1896 1213 2042 1279 suit.
2130 1213 2314 1279 Situs
2340 1219 2464 1290 est,
2498 1231 2720 1297 quem·

531 1337 820 1401 cumque
852 1337 1004 1381 eum
1030 1317 1164 1381 dici
1178 1317 1297 1401 jus
1320 1317 1562 1401 fasque
1589 1313 1743 1395 est,f
1759 1337 1967 1401 super
1991 1316 2377 1382 Numicium
2399 1324 2427 1361 ⁸
2456 1315 2721 1379 flumen.

529 1417 577 1484 J
579 1440 773 1484 ovem
798 1421 1157 1503 indigetem
1181 1417 1206 1454 ¹¹
1239 1421 1610 1504 appellant.

614 1521 680 1584 3.
702 1520 1015 1586 Nondum
1036 1529 1331 1587 maturus
1350 1522 1627 1605 imperio
1653 1521 1989 1587 Ascanius
2002 1522 2241 1586 AEneoe
2266 1521 2443 1586 filius
2464 1518 2480 1556 ἰ
2502 1515 2721 1585 eretz*

532 1630 756 1687 tamen
786 1623 854 1688 id
888 1624 1234 1708 imperium
1264 1626 1328 1689 ei
1367 1625 1797 1709 adpuberem
1832 1631 2103 1694 aetatem
2155 1624 2490 1689 incolume
2535 1641 2723 1688 man·
2760 1699 2765 1703 ⁴

1466 350 1541 396 T.
1587 349 1778 397 leu

1512 1808 1726 1861 No'rAE

593 1923 617 1956 ‘¹
640 1923 739 1973 Per
749 1929 899 1975 lotam
913 1926 1073 1976 Italioe
1082 1925 1443 1991 longitudinem]
1465 1926 1587 1976 Cla·

528 1999 800 2066 tissimum,
833 2010 889 2053 et
923 2004 1076 2068 longe
1111 2005 1316 2068 lateque
1346 2002 1584 2053 diffusam

529 2077 913 2141 Tyrrhenorum
938 2078 1124 2128 faniam
1149 2087 1377 2130 constat.
1429 2077 1583 2130 Quod

529 2152 593 2201 ad
618 2168 805 2203 nomen
827 2156 1035 2217 attinet,
1069 2170 1240 2205 verum
1261 2153 1468 2220 'quoqne
1501 2163 1585 2205 est

527 2228 761 2279 Inferum
797 2245 937 2281 mare
985 2230 1094 2281 fere
1129 2240 1295 2282 totum
1330 2231 1584 2296 Tyrrheni

528 2307 881 2369 appellatione
958 2308 1232 2358 contineri.
1299 2308 1373 2358 At
1441 2310 1585 2372 regio

526 2384 830 2448 Tyrrhenia,
874 2386 998 2437 licet
1039 2402 1103 2435 ex
1143 2402 1238 2438 usu
1276 2386 1584 2438 Graecorum

525 2476 761 2522 magnam
815 2460 985 2513 natiae
1042 2475 1243 2529 partem
1310 2466 1585 2531 aliquando

525 2540 797 2601 complexa
837 2539 1013 2602 fuerit,
1073 2542 1211 2605 apud
1255 2544 1468 2597 Latinos
1504 2552 1584 2594 ta-

525 2628 643 2664 men
667 2616 875 2666 Etruria
897 2619 1061 2666 minus
1086 2619 1190 2668 late
1213 2621 1401 2683 patuit.

587 2699 609 2724 θ
649 2692 877 2742 Ultimum
916 2708 1105 2758 operum
1136 2695 1427 2760 mortalium]
1465 2697 1583 2746 Non

526 2767 743 2817 obscure
767 2769 1025 2821 indicatur
1052 2772 1103 2820 in
1136 2787 1200 2821 eo
1236 2773 1410 2834 praelio
1435 2773 1582 2823 AEne-

525 2859 606 2893 am
630 2846 983 2898 interemtum.
1020 2850 1087 2898 Et
1111 2864 1248 2905 vero,
1273 2865 1408 2913 cum,
1429 2857 1585 2901 nocte

525 2920 746 2969 diremto
770 2922 1170 2986 praelio,corpus
1190 2925 1301 2986 ejus
1324 2938 1426 2974 non
1448 2940 1587 2975 com-

526 3005 769 3060 pat-eren
794 2998 879 3046 aiii
898 2999 1257 3062 conjectarunt
1268 3015 1386 3050 enm
1409 3001 1472 3049 ad
1491 3001 1588 3050 Su·

523 3088 678 3137 peros
716 3073 1034 3133 discessisse,
1058 3076 1142 3125 alii
1165 3084 1401 3127 necatum
1421 3077 1474 3126 in
1492 3074 1587 3126 flu-

523 3152 682 3214 mine,
701 3152 838 3216 apud
864 3153 1000 3217 quod
1017 3153 1317 3203 dimicatum
1340 3152 1535 3204 fuerat.
1566 3184 1571 3187 -

524 3264 530 3271 .
591 3226 613 3257 f
641 3229 984 3293 Quemcumque
1025 3245 1129 3279 eum
1168 3231 1265 3281 dici
1298 3229 1384 3290 jus
1409 3231 1588 3301 ‘fasque

523 3302 618 3367 est]
641 3304 771 3360 ,Sive
816 3304 1064 3367 Heroe'm‚
1108 3305 1216 3355 sive
1269 3306 1453 3357 Deum.
1520 3307 1583 3357 In

522 3381 689 3432 Divos
719 3381 857 3431 enim
899 3383 1125 3447 receptis
1163 3398 1349 3434 novum
1394 3396 1583 3434 nomen

520 3457 922 3508 attribuebatur.

584 3542 611 3578 8
641 3533 795 3599 Super
848 3535 1144 3600 Numicium]
1206 3536 1442 3586 Numicus
1487 3552 1578 3588 seu

520 3612 773 3662 Numicius
804 3610 1044 3663 fluviolus
1077 3619 1159 3662 est
1202 3612 1338 3676 apud
1378 3614 1580 3664 Lavini·

520 3702 625 3749 nm,
647 3689 794 3751 cujus
826 3687 941 3738 fons
974 3703 1073 3738 non
1103 3688 1240 3738 ultra
1268 3688 1368 3739 tria
1397 3690 1577 3739 millia-

518 3764 594 3812 ria
630 3779 662 3813 a
695 3764 829 3825 ⁸mut-i
864 3765 1079 3822 distans,
1116 3763 1283 3814 Annae
1321 3765 1577 3818 Perennoe

520 3853 666 3889 sacer
687 3837 814 3889 fuit:
847 3840 1012 3893 Annae
1035 3842 1171 3900 dico,
1189 3840 1415 3891 Didonis
1436 3858 1576 3893 soro-

518 3913 583 3976 ri,
605 3930 720 3977 quae
741 3929 772 3964 a
795 3915 1035 3968 Numicio
1056 3926 1223 3983 rapta,
1243 3927 1298 3968 et
1322 3918 1577 3984 Nymphis

517 3990 765 4052 ascriptu.
784 3991 912 4042 Vult
937 3992 1163 4057 Pyrrhus
1197 3994 1434 4059 Ligorius
1464 3996 1576 4046 Nu-

517 4066 729 4119 micium
770 4066 876 4117 dici
918 4069 1039 4118 Rivo
1075 4072 1127 4120 di
1166 4071 1347 4121 Nemix
1396 4081 1453 4123 et
1495 4088 1574 4122 se·

520 4141 743 4205 cundum
788 4156 904 4192 eum
947 4143 1230 4194 Kircherus
1269 4146 1422 4210 longo
1457 4161 1575 4197 enm

519 4224 694 4270 tractu
732 4216 798 4268 ad
829 4218 1041 4269 Antium
1078 4233 1240 4285 usque
1272 4221 1486 4286 deducit
1520 4223 1573 4274 in

1666 1925 1800 1974 Latii
1834 1923 2028 1982 tabula,
2057 1931 2241 1974 contra
2259 1923 2528 1987 Veterum,
2553 1936 2616 1972 ac
2643 1935 2724 1972 re·

1660 2002 1945 2052 centiorum
1985 2000 2158 2058 fidem,
2202 2000 2289 2066 qni
2328 2000 2394 2049 nd
2434 1999 2724 2062 Lavinium,

1659 2094 1750 2128 seu
1771 2079 2052 2141 Patricam,
2072 2079 2186 2141 ejus
2208 2085 2374 2128 ortum
2395 2077 2724 2127 constituunt

1660 2155 1826 2206 tribus
1863 2156 2116 2205 duntaxat
2152 2153 2377 2204 millibus
2413 2166 2653 2217 passuum
2694 2165 2726 2198 a

1661 2235 1805 2283 muri.
1869 2234 1999 2286 Qnae
2035 2232 2207 2282 omnia
2228 2232 2339 2294 ipse
2362 2231 2646 2280 Kircberus
2670 2228 2722 2276 in

1661 2311 1871 2376 scriptis
1915 2309 2019 2359 suis
2063 2307 2318 2371 agnoscit,
2361 2307 2459 2355 etsi
2505 2306 2721 2370 primam

1661 2387 1823 2439 amnis
1844 2386 2089 2450 originem
2110 2401 2139 2435 e
2168 2384 2474 2435 Nemorensi
2494 2384 2611 2432 lacn
2633 2381 2723 2430 de-

1661 2466 1837 2516 ducat.
1906 2462 2173 2513 Numicius
2193 2461 2367 2525 itaque
2385 2459 2537 2517 bodie
2572 2459 2723 2511 Tmo

1662 2549 1897 2603 vocatur,
1918 2542 2062 2605 quasi
2084 2541 2245 2590 'Furni
2270 2554 2470 2590 amnem
2493 2538 2659 2588 dicas.

1662 2650 1668 2656 ·
1725 2618 1750 2652 ¹²
1780 2620 1952 2668 Jovem
2001 2616 2285 2680 indigetem]
2329 2619 2562 2667 Deorum
2617 2622 2723 2665 tres

1662 2695 1871 2747 ordines
1907 2694 2092 2746 Cicero
2130 2695 2222 2744 lib.
2247 2708 2311 2743 11.
2348 2692 2415 2742 de
2443 2691 2603 2756 legib.
2646 2707 2723 2740 re-

1661 2777 1857 2822 censet.
1923 2771 2091 2821 Unum
2129 2785 2324 2832 eorum,
2354 2769 2443 2834 qui
2483 2769 2724 2819 coelestes

1661 2861 1867 2912 semper
1897 2846 2059 2896 babiti
2091 2853 2232 2908 sunt,
2266 2846 2352 2909 qni
2386 2846 2540 2897 etiam
2567 2845 2723 2908 majo·

1663 2938 1775 2973 rum
1807 2923 2035 2986 gentium
2068 2922 2159 2971 Dii
2184 2910 2462 2972 vocantur:
2498 2921 2722 2970 alterum

1663 3014 1860 3062 eorum,
1884 3015 2010 3064 quos
2044 3000 2100 3049 in
2132 2999 2317 3048 coelum
2351 2997 2539 3047 merita
2571 3008 2723 3046 voca-

1664 3079 1786 3138 rint,
1801 3077 1887 3142 qui
1909 3084 1964 3126 et
1986 3075 2220 3137 semidei,
2241 3082 2297 3126 et
2321 3074 2406 3124 Dii
2430 3073 2691 3135 indigetes
2707 3089 2722 3119 ε

1664 3153 1875 3204 tertium
1913 3166 2108 3210 eorum.
2148 3158 2363 3216 propter
2396 3164 2523 3214 quos
2567 3149 2723 3199 detnr

1660 3230 1950 3289 hominibus
1985 3243 2227 3279 ascensus
2265 3229 2319 3278 in
2356 3228 2575 3286 coelum3
2612 3226 2722 3288 qni·

1661 3308 1756 3357 bus
1781 3306 1949 3357 verbis
1969 3306 2329 3369 intelliguntur
2350 3304 2722 3371 virtutes.„In-

1657 3385 1840 3445 digetes
1872 3398 2026 3447 porro
2057 3383 2132 3431 sic
2166 3382 2310 3446 dicti,
2332 3381 2411 3431 vel
2431 3380 2574 3444 qnasi
2596 3380 2720 3428 indi-

1654 3475 1821 3522 genoe3
1859 3459 1942 3508 vel
1983 3459 2049 3508 ab
2092 3457 2413 3519 indigitanda,
2456 3455 2594 3521 qnod
2637 3463 2720 3505 est

1655 3537 1929 3597 invocare3
1962 3536 2044 3585 vel
2081 3551 2146 3586 ex
2185 3535 2439 3585 Salmasio
2474 3535 2540 3583 ab
2573 3532 2722 3589 iuuet

1653 3615 1777 3676 dico,
1798 3614 1942 3678 quusi
1964 3613 2099 3663 inter
2124 3614 2266 3662 Deos
2290 3611 2465 3663 dicati.
2532 3611 2720 3676 Itaque

1654 3692 1823 3742 AEneae
1851 3692 2100 3756 templum
2131 3706 2194 3740 eo
2223 3690 2334 3739 loco
2358 3698 2718 3739 consecratum

1655 3768 1750 3819 snb
1767 3770 1932 3826 Jovis‚
1955 3777 2046 3819 ant
2067 3767 2154 3833 (ut
2179 3768 2288 3817 vult
2311 3765 2608 3829 Halicurn.)
2625 3765 2717 3816 sub

1654 3846 1829 3896 Patris
1852 3845 2093 3908 indigetis
2117 3845 2284 3895 titulo.

1716 3922 1731 3957 ¹
1762 3922 1996 3974 Ascanius
2019 3923 2180 3972 AEneoe
2197 3916 2363 3985 filius]
2399 3917 2578 3968 AEneae
2612 3916 2719 3981 qui-

1657 3998 1776 4048 dem
1810 3998 1969 4048 filium
2004 3996 2279 4047 Ascanium
2315 4008 2494 4045 omnes
2537 4007 2717 4057 agnos·

1655 4080 1814 4124 cunt:
1848 4073 1941 4123 sed
1965 4087 2031 4122 ex
2048 4072 2262 4123 Lavinia
2286 4079 2462 4120 natum
2487 4071 2599 4120 vult
2620 4069 2717 4120 hoc

1655 4151 1768 4201 loco
1788 4148 1966 4199 Livius
1989 4155 2170 4198 contra
2194 4161 2345 4211 quam
2369 4146 2555 4196 ceteri.

1727 4224 1757 4255 ⁴*
1792 4223 1932 4275 Ante
1954 4221 2084 4274 Urb.
2108 4220 2265 4274 cond.
2286 4235 2367 4273 au.
2387 4223 2505 4272 422.
