3034 4925
612 361 745 430 294

1539 378 1610 429 Τ.
1661 378 1855 428 mvn

598 527 830 592 rimam
860 531 1045 593 tanto
1072 524 1295 591 futuro
1320 524 1628 610 imperio:
1674 545 1764 591 ex
1793 544 1932 611 quo
1973 523 2136 591 belli
2184 523 2511 609 pacisque
2545 522 2760 588 munia

598 626 734 695 n'on
765 631 1029 709 viritim,
1072 637 1149 694 ut
1190 636 1367 707 ante,
1418 629 1539 694 sed
1597 648 1719 713 pro
1765 629 2005 695 habitu
2045 629 2481 713 pecuniarum
2531 617 2760 693 fierent·

601 733 779 798 Tum*
805 735 1056 799 classes
1086 728 1592 817 centuriasqued
1633 739 1699 798 et
1738 732 1912 798 hunc
1958 732 2250 799 ordinem
2297 751 2391 797 ex
2422 750 2629 797 censu
2655 730 2761 795 de-

604 838 899 921 scripsit,
933 838 1038 904 vel
1069 838 1225 922 paci
1255 838 1591 917 decorum,
1620 838 1727 903 vel
1754 837 1963 903 bello.

687 942 797 1005 43.
858 941 966 1006 Ex
1024 942 1134 1022 iis,
1186 943 1303 1026 qui
1355 949 1617 1008 centnm
1676 939 1955 1008 millium
2002 940 2212 1020 aeris:
2270 945 2389 1005 aut
2446 936 2770 1021 majorem,

605 1062 879 1111 censum
922 1046 1282 1124 haberent,⁹
1325 1044 1667 1128 octoginta
1704 1044 1990 1111 confecit
2032 1044 2391 1123 centuriaS,
2417 1041 2774 1127 quadrage-

1512 1226 1756 1249 00000000
1760 1226 1880 1247 0000

606 1411 762 1464 batur.

666 1355 693 1389 ⁹
729 1346 940 1405 Quonim
973 1361 1050 1396 res
1066 1345 1335 1407 santiliaris
1364 1352 1552 1398 eentum
1588 1347 1795 1398 minibus
1830 1349 2005 1398 assium
2027 1360 2272 1411 cereorum,
2291 1346 2366 1396 vel
2397 1342 2565 1409 pluris,
2584 1339 2776 1391 adium

1590 1527 1805 1580 NOTAE

678 1658 704 1693 ‘¹
731 1660 851 1710 Tum
894 1661 1063 1710 classes
1101 1661 1447 1726 centuriasque]
1487 1660 1663 1712 Antea

603 1736 812 1786 Servius
871 1743 980 1785 tum
1028 1737 1254 1800 rusticae,
1294 1743 1404 1788 tum
1451 1738 1663 1789 urbanae

604 1811 952 1862 multitudinis
975 1827 1262 1880 numerum,
1286 1822 1515 1878 aetatem,
1549 1829 1664 1864 sex-

610 1902 716 1945 um,
756 1896 812 1938 et
857 1898 982 1954 quot
1016 1905 1219 1956 quoque
1265 1906 1398 1943 anno
1434 1894 1564 1957 nati,
1608 1898 1665 1943 et

584 1967 798 2016 'mortni
841 1974 1035 2030 essent,
1076 1969 1221 2034 quasi
1276 1970 1416 2020 aliud
1461 1969 1664 2034 agendo

556 2090 561 2094 .
607 2051 950 2108 compererat,
971 2044 1228 2109 imperata
1238 2055 1496 2098 certorum
1520 2062 1664 2098 num·

601 2134 801 2171 morum
858 2136 953 2186 pro
1005 2137 1313 2189 unoquoque
1366 2139 1557 2188 genere
1610 2124 1663 2173 in

604 2197 836 2249 diversas
858 2199 998 2249 aedes
1015 2214 1189 2250 sacras
1207 2200 1456 2252 illatione.
1507 2202 1664 2252 Nunc

601 2277 772 2340 palam
817 2292 1001 2328 census
1043 2286 1100 2330 et
1143 2278 1500 2344 suffragiorum
1537 2288 1663 2332 tem·

601 2355 948 2419 perandorum
1000 2372 1156 2408 cansa
1203 2360 1396 2408 classes
1434 2365 1493 2409 et
1542 2373 1665 2409 cen·

602 2432 765 2483 turias
806 2433 1053 2486 instituit.
1120 2434 1325 2485 Classes
1348 2435 1522 2485 Graeci
1547 2433 1664 2495 κλή·

607 2526 708 2561 am
749 2509 1001 2572 dicerent,
1039 2526 1105 2561 ex
1150 2511 1425 2578 Dionysio,
1447 2527 1477 2563 a
1502 2513 1664 2564 verbo

610 2588 795 2650 καλεῖν,
838 2588 1123 2639 ascalando
1167 2604 1256 2640 seu
1308 2591 1662 2641 convocando.

606 2664 772 2715 Totus
808 2668 1025 2730 populns
1047 2667 1226 2717 habita
1261 2670 1462 2719 ratione
1499 2667 1663 2720 facul·

606 2746 773 2792 tatum
809 2742 1000 2793 divisus
1037 2744 1091 2794 in
1126 2760 1219 2795 sex
1249 2747 1459 2805 classes,
1481 2754 1663 2796 centu·

606 2817 709 2867 rias
733 2821 846 2868 194.
866 2834 929 2868 ex
949 2819 1113 2884 Livio,
1131 2835 1234 2870 nna
1254 2823 1422 2872 minus
1443 2836 1510 2872 ex
1532 2822 1663 2872 Dio·

605 2893 789 2956 nysi03
835 2910 1049 2959 quarum
1097 2897 1394 2949 octodecim
1430 2901 1662 2964 equitum

605 2968 870 3019 attributae
908 2971 1088 3034 primae
1111 2973 1293 3023 classi:
1329 2974 1543 3040 reliquas
1570 2989 1661 3039 pe-

603 3043 864 3094 destribus
901 3046 1065 3111 copiis
1101 3049 1399 3112 assignatae.
1466 3051 1663 3102 Ceut-n-

601 3119 695 3170 riae
730 3129 902 3171 antem
933 3123 1010 3172 hae
1047 3138 1148 3173 non
1193 3141 1224 3174 a
1252 3127 1553 3177 centenario
1585 3120 1662 3178 'ci-

606 3195 746 3246 vium
769 3210 982 3247 numero
1005 3198 1180 3258 dictae,
1212 3215 1363 3264 quem
1398 3204 1659 3269 pleraeque

604 3273 780 3324 multis
797 3275 1029 3341 partibus
1043 3276 1394 3345 excedebantz
1413 3279 1506 3328 sed
1523 3281 1660 3345 quod

599 3349 889 3401 imitatione
931 3354 1279 3404 centuriarum
1339 3357 1657 3420 equestrium

598 3412 666 3477 ad
682 3427 880 3477 bellum
903 3437 1216 3494 comparatae
1241 3436 1435 3484 essent.
1471 3433 1659 3498 Cujus-

599 3520 701 3571 qne
726 3505 903 3555 classis
925 3519 1050 3570 opes
1078 3507 1250 3558 Livius
1274 3508 1498 3561 millibus
1519 3511 1658 3574 aeris,

605 3581 661 3631 id
684 3587 784 3645 est,
817 3582 1023 3640 assium,
1057 3588 1112 3633 at
1155 3584 1454 3649 Dionysius,
1506 3587 1659 3648 Grae-

598 3671 776 3709 corum
796 3672 960 3721 more,
983 3658 1240 3710 drachmis
1263 3670 1319 3712 et
1333 3664 1504 3727 minis,
1520 3680 1658 3715 com·

599 3741 771 3798 putat.
821 3735 1079 3786 Drachma
1100 3734 1299 3793 Attica,
1323 3738 1558 3802 ejusdem
1580 3739 1655 3792 fe-

599 3823 658 3858 re
703 3810 944 3875 ponderis
987 3826 1102 3862 cum
1147 3813 1362 3863 denario
1402 3815 1657 3880 Romano,

599 3884 778 3935 decem
802 3889 999 3939 assibus
1023 3890 1266 3958 Romanis
1287 3891 1656 3955 respondebat.

607 3961 769 4012 Minae
790 3964 1007 4029 singulae
1029 3974 1237 4016 centum
1263 3968 1516 4019 drachmis
1539 3984 1658 4033 per-

601 4038 954 4103 mutabantur,
986 4043 1184 4093 assibus
1207 4044 1361 4094 mille.
1426 4044 1657 4097 Budaeus

600 4127 768 4164 assem
791 4116 1077 4168 Romanum
1111 4121 1263 4183 paulo
1299 4122 1414 4185 plns
1435 4130 1659 4187 quatuor

602 4190 897 4256 denariolis,
936 4194 1044 4244 sive
1080 4196 1302 4246 denariis
1339 4198 1658 4250 Turonensi-

598 4266 714 4333 bns,
750 4268 997 4334 animat,
1033 4272 1192 4322 tertia
1230 4274 1469 4326 nimirum
1495 4285 1651 4340 parte

1739 1660 1865 1711 assis
1893 1659 2117 1711 Gallici:
2169 1657 2437 1709 denarium
2473 1661 2646 1707 autem
2683 1653 2777 1704 Ro·

1737 1754 1964 1797 manum,
2008 1746 2068 1790 nt
2108 1744 2165 1789 et
2206 1737 2503 1788 drachmam
2541 1732 2779 1794 Atticam,

1741 1815 1903 1866 tribus
1932 1816 2132 1866 assibus
2161 1813 2475 1865 nostratibus
2498 1826 2558 1861 ac
2582 1809 2777 1861 dimidio

1739 1899 1978 1958 exaequat
1992 1908 2008 1941 ε
2034 1907 2149 1957 quae
2166 1905 2362 1941 summa
2377 1889 2551 1939 decies
2570 1886 2779 1950 repetita

1739 1967 1886 2020 dabit
1919 1984 2059 2019 asses
2092 1968 2321 2020 Gallicos
2359 1971 2441 2016 85.
2480 1964 2656 2030 quanti
2692 1961 2780 2013 snb

1739 2045 1889 2096 initia
1926 2045 2197 2096 Francisci
2242 2058 2285 2096 1.
2332 2056 2568 2092 nummus
2612 2053 2780 2091 aurens

1739 2128 1869 2172 erat.
1926 2120 2017 2173 Sic
2040 2122 2223 2173 decem
2242 2120 2405 2171 millia
2421 2118 2781 2172 drachmarum,

1738 2204 1794 2248 et
1816 2204 2027 2249 centnm
2049 2199 2213 2249 millia
2244 2197 2361 2247 airis
2393 2194 2654 2260 componit
2672 2208 2780 2244 cnm

1740 2274 1878 2326 mille
1899 2275 2150 2340 ejusmodi
2172 2274 2342 2325 aureis
2373 2272 2648 2323 coronatis.
2685 2270 2780 2320 Ve-

1740 2366 1850 2402 rum
1874 2367 1973 2403 nec
1995 2352 2323 2417 Dionysiana
2346 2349 2646 2410 estimatio,
2673 2362 2779 2413 qna

1738 2436 1973 2496 tempore
1997 2428 2133 2495 Aug.
2164 2429 2307 2497 (cum
2330 2428 2440 2494 ejus
2466 2434 2648 2481 auctor
2667 2426 2782 2476 scri·

1739 2506 1922 2570 bebat)
1975 2515 2254 2573 utcumque
2296 2514 2436 2557 stare
2481 2505 2668 2569 potuit,
2721 2501 2779 2553 sd

1734 2585 1905 2635 Servii
1947 2584 2108 2635 Tullii
2154 2591 2364 2635 aetatem
2405 2581 2648 2648 quadrat,
2697 2592 2781 2629 noc

1742 2661 2005 2714 Bndaeana
2031 2662 2265 2726 pecuniae
2280 2661 2529 2710 Romsnae
2547 2673 2662 2708 cum
2677 2671 2781 2708 nos·

1738 2745 1877 2790 trate
1901 2746 2023 2790 ante
2045 2753 2203 2789 annos
2242 2740 2355 2788 15⁰.
2386 2737 2631 2786 instituta
2660 2749 2785 2786 con·

1737 2816 1943 2882 paratio
1979 2830 2096 2866 cnm
2144 2814 2357 2878 hujusce
2406 2812 2657 2876 temporis
2698 2825 2778 2861 ms

1737 2893 2002 2957 convenit,
2023 2893 2150 2943 ntia
2173 2906 2256 2941 me
2279 2891 2332 2941 in
2356 2888 2668 2955 praefstione
2686 2887 2779 2939 dis·

1738 2977 1973 3035 putatum
1998 2977 2096 3019 est.
2162 2967 2447 3034 Itaque,ob
2468 2968 2697 3018 rationes
2716 2964 2780 3016 ibi

1736 3048 2012 3113 adductas,
2047 3047 2167 3098 oeris
2190 3048 2364 3110 gravis
2388 3046 2499 3096 sive
2528 3040 2711 3096 assium
2731 3042 2781 3093 li·

1735 3118 1959 3175 bralinm'
1983 3138 2231 3188 summas,
2255 3122 2444 3189 quibus
2463 3123 2616 3188 plura
2638 3135 2782 3173 σεσι-

1735 3204 1789 3253 la
1834 3204 1912 3253 nsi
1958 3203 2352 3258 sunteRomani,
2384 3201 2567 3252 habita
2597 3200 2780 3250 ratione

1735 3278 1987 3345 ponderis
2031 3285 2088 3328 et
2124 3276 2283 3341 pretii
2325 3291 2427 3341 qno
2469 3291 2611 3326 nnnc
2658 3272 2780 3340 apud

1737 3370 1829 3405 nos
1854 3355 1997 3404 venit
2020 3370 2092 3404 avs
2126 3352 2396 3418 Cyprium,
2432 3351 2509 3402 ita
2530 3358 2780 3416 computa·

1740 3433 1826 3495 bo,
1858 3440 1919 3482 ut
1940 3432 2129 3496 singuli
2151 3445 2295 3481 asses
2325 3429 2553 3480 Romani
2576 3430 2781 3480 Veteres

1738 3510 1931 3561 nostris
1970 3509 2167 3560 assibus
2191 3505 2444 3558 tredecim
2483 3515 2541 3557 et
2577 3514 2782 3572 quatuor

1738 3588 1956 3652 insuper
1986 3586 2213 3638 denariis
2234 3574 2627 3636 Turonensibus
2658 3581 2782 3633 esti·

1739 3671 1963 3716 mentor.
2029 3664 2339 3720 Glareanus,
2370 3660 2617 3712 confecto
2652 3661 2701 3710 in
2733 3656 2781 3708 id

1737 3740 1899 3791 abaco
1938 3753 2152 3792 censum
2192 3738 2443 3804 cuiusque
2488 3737 2688 3798 classis,
2721 3747 2779 3783 ex

1738 3818 2014 3883 Dionysio,
2066 3830 2160 3882 per
2200 3815 2473 3866 drachmas
2512 3814 2782 3876 minasque,

1739 3902 1795 3943 et
1826 3894 2107 3943 secundum
2143 3905 2467 3944 communem
2505 3889 2679 3939 saecnli
2710 3886 2780 3936 sni

1740 3968 2053 4019 seutentiam
2084 3982 2181 4032 per
2201 3980 2387 4016 aureos
2411 3973 2682 4016 coronatos
2700 3975 2778 4012 ex·

1735 4044 1922 4096 hibuit.
1959 4043 2128 4094 Nobis
2150 4040 2376 4092 sufficiet
2398 4041 2521 4091 aenis
2541 4040 2777 4092 Veterum

1736 4120 1908 4184 gravis
1928 4119 2388 4183 comparatio-cnm
2411 4116 2661 4168 hodierno
2681 4129 2776 4166 mo·

1733 4204 1872 4248 netae
1896 4197 2115 4249 Gallicae
2139 4196 2328 4260 pretio,
2369 4210 2489 4260 qun
2511 4209 2628 4246 meo
2650 4190 2778 4260 jndi-

1734 4274 1819 4327 cio
1836 4275 2026 4327 verior.
2090 4273 2172 4326 Ea
2191 4279 2273 4325 est
2290 4271 2616 4339 hujusmodi:
