3034 4925
533 372 623 440 &2
1161 389 1492 451 Quanam
1550 388 2099 451 Ammoi-rurs

533 542 710 602 titulo
732 541 980 601 nominis
1007 538 1257 601 filiorum
1291 560 1545 602 meorum
1588 542 1919 616 incohavi?
1943 552 2028 615 et,
2067 542 2121 602 si
2174 541 2343 601 vivus
2380 498 2497 603 non
2529 541 2718 620 perfe-

532 638 770 710 cissem,
809 638 1006 718 perfici
1048 639 1125 697 ab
1150 637 1465 697 heredibus
1492 640 1831 719 ureisjuui.
1915 640 2053 699 Duo
2080 650 2144 699 et
2168 639 2472 718 octoginta
2498 635 2719 715 templs

539 736 734 795 Deum
761 744 788 769 ¹
818 734 878 794 in
912 734 1070 793 Urbe
1096 734 1307 795 consul
1466 768 1492 781 -
1667 769 1695 782 -
1852 736 2051 805 refeci,
2091 734 2260 794 nullo
2298 734 2715 814 proetermisso‚

491 819 510 838 ⁹
536 830 698 910 quod
723 851 790 891 ιο
815 840 1074 911 tempore
1198 863 1228 878 -
1388 865 1416 879 -
1577 854 1679 895 mu
1840 867 1870 879 -
2028 853 2089 892 m
2246 864 2277 879 ·
2432 828 2716 890 immines

536 945 575 985 n
756 958 787 974 ·
945 959 974 971 -
1127 926 1192 986 bi
1350 963 1380 975 -
1535 962 1563 975 -
1726 939 1941 1008 proeter
2063 960 2093 974 ·
2227 928 2384 988 iume
2407 927 2533 987 linu

543 1021 667 1082 lum

615 1119 854 1181 Privato
917 1118 1048 1179 solo
1100 1118 1379 1181 dedicato
1432 1121 1646 1183 Martis
1711 1121 1934 1182 Ultoris
1991 1121 2314 1200 templum·
2382 1119 2715 1200 Forumque

536 1220 891 1297 Augustum,
913 1227 977 1278 et
991 1216 1285 1277 theatrum
1312 1217 1392 1278 ad
1418 1219 1610 1278 sedem
1635 1218 1926 1300 Apollinis
1952 1219 2016 1277 iu
2051 1219 2180 1278 solo
2208 1233 2427 1296 magna
2452 1236 2527 1275 ex
2548 1229 2712 1295 parte
2796 1218 2803 1229 '

451 1302 460 1313 ⁸
531 1315 616 1375 ad
638 1316 711 1377 id
863 1348 890 1363 ·
1045 1349 1071 1362 -
1234 1326 1435 1396 empto
1481 1315 1620 1388 feci,
1659 1314 1822 1395 quod
1871 1317 1983 1375 sub
2040 1314 2280 1375 nomine
2321 1313 2412 1373 M.
2443 1312 2715 1372 Marcelli

531 1412 734 1490 generi
777 1410 1038 1471 nitescit.
1075 1440 1103 1474 ο
1184 1412 1359 1471 Dona
1383 1432 1459 1471 ex
1498 1413 1773 1472 manibiis
1818 1411 1879 1470 in
1908 1411 2207 1491 Capitolio
2235 1411 2376 1471 etin
2405 1409 2537 1469 aede
2578 1409 2715 1469 Divi

531 1508 666 1568 Ju11
682 1526 746 1567 et
773 1508 834 1566 in
861 1508 993 1566 aede
1010 1507 1312 1588 Apollinis
1338 1520 1401 1568 et
1428 1508 1488 1567 in
1520 1509 1651 1569 aede
1672 1510 1872 1569 Vestoe
1899 1510 2038 1568 etin
2064 1508 2285 1587 templo
2313 1505 2526 1567 Martis
2543 1506 2715 1566 Ulto-

528 1605 608 1664 ris
631 1605 1013 1672 consecravi:
1044 1625 1179 1683 quoe
1213 1605 1356 1664 mihi
1382 1608 1777 1667 constiterunt
1803 1607 1931 1667 HS.
1952 1606 2183 1666 circiter
2202 1604 2505 1666 milliens.‘¹
2572 1603 2714 1662 Auri

529 1702 807 1761 coronarl
861 1700 1062 1779 pondo
1091 1700 1333 1780 triginta
1358 1714 1421 1762 et
1455 1703 1719 1782 quinque
1757 1703 1941 1763 millia
1990 1701 2321 1781 municipiis
2368 1710 2430 1760 et
2472 1699 2711 1761 colonis

533 1796 723 1857 ltaliae
749 1797 1187 1857 conferentibus
1214 1796 1291 1856 ad
1319 1799 1647 1878 triumphos
1677 1819 1842 1860 meos
1870 1826 1893 1852 r
1911 1799 2180 1877 quintum
2221 1796 2446 1857 Consul
2486 1795 2709 1862 remisi:

532 1905 594 1952 et
619 1904 847 1972 postea,
873 1893 1362 1972 quotiescumque
1393 1896 1718 1976 Imperator
1757 1895 2092 1975 appellatus
2121 1914 2275 1966 sum,
2316 1912 2529 1954 aurum
2549 1910 2714 1953 coro·

531 1989 756 2048 narium
784 2008 903 2048 non
929 1990 1152 2069 accepi,
1180 1991 1634 2053 decernentibus
1665 1991 1995 2071 municipiis
2017 2002 2079 2051 et
2095 1989 2558 2070 conserentibus,
2580 2007 2712 2071 Μ

534 2094 679 2145 tunc
707 2085 902 2166 adque
920 2116 941 2142 ι
973 2097 1149 2147 antea
1176 2087 1580 2152 decreverant.

613 2182 845 2241 Munus
889 2181 1300 2260 gladiatorium
1329 2185 1471 2245 dedi
1499 2205 1634 2246 meo
1673 2186 1932 2256 nomine,
1973 2195 2035 2244 et
2069 2184 2423 2263 quinquiens
2463 2180 2711 2243 filiorum

528 2295 792 2338 meorum
811 2286 915 2337 aut
939 2289 1220 2358 nepotum
1249 2281 1487 2341 nomine
1507 2266 1529 2341 :-
1568 2282 1783 2362 quibus
1809 2282 2150 2342 muneribus
2178 2288 2592 2359 pugnaverunt
2608 2280 2711 2338 ko-

531 2376 757 2435 m‘num
804 2377 1047 2436 circiter
1101 2375 1310 2437 decem
1365 2376 1553 2438 millia
1711 2410 1742 2428 -
1901 2410 1929 2423 ·
2091 2376 2196 2435 Bis
2265 2375 2405 2438 deda·
2436 2376 2710 2455 serarum

528 2469 792 2550 undique
820 2471 1220 2533 acciae-tarum
1247 2491 1265 2525 t
1412 2507 1440 2521 -
1600 2506 1628 2521 -
1786 2508 1814 2521 ·
1972 2473 2306 2552 spectaculo.
2331 2474 2576 2553 proprio
2594 2491 2710 2530 meo

528 2566 788 2639 nomine,
814 2575 878 2626 et
901 2569 1135 2628 tertium
1166 2578 1448 2649 nepotum
1608 2603 1634 2617 -
1794 2604 1820 2617 -
1982 2569 2190 2630 Ludos
2214 2569 2331 2629 feci
2367 2588 2501 2629 meo
2529 2567 2710 2628 nomi·

527 2680 602 2723 ne
627 2673 859 2742 quater,
888 2663 1134 2725 aliorum
1164 2676 1360 2727 autem
1387 2670 1857 2748 magistratuum
1883 2666 2215 2727 absentium
2234 2675 2327 2727 ter
2353 2676 2416 2725 et
2433 2665 2660 2745 vigiens
2688 2676 2713 2701 ⁸

527 2794 557 2812 -
715 2796 744 2807 -
908 2793 934 2805 -
1133 2763 1198 2822 in
1254 2762 1501 2841 collegio
1562 2784 1680 2825 κν.
1737 2765 1999 2826 virorum
2021 2763 2324 2844 magister,
2367 2760 2598 2823 adlecta
2644 2762 2713 2820 in

592 2954 629 2981 ¹·
650 2947 738 2999 Sic
758 2953 813 2999 et
835 2949 889 2999 in
911 2951 1024 3015 opt.
1046 2950 1163 3001 cod.
1183 2951 1330 3003 Suet.
1343 2950 1476 3016 Aug.
1497 2956 1581 3002 97.
1658 2966 1801 3003 ronoe
1842 2953 1993 3004 initio
2043 2967 2213 3004 nureo
2264 2952 2402 3002 dono
2442 2948 2716 3011 dabantur,

526 3030 664 3074 extr.
730 3025 923 3075 Vocem
966 3041 998 3074 s
1032 3027 1164 3083 cabo,
1206 3027 1356 3077 initio
1393 3042 1586 3090 rerum,
1660 3044 1805 3079 more
1828 3044 1857 3078 s
1877 3030 2080 3081 Groecis
2099 3030 2286 3095 petito,
2315 3034 2372 3078 et
2407 3026 2598 3077 deinde
2629 3026 2716 3075 ha·

525 3098 822 3150 deducebat
844 3100 1059 3168 Verrius
1081 3102 1318 3152 Flaccus.
1359 3104 1427 3153 V.
1453 3102 1586 3153 Dio·
1663 3119 1776 3154 rum
1817 3106 1933 3156 loco
1969 3120 2187 3166 surum3
2233 3103 2369 3169 quod
2413 3103 2714 3163 serioribus,

526 3173 664 3223 med.
687 3188 772 3238 sp.
793 3174 1009 3224 Putsch.
1032 3177 1068 3226 1.
1091 3191 1130 3226 1.
1149 3191 1202 3240 p.
1225 3180 1339 3228 ³61.
1661 3179 2042 3243 Imperatorum
2102 3181 2343 3243 maxime,
2395 3177 2713 3243 temporibus

589 3259 617 3285 ¹
647 3252 731 3303 ef.
751 3251 907 3304 ovid.
927 3254 1072 3305 Fast.
1098 3268 1163 3304 11.
1179 3260 1261 3305 59.
1661 3256 1728 3304 ab
1772 3256 1835 3305 iis
1874 3256 2056 3305 tributi
2098 3255 2266 3305 instar
2305 3261 2547 3305 exactum
2591 3260 2711 3303 est:

590 3335 618 3361 ⁸
646 3326 895 3380 Cf.Snet.
911 3334 1056 3380 c.29.
1086 3331 1188 3381 Dio
1211 3337 1390 3383 mmss.
1424 3331 1584 3384 ovid.
1658 3330 1798 3381 unde
1823 3332 2117 3381 commith
2147 3332 2343 3381 dictum
2380 3330 2447 3380 de
2483 3331 2714 3394 grutuito

527 3404 674 3455 Fert.
695 3417 752 3453 v.
770 3410 886 3456 551.
906 3420 986 3470 sq.
1005 3411 1121 3457 5⁷9.
1171 3408 1386 3458 Eckhei.
1408 3409 1580 3460 doctr.
1656 3414 1716 3456 et
1752 3405 2040 3471 honorario,
2062 3414 2117 3457 et
2136 3409 2403 3457 honestum
2426 3406 2716 3458 exactionis

526 3479 653 3531 NN.
672 3481 734 3531 Τ.
756 3486 806 3531 6.
825 3497 876 3546 p.
899 3486 980 3533 94.
1003 3498 1082 3548 sq.
1102 3490 1158 3532 et
1173 3487 1286 3533 100.
1325 3500 1439 3549 quae
1462 3486 1582 3538 locs
1657 3496 1844 3533 nomen
1884 3481 2098 3534 factum.
2172 3481 2465 3545 Ξτεφανυὼν
2497 3481 2715 3543 vaccua

525 3555 679 3607 etism
708 3556 777 3606 de
810 3558 912 3607 slio
945 3559 1133 3608 Martis
1164 3561 1361 3611 Ultoris
1383 3564 1581 3627 templo
1656 3557 1962 3623 Ancyranos
1985 3559 2178 3610 dixisse
2213 3560 2312 3608 πᾶν
2342 3558 2401 3608 τὸ
2432 3560 2484 3608 ἐν
2517 3556 2715 3622 χάριτος
2740 3576 2755 3588 ·

445 3684 460 3695 ‚
526 3639 706 3697 agunt,
737 3633 804 3684 de
825 3649 928 3699 quo
947 3650 997 3683 v.
1015 3640 1125 3685 not.
1151 3652 1197 3686 z.
1221 3651 1358 3688 mox.
1653 3630 1784 3697 μέρει
1811 3634 2061 3697 διδόμενον,
2081 3635 2235 3686 docet
2256 3634 2455 3684 Suidss.
2500 3633 2583 3685 ef.
2603 3635 2719 3688 Dio.

589 3716 617 3752 Ρ
648 3709 731 3761 Cf.
754 3710 857 3761 Dio
873 3725 981 3762 mv.
1000 3716 1178 3762 25-27.
1657 3724 1859 3764 xum.
1878 3715 1962 3762 42.
1984 3725 2138 3763 xux.
2160 3716 2244 3762 42.
2278 3725 2350 3761 ιι.
2371 3714 2454 3761 21.
2479 3710 2715 3774 Lips..de

590 3792 616 3827 ἱ
648 3786 729 3836 Cf.
747 3786 891 3837 Suet.
914 3801 961 3836 c.
985 3792 1067 3838 3⁰.
1658 3800 1829 3850 magn.
1852 3787 1999 3837 Rom.
2020 3792 2153 3837 1129.
2210 3787 2421 3838 Ernesti
2441 3786 2576 3837 clav.
2598 3786 2715 3836 Cic.

588 3863 618 3892 ⁷
639 3859 827 3924 Propr.
861 3862 927 3912 sd
964 3877 1183 3914 coronas
1220 3864 1578 3931 triumphales,
1654 3869 1712 3911 et
1735 3862 1987 3912 Schelleri
2009 3864 2136 3913 Lex.
2156 3862 2274 3917 Lat.

526 3935 723 4000 χρυσίον
749 3937 799 3987 ἐς
827 3936 1091 4001 στεφάνους
1118 3955 1205 4004 sp.
1238 3941 1393 3992 Dion.
1418 3952 1577 3993 xmx.
1719 3946 1739 3971 ⁸
1770 3937 1852 3990 Cf.
1869 3947 1980 3990 not.
2004 3954 2054 4003 g.
2079 3954 2131 4003 p.
2152 3943 2236 3989 58.

524 4016 609 4061 ⁴2.
674 4012 806 4063 Inde
827 4010 1019 4064 dictum
1038 4016 1244 4080 proprie
1264 4031 1579 4066 curm-coro-
1717 4018 1736 4051 ί
1765 4018 1925 4067 Forte
1944 4019 2051 4081 leg.
2075 4017 2353 4068 milam».

525 4088 745 4138 narium.-
775 4104 896 4140 nam
930 4089 1166 4148 ducibus,
1200 4092 1289 4156 qui
1329 4092 1394 4142 ab
1431 4107 1579 4142 exer·
1719 4100 1743 4127 ⁸
1776 4091 1855 4143 Cf.
1886 4094 2031 4145 Suet.
2055 4093 2191 4157 Aug.
2212 4097 2304 4145 43..
2328 4092 2508 4161 ibique
2537 4092 2709 4160 intpp.

526 4163 633 4213 citu
685 4164 1032 4229 Imperatores
1086 4166 1501 4233 appellabantur,
1545 4183 1578 4219 s
1658 4168 1841 4227 Quater
1862 4183 1943 4222 sc.
1961 4175 2007 4220 et
2034 4169 2194 4223 vicies.

527 4239 944 4306 provincialibus,
978 4242 1129 4296 sociis
1158 4242 1467 4310 regibusque
1489 4258 1575 4296 co·
