3034 4925
1148 407 1247 456 nn
1288 407 1465 456 nro
1513 407 1749 458 ωηο.
2010 392 2024 448 f
2312 455 2317 461 .
2452 394 2532 460 41

1069 642 1221 709 Lib.
1251 640 1554 725 ejusdem
1575 659 1730 726 cap.
1756 641 1819 708 6.

441 778 590 861 Ego
611 777 904 864 optimos
932 777 1227 863 quidem,
1255 782 1324 843 et
1350 778 1577 843 statim
1607 782 1675 842 et
1707 795 1992 861 semper,
2037 775 2155 842 sed
2178 781 2399 843 tamen
2425 796 2535 844 eo-

354 899 499 944 rnm
528 881 1079 946 candidissimum
1124 899 1477 965 quemque,
1514 884 1583 972 et
1616 878 1913 945 maxime
1962 879 2369 963 expositum,
2418 899 2537 946 ve-

352 980 517 1048 lim:
561 988 638 1048 ut
666 983 930 1048 Livium
976 1001 1021 1047 a
1057 982 1288 1066 pueris
1319 984 1536 1066 magis
1587 1001 1787 1066 quam
1834 981 2269 1047 Sallustium:
2315 987 2387 1048 et
2424 982 2536 1047 hie

350 1083 644 1150 δίεισι-ἰῶ
663 1085 944 1168 majoris
974 1092 1085 1149 est
1108 1092 1377 1152 auctor:
1422 1084 1510 1150 ad
1553 1103 1753 1168 quem
1781 1089 2004 1149 tamen
2029 1082 2536 1166 intelligendum

339 1185 487 1269 jam
515 1185 819 1269 profectu
846 1205 1031 1270 opus·
1048 1186 1159 1253 sit.
1245 1187 1510 1266 Cicero,
1533 1215 1539 1224 ·
1561 1190 1638 1250 ut
1675 1185 1837 1251 nihi
1863 1185 2136 1269 quidem
2162 1185 2443 1265 vidant,
2471 1191 2538 1251 et

340 1286 688 1370 jucundus
735 1289 1212 1373 incipientibus
1244 1309 1538 1376 quoque,
1582 1294 1656 1354 et
1693 1293 1962 1374 apertus
1997 1293 2098 1353 est
2142 1289 2348 1353 satis:
2412 1306 2537 1353 uec

348 1389 666 1474 prodesse
714 1396 984 1469 tantum,
1029 1392 1147 1458 sed
1178 1392 1388 1457 etiam
1431 1391 1641 1457 amari
1677 1395 1949 1475 potest:
1996 1394 2138 1454 tum
2177 1387 2536 1474 (quemad-

346 1490 889 1558 modum-Livius
918 1492 1263 1579 praecipit)
1303 1500 1383 1559 ut
1431 1493 1721 1578 quisque
1762 1493 1892 1558 erit
1921 1489 2235 1557 Ciceroni
2271 1490 2528 1557 similli-

344 1610 522 1659 mus.
1695 1635 1700 1642 -

1140 1762 1296 1847 Lib.
1342 1778 1423 1829 x.
1446 1782 1605 1848 cap
1648 1762 1715 1828 1.

433 1892 664 1959 Fuerit
706 1894 908 1979 igitur
952 1897 1248 1964 brevitas
1293 1898 1415 1965 illa
1453 1898 1818 1978 tutissima,
1869 1917 2025 1984 qm
2071 1902 2180 1964 est
2206 1894 2387 1982 apud
2415 1896 2532 1962 Li·

342 1995 548 2074 vim,
586 1997 656 2061 in
706 2000 995 2082 epistola
1035 2001 1124 2065 ad
1164 1999 1408 2066 Filium
1455 1999 1744 2086 scripta.
1810 1999 2208 2084 ‘Legenda
2247 1999 2527 2064 Demus·

345 2096 608 2162 thenem
637 2103 837 2183 atque
869 2100 1303 2183 Ciceronem3
1343 2110 1487 2169 tum
1514 2103 1616 2171 ita
1641 2106 1716 2169 ut
1739 2104 2022 2189 quisque
2037 2105 2218 2169 esset
2239 2100 2533 2170 Demos·

345 2201 526 2266 theni
556 2207 625 2267 et
653 2201 961 2270 Ciceroni
989 2204 1409 2272 simillimus?

1162 2421 1420 2490 Eodem
1471 2421 1720 2509 capite.

429 2571 671 2658 Neque
716 2574 833 2640 illa
879 2572 1287 2642 Sallustiana
1335 2577 1657 2655 brevitas,
1706 2593 1842 2660 qua
1881 2573 2045 2639 nihil
2105 2565 2288 2657 apud
2339 2587 2534 2634 aures

336 2672 596 2740 'vacuas
641 2681 843 2763 atque
881 2677 1179 2743 eruditas
1208 2682 1438 2763 potest
1479 2694 1631 2742 esse
1673 2675 2070 2760 perfectius,
2101 2672 2285 2760 apud
2331 2689 2534 2736 occu-

339 2781 577 2868 patum
609 2779 818 2844 variis
849 2778 1369 2865 cogitationibus
1385 2777 1714 2864 judicem,
1730 2785 1800 2845 et
1825 2779 2081 2863 saepius
2102 2774 2531 2851 ineruditum,

338 2879 674 2963 captanda
717 2881 913 2947 nobis
942 2888 1084 2948 est:
1128 2901 1348 2968 neque
1385 2880 1506 2948 illa
1554 2881 1735 2949 Livii
1783 2883 2003 2948 lactea
2049 2880 2322 2946 ubertas
2365 2876 2532 2943 satis

338 2980 614 3048 docebit
670 3004 844 3065 eum,
896 2985 1015 3069 qui
1073 3005 1207 3050 non
1272 2986 1570 3071 speciem
1626 2984 2106 3072 expositionis,
2156 2981 2279 3049 sed
2327 2979 2530 3046 fidem

339 3085 602 3170 quaerit.

1066 3256 1240 3322 Post
1270 3256 1488 3323 multa
1528 3256 1804 3324 ibidem.

420 3391 522 3458 At
559 3412 696 3458 non
737 3393 1022 3462 historia
1064 3397 1347 3463 cesserit
1371 3394 1638 3464 Graecis
1662 3416 1682 3477 3
1706 3413 1844 3461 ‚nec
1889 3408 2229 3478 opponere
2257 3387 2529 3470 Thucy·

336 3491 479 3557 didi
531 3495 929 3562 Sallustium
980 3518 1230 3566 verear.
1334 3498 1487 3569 Nec
1533 3500 1903 3583 indignetur
1949 3494 2081 3560 sibi
2134 3490 2528 3558 Herodotus

335 3597 589 3681 aequari
645 3597 727 3661 T·
775 3598 1068 3682 Livium,
1115 3623 1272 3671 cum
1323 3603 1394 3668 in
1441 3602 1776 3671 narrando
1828 3600 2016 3665 mirae
2058 3591 2526 3682 jucunditatiS‚

334 3699 820 3786 clarissimique
887 3704 1218 3786 candoris,
1262 3711 1407 3770 tum
1451 3706 1523 3772 in
1573 3703 2017 3771 concionibus
2076 3713 2281 3781 supra
2324 3711 2527 3779 quam

333 3804 624 3868 enarrari
652 3810 878 3888 potest
905 3806 1365 3892 eloquentem,
1346 3828 1364 3846 ·
1408 3808 1507 3874 ita
1538 3809 1844 3874 dicuntur
1868 3803 2092 3869 omnia
2120 3817 2275 3883 cum
2301 3797 2527 3874 rebuS,

333 3910 473 3967 tum
505 3908 814 3988 personis
837 3910 1368 3976 accommodata.
1456 3910 1593 3977 Sed
1634 3910 1914 3975 affectus
1945 3904 2237 3988 quidem,
2283 3899 2527 3985 praeci·

333 4023 466 4085 pue
510 4025 635 4070 eos
684 4008 801 4091 qui
853 4017 1008 4074 sunt
1051 4011 1410 4091 dulciores,
1458 4018 1538 4079 ut
1578 4012 1972 4096 parcissime
2025 4007 2272 4082 dicam,
2326 4021 2524 4068 nemo

331 4105 831 4174 Historicorum
874 4096 1366 4183 commendavit
1423 4115 1676 4198 magis·
1742 4112 2034 4196 ideoque
2075 4106 2524 4187 immortalem

328 4207 515 4274 illam
568 4211 872 4280 Sallustii
901 4217 1320 4289 velocitatem
1366 4217 1824 4287 diversitatem
1853 4213 2136 4281 diversis
2165 4208 2521 4277 virtutibus
