3034 4925
1001 391 1148 441 mn.
1193 389 1312 471 m.
1357 388 1525 439 cst».
1569 371 1675 440 13.

2308 372 2440 439 559

250 538 468 605 tribus
509 534 803 603 millibus
844 534 1001 602 aeris
1018 543 1043 572 ·
1085 533 1485 618 obligarunt.
1573 531 1767 612 Quot-
1799 532 2133 611 darentur,
2163 532 2443 616 permis-

247 662 404 708 sum
449 639 731 706 tribunis
756 634 909 703 est!

986 637 1242 702 Decem
1272 634 1595 700 finierunt.
1680 633 1820 699 Tot
1847 632 2134 698 vadibus
2164 652 2434 698 accusa·

245 751 355 809 tor
383 741 667 808 vadatus
693 747 842 806 est‘
870 757 1076 805 reum.
1154 737 1293 803 Hic
1319 736 1574 820 primus
1602 733 1810 801 vades
1835 735 2180 819 publicos²
2210 732 2440 801 dedus*

247 844 597 910 Dimissus
623 863 663 909 e
685 843 831 909 soro
856 846 1048 908 nocte
1076 841 1387 926 proxima
1409 840 1478 904 in
1504 837 1811 903 Tuscos³
1842 836 1914 901 in
1943 835 2221 901 exilium
2252 835 2441 901 abiit.

1166 989 1197 1010 0

1417 985 1538 1010 ΜΟ

243 1089 522 1142 Vetus—1
556 1092 676 1143 Vet.
698 1091 786 1142 lib.
809 1106 891 1156 ap.
914 1091 1093 1155 Sigon.
1117 1092 1303 1140 decreto
1328 1089 1548 1153 protinus
1567 1085 1654 1149 jus
1669 1103 1688 1136 .-
1719 1090 1775 1136 et
1797 1085 1872 1135 ita
1892 1084 1997 1134 Ms.
2018 1081 2296 1134 veiam—2
2329 1081 2446 1131 Ma-

251 1157 367 1207 vult
386 1156 440 1208 J.
464 1159 520 1207 F.
541 1157 771 1208 Gronov.
786 1157 1084 1222 publia—8
1119 1156 1135 1184 ‘
1158 1156 1313 1204 Nocte
1329 1153 1625 1218 ψιττάκια
1643 1151 1882 1202 conulam
1903 1150 1956 1198 in
1981 1148 2169 1210 nm,
2188 1149 2270 1210 ὅτ.
2322 1148 2446 1197 Vet.

245 1222 348 1272 lib.
369 1221 532 1272 insciis
551 1222 848 1280 consulibua
877 1229 934 1272 et
961 1220 1207 1272 {lhsculum
1222 1235 1244 1279 ‚-
1279 1218 1369 1271 scd
1395 1219 1571 1284 placet
1594 1216 1772 1282 magis,
1803 1216 1858 1265 in
1884 1214 2075 1277 fiscos,
2095 1213 2219 1279 quia
2250 1213 2445 1274 Diony·

1244 1350 1297 1402 N
1301 1349 1464 1402 01·AE

247 1448 464 1501 modum
512 1456 774 1502 testantur
827 1449 984 1501 iidem
1038 1451 1205 1501 Varro
1256 1456 1314 1501 et

250 1526 463 1578 Festus.
525 1527 700 1579 Vades
738 1528 915 1580 Acron
937 1536 994 1580 et
1014 1527 1312 1593 Porphyrio

247 1604 523 1667 explicant
539 1606 856 1669 generaliter
873 1618 1151 1670 sponsores
1171 1603 1312 1653 vadi·

248 1685 448 1735 monii:
483 1684 606 1735 inde
628 1685 797 1736 dictos
832 1686 1031 1750 volunt,
1064 1682 1203 1750 quod
1223 1683 1313 1749 qui

248 1774 347 1810 eos
371 1760 593 1825 dederit,
611 1762 818 1819 vadere,
841 1761 893 1811 id
914 1768 1012 1825 est,
1028 1760 1316 1822 discedere,

217 1846 224 1851 '
251 1836 465 1886 interim
487 1837 666 1901 possit.
704 1838 899 1887 Notum
923 1843 1005 1886 est
1023 1835 1160 1885 enim
1175 1834 1312 1898 apud

250 1914 478 1964 Veteres
502 1928 634 1971 eum,
656 1913 743 1980 qui
779 1914 924 1964 litem
957 1913 1116 1963 vellet
1147 1912 1315 1962 inten-

253 1989 405 2051 dere,
442 1991 651 2040 solitum
674 1989 975 2039 adversario
1005 1986 1316 2037 denuntiare

253 2074 320 2118 nt
359 2068 410 2117 in
437 2066 527 2131 jus
558 2067 776 2123 veniret,
813 2072 868 2116 et
891 2072 1220 2115 recusantem
1241 2064 1316 2112 in·

243 2144 398 2208 jecta
435 2159 585 2193 manu
628 2143 693 2192 ad
730 2149 1007 2208 praetorem
1038 2138 1317 2204 appellatis

254 2219 476 2270 testibus
515 2219 722 2270 trahere
740 2239 755 2282 3
799 2217 895 2268 nisi
932 2224 1145 2267 vocatus
1176 2220 1321 2266 certa

256 2295 348 2345 die
370 2311 425 2346 se
459 2293 737 2346 affuturum
769 2294 1130 2360 promitteret:
1163 2304 1319 2357 quam

253 2371 312 2421 in
336 2385 443 2422 rem
468 2372 793 2437 plerumque,
813 2376 960 2420 certa
984 2381 1136 2432 poena
1164 2379 1319 2431 pecu·

252 2448 425 2499 niaria
448 2448 499 2499 in
522 2447 829 2512 stipulatum
860 2445 1106 2502 deducta,
1126 2442 1321 2494 daban·

255 2532 346 2575 tur
367 2523 715 2588 fideJussores,
736 2522 824 2590 qui
854 2522 1062 2573 deserto
1091 2520 1322 2571 vadimo-

260 2600 353 2650 nio
372 2614 569 2665 poenam
602 2605 929 2664 praestarent.
994 2598 1127 2648 Hoec
1149 2602 1319 2646 autem

258 2689 443 2727 mantis
474 2675 699 2740 injectio,
735 2675 851 2739 lege
890 2676 970 2724 12.
990 2671 1165 2723 Tabb.
1186 2685 1322 2723 anno

259 2752 450 2803 abhinc
481 2751 684 2806 decimo
722 2750 1111 2815 comprehensa,
1145 2755 1321 2798 tamen

257 2837 422 2882 antea
476 2843 680 2896 quoque
745 2827 975 2879 moribus
1029 2826 1323 2882 obtinebat,

257 2907 689 2973 quemadmodum
728 2906 828 2957 alia
859 2906 1007 2971 plura
1028 2904 1082 2954 iu
1105 2906 1187 2953 12.
1216 2901 1321 2952 Ta·

258 2984 414 3034 bulas
434 2983 687 3048 conjecta.

328 3066 352 3092 θ
376 3058 546 3108 Tribus
564 3057 772 3108 millibus
786 3056 923 3122 oeris]
952 3057 1006 3107 Si
1024 3069 1189 3105 assem
1211 3054 1321 3106 sive

123 3175 146 3192 s
257 3134 453 3185 libram
476 3135 754 3184 Romanam
787 3134 943 3197 paulo
976 3133 1138 3197 pluris
1167 3147 1322 3199 quam

258 3212 487 3262 denariis
502 3219 721 3276 quatuor
735 3208 951 3260 Gallicis
964 3208 1189 3259 aestimes
1204 3221 1322 3260 cnm

256 3289 486 3352 Budaeo,
518 3288 621 3338 tria
647 3287 805 3338 millia
825 3302 926 3340 uon
947 3288 1163 3337 multum
1185 3287 1323 3338 ultra

260 3366 638 3432 quinquaginta
671 3365 833 3416 libras
874 3370 1073 3415 nostras
1114 3363 1323 3414 confici-

261 3450 391 3494 ent:
415 3444 460 3493 si
476 3443 655 3493 decem
672 3441 785 3493 fere
799 3442 1024 3493 denariis
1042 3440 1231 3490 secund
1239 3456 1326 3491 um

261 3519 592 3570 Peireskium
636 3517 994 3581 aestimaveris,
1037 3515 1167 3566 flent
1209 3519 1324 3565 1³⁰.

263 3595 416 3646 librae
439 3601 635 3661 prieter
652 3600 894 3660 propter:
931 3598 987 3642 at
1000 3593 1043 3641 si
1062 3591 1190 3641 libra
1205 3591 1324 3640 aeris

263 3676 498 3725 Romania
538 3672 788 3723 hodierno
828 3668 964 3733 apud
1017 3681 1110 3718 nos
1156 3663 1325 3731 pretio

261 3752 574 3807 estimetur,
613 3753 693 3799 18.
728 3746 929 3799 scilicet
972 3745 1167 3795 assibus
1210 3756 1326 3792 nos·

264 3827 492 3879 tratibus
512 3840 629 3876 cum
652 3823 885 3886 dimidio,
905 3821 1035 3872 flent
1061 3824 1209 3872 2025.
1228 3818 1319 3869 lib.
1345 3831 1353 3840 ·

335 3904 507 3955 Tribus
523 3902 729 3953 ”tinibus
749 3898 894 3963 oeris]
940 3900 1058 3951 Hoc
1078 3906 1177 3963 est,
1198 3911 1321 3962 qua·

264 3981 513 4045 draginta
547 3980 773 4045 quinque
801 3975 1012 4027 florenis
1048 3972 1326 4025 Hollandi·

266 4058 362 4116 cis,
388 4064 480 4107 aut
497 4056 723 4106 circiter.
754 4057 809 4105 J.
837 4054 1066 4104 Clericus.

265 4157 274 4164 ·
335 4134 355 4169 s
387 4135 679 4184 Permissum
701 4130 905 4182 tribunis
937 4130 1034 4195 est]
1069 4128 1324 4181 Nimirum

264 4210 499 4266 definire,
522 4209 611 4259 sed
637 4225 665 4258 a
690 4224 794 4273 qno
810 4208 1137 4272 permissum?
1175 4205 1324 4256 ASe·

269 4295 396 4337 natu
420 4286 620 4351 opinor,
646 4285 840 4350 rejecta
866 4284 981 4335 fere
1012 4286 1063 4335 in
1087 4283 1321 4336 tribunos

1386 1463 1449 1503 ea
1470 1444 1835 1507 aestimatione,
1858 1443 1976 1495 sive<
1993 1441 2059 1493 ad
2083 1455 2173 1492 eos
2195 1439 2448 1490 delinien-

1384 1524 1503 1588 dos,
1523 1524 1632 1574 sive
1653 1522 1719 1572 ad
1748 1519 2009 1570 vitandam
2033 1515 2299 1577 invidiam.

1449 1608 1474 1645 ε
1516 1600 1731 1649 Vadutus
1767 1597 1863 1661 est]
1910 1594 2106 1646 Vadari
2146 1600 2251 1656 est,
2287 1590 2447 1642 vades

1386 1679 1670 1743 postulare,
1703 1675 1757 1726 id
1789 1680 1888 1738 est,
1923 1671 2211 1735 locupletes
2239 1667 2450 1732 fidejus-

1384 1768 1546 1815 sores,
1569 1753 1677 1818 qui,
1713 1757 1875 1801 certae
1899 1747 2135 1813 pecuniae
2159 1743 2450 1808 sponsione,

1388 1830 1609 1895 aliquem
1645 1825 1991 1877 vadimonium
2029 1822 2288 1872 obiturum
2319 1833 2453 1883 prae·

1386 1905 1620 1955 stabant.
1674 1902 1907 1952 Sumitur
1922 1908 2093 1951 tamen
2116 1898 2216 1947 hoc
2240 1895 2449 1945 verbum

1387 1988 1445 2031 et
1469 1981 1638 2030 active
1659 1984 1714 2028 et
1736 1977 1936 2042 passive
1957 1992 1970 2026 ε
2005 1988 2140 2035 nam,
2164 1977 2297 2022 teste
2319 1971 2452 2021 Por·

1388 2057 1639 2122 phyrione
1661 2056 1951 2119 interprete
1970 2048 2178 2099 Horatii
2200 2054 2320 2096 ante
2342 2047 2451 2095 lan-

1390 2133 1533 2189 dato,
1555 2129 1722 2182 vadari
1746 2127 2024 2179 dicebatur
2055 2132 2113 2175 et
2142 2123 2230 2188 qni
2253 2122 2450 2172 denum

1391 2210 1578 2270 tiabat,
1596 2216 1649 2259 et
1668 2207 1750 2258 cui
1784 2200 2211 2255 denuntiabatur.

1455 2295 1478 2321 v
1513 2286 1615 2337 Hic
1646 2284 1829 2349 primas
1869 2281 2010 2331 sudes
2049 2277 2258 2342 publicos
2295 2275 2453 2338 dedit]

1391 2364 1599 2415 Mavult
1621 2358 1918 2412 Gronovius
1938 2354 2121 2421 publico
2136 2370 2153 2404 .·
2185 2367 2303 2403 nam
2325 2351 2452 2401 nulli

1393 2446 1531 2504 sunt,
1570 2437 1756 2503 inquit,
1792 2431 1983 2499 privati
2025 2429 2216 2482 vades:
2257 2428 2311 2479 in
2350 2440 2451 2492 quo

1392 2517 1495 2582 ipsi
1534 2512 1774 2566 assentiri
1827 2524 1929 2562 non
1974 2522 2200 2574 possum.
2263 2505 2451 2570 Itaque

1392 2591 1516 2643 mihi
1536 2590 1665 2641 nibil
1692 2586 1994 2639 mutandum
2019 2584 2240 2636 videtur.
2308 2579 2452 2631 Pub·

1391 2670 1551 2720 licum
1576 2665 1786 2732 quidem
1822 2661 2015 2713 dicitur
2046 2659 2184 2727 quod
2219 2656 2284 2707 ad
2316 2670 2454 2707 com·

1393 2758 1575 2796 munes
1617 2741 1795 2808 populi
1825 2753 1944 2790 usus
1980 2742 2203 2802 spectat,
2242 2739 2303 2784 ut
2337 2732 2452 2797 ipse

1394 2820 1629 2871 Gronov.
1654 2817 1720 2868 ad
1753 2830 1802 2866 c.
1822 2819 1874 2865 9.
1907 2814 1943 2863 l.
1966 2827 2030 2863 ιι.
2057 2810 2277 2862 notavit.
2344 2805 2453 2857 Sed

1396 2896 1628 2964 publicos
1667 2892 1824 2947 vades
1862 2897 2008 2941 recte
2042 2888 2145 2939 dici
2184 2893 2332 2951 puto,
2363 2884 2453 2949 qui

1395 2972 1778 3039 magistratibus
1801 2969 2010 3031 dentur,
2044 2972 2106 3017 ‘ut
2143 2970 2349 3016 cautum
2386 2961 2456 3011 sit

1393 3051 1449 3102 in
1471 3050 1733 3118 publicum
1766 3045 1988 3113 pecunia
2023 3042 2215 3108 populo
2239 3037 2453 3105 promis·

1392 3141 1469 3191 sa,
1508 3122 1940 3192 quemadmodum
1983 3119 2162 3170 Livius
2209 3117 2324 3181 ipse
2366 3114 2453 3164 hic

1394 3204 1641 3270 explicat.
1702 3198 1951 3255 Quamvis
1986 3203 2163 3248 autem
2197 3192 2454 3250 daremus,

1395 3280 1555 3332 vades
1602 3279 1813 3344 proprie
1850 3274 1957 3326 dici
2004 3273 2090 3339 qui
2132 3272 2185 3321 in
2230 3268 2455 3334 publicis

1395 3358 1567 3410 causis
1577 3349 2055 3416 offeruntur,(quod
2070 3355 2242 3398 tamen
2256 3358 2356 3395 non
2373 3357 2454 3392 es-

1395 3448 1454 3485 se
1474 3438 1783 3497 perpetnum
1799 3439 1957 3491 supra
1975 3420 2340 3483 ostendimus,)
2352 3432 2454 3467 non

1398 3518 1572 3560 tamen
1586 3506 1820 3571 sequitur
1840 3500 2000 3551 vades
2021 3509 2227 3560 semper
2249 3493 2456 3559 publico

1398 3584 1530 3635 dari.
1597 3581 1702 3630 Hic
1726 3586 1895 3628 autem
1918 3574 2039 3624 ideo
2062 3571 2273 3637 publice
2296 3570 2454 3619 vades

1398 3677 1430 3712 a
1451 3660 1667 3711 Caesoue
1689 3654 1816 3719 dati,
1847 3651 1982 3718 qnod
2014 3665 2046 3700 a
2067 3647 2309 3712 tribunis,
2331 3660 2455 3710 qua·

1398 3739 1444 3788 si
1467 3734 1636 3802 plebis
1673 3746 1880 3784 causam
1916 3727 2209 3794 agentibus,
2244 3729 2456 3774 'accu'sa-

1399 3823 1567 3869 retur·
1641 3813 1815 3863 Vades
1853 3809 2014 3872 igitur
2050 3800 2301 3869 ejusmodi
2343 3809 2455 3851 tum

1403 3896 1625 3961 primum
1647 3892 1797 3941 datos
1819 3886 1974 3937 fnisse
1998 3882 2172 3934 Livius
2193 3879 2457 3941 observat,

1405 3972 1545 4039 quod
1563 3985 1660 4021 nec
1683 3984 1715 4018 a
1733 3964 1936 4017 Marcio
1955 3959 2227 4012 Coriolano
2246 3955 2456 4019 factum,

1404 4056 1463 4099 ut
1478 4046 1565 4113 qui
1582 4053 1860 4107 antequam
1875 4038 2152 4089 vadaretur
2165 4033 2326 4084 solnm
2341 4045 2457 4080 ver—

1404 4125 1552 4176 tisset
1572 4121 1659 4171 lib.
1679 4133 1742 4169 u.
1764 4131 1888 4180 cap.
1910 4118 1992 4182 35,
2058 4111 2174 4162 Nec
2197 4108 2260 4159 ab
2283 4106 2456 4171 Appio
2550 4120 2561 4127 ⁸

1407 4199 1649 4256 Claudio¹
1664 4195 1730 4247 de
1757 4209 1859 4261 quo
1876 4190 2041 4259 ejusd.
2065 4189 2153 4243 lib.
2177 4181 2293 4253 cap.
2316 4188 2399 4234 61.
