3034 4925
511 382 649 449 318

517 547 681 622 erat,
702 537 711 544 ’
735 541 796 606 si
841 540 1040 607 famae
1100 536 1462 618 credimus,
1504 539 1593 604 ab
1640 536 1847 605 Ulixe
1875 548 1931 580 ¹⁰
1975 540 2260 625 Deaque
2305 536 2505 605 Circe
2529 538 2549 575 ²
2591 538 2717 603 ori-

517 644 765 727 undus)
807 645 868 709 ei
898 642 1210 708 Mamilio
1237 640 1448 746 filiam
1489 648 1772 727 nuptum
1809 650 1859 682 ¹¹
1911 643 2064 726 dat3
2107 661 2357 728 perque
2387 662 2508 707 eas
2548 661 2719 726 nup·

519 753 652 817 tias
678 749 924 817 multos
955 748 1086 814 sibi
1116 751 1438 831 cognatos
1466 746 1860 832 amicosque
1891 749 2044 835 ejus
2074 748 2415 814 conciliat.

605 856 717 920 50.
758 852 802 918 J
808 872 920 918 am
977 870 1214 935 magna
1264 849 1616 935 Tarquinii
1671 853 2043 918 auctoritas
2100 853 2270 918 inter
2328 851 2721 916 Latinorum

522 976 828 1044 proceres
857 965 1001 1023 erat
1025 946 1094 1037 ς’
1136 973 1312 1032 cum,
1359 953 1428 1019 in
1458 952 1637 1020 diem
1669 960 1914 1021 certam
1944 962 2021 1021 ut
2051 954 2139 1021 ad
2167 954 2393 1019 lucum
2425 953 2724 1019 Ferenti-

521 1080 628 1127 nae
647 1069 677 1100 ¹¹
720 1060 1138 1138 conveniant,
1192 1057 1469 1124 indicit:
1515 1078 1695 1137 esse,
1749 1078 1905 1145 quae
1938 1078 2136 1143 agere
2168 1058 2252 1123 de
2295 1058 2500 1123 rebus
2544 1077 2734 1122 com-

523 1164 838 1230 munibus
869 1163 1048 1230 velit.
1136 1161 1570 1229 Conveniunt
1612 1162 1994 1247 frequentes
2038 1162 2254 1248 prima
2296 1159 2473 1228 luce.
2561 1159 2728 1245 Ipse

520 1267 926 1352 Tarquinius
984 1266 1157 1333 diem
1215 1264 1490 1350 quidem
1521 1266 1861 1348 servavit3
1905 1265 2023 1331 sed
2068 1266 2276 1349 paulo
2305 1269 2476 1343 ante,
2520 1282 2731 1349 quarn

526 1371 634 1437 sol
663 1371 1019 1444 occideret,
1061 1369 1299 1437 venit.⁸
1386 1367 1617 1437 Multa
1644 1369 1740 1435 ibi
1785 1376 1936 1435 tota
1964 1368 2073 1434 die
2095 1368 2164 1434 in
2192 1367 2478 1434 concilio
2521 1367 2733 1432 variis

521 1474 786 1559 jactata
818 1474 1244 1540 sermonibus
1272 1480 1480 1540 erant.
1567 1473 1830 1539 Turnus
1862 1472 2253 1539 Herdonius
2272 1481 2301 1509 ¹
2330 1472 2417 1537 ab
2446 1467 2690 1536 Aricia
2708 1478 2738 1518 ¹

531 1578 842 1643 ferociter
888 1578 958 1642 in
1001 1579 1341 1644 absentem
1396 1577 1844 1664 Tarquinium
1887 1583 2035 1643 erat
2085 1578 2385 1642 invectus
2417 1594 2439 1658 3
2484 1572 2738 1639 ‘Haud

528 1680 771 1757 mirum
801 1701 990 1761 esse,
1022 1681 1330 1767 Superbo
1355 1688 1407 1722 ¹²
1448 1682 1734 1747 inditum
1782 1681 2027 1748 Romae
2074 1676 2491 1774 cognomen?
2543 1673 2737 1757 (Jam

528 1783 708 1848 enim
749 1785 847 1851 ita
894 1785 1079 1872 sclam
1122 1782 1396 1870 quidem
1425 1792 1474 1833 ¹³
1517 1787 1980 1866 mussitantes,
2025 1784 2231 1868 vulgo
2291 1792 2539 1862 tamen,
2582 1802 2738 1847 eum

532 1885 1021 1970 appellabant)
1061 1889 1082 1924 ‘
1103 1886 1214 1952 An
1262 1889 1626 1973 quicquam
1657 1889 2019 1972 superbius
2052 1907 2229 1968 esse,
2274 1907 2471 1973 quam
2510 1883 2741 1952 ludifi-

1451 393 1496 442 Τ
1569 392 1760 442 mvn

593 2057 619 2085 ⁸
659 2054 801 2104 Venit
823 2056 1011 2121 quidem
1031 2058 1162 2108 intra
1181 2057 1446 2109 condictum
1467 2056 1613 2123 diem,
1635 2071 1799 2107 ueram
1821 2058 1907 2108 sub
1929 2072 2183 2123 uesperum.

1434 2205 1801 2227 mum

537 2302 600 2350 1⁰
640 2291 809 2367 mya'oe
829 2302 964 2354 Edd.
988 2310 1110 2356 ante
1128 2306 1425 2357 Drak.·-ll
1459 2312 1476 2337 ⁶
1500 2305 1586 2358 ΑΙ.
1617 2307 1878 2371 expertique
1916 2308 1999 2358 vel
2034 2306 2235 2370 nuptui.-
2268 2304 2361 2356 sed
2403 2305 2743 2356 Drakenbor-

535 2365 682 2446 cbius
703 2369 1011 2455 locutiouem
1048 2370 1066 2398 ‘
1090 2372 1311 2439 aliquam
1334 2371 1492 2423 alicui
1514 2381 1734 2439 nuptum
1757 2373 1886 2425 dare
1904 2372 1921 2397 ³
1954 2374 2307 2438 exemplorum
2332 2373 2487 2437 eopia
2508 2373 2638 2423 satis
2663 2388 2745 2423 as·

537 2433 1014 2554 tnfgntbrfflaengi
1056 2503 1270 2570 Doujat.
1306 2504 1425 2556 add.
1459 2505 1653 2567 eie-13
1674 2505 1705 2542 ›‘
1731 2504 1816 2556 Al.
1851 2504 2073 2569 qnidam.-
2122 2502 2435 2570 perperam.'
2484 2501 2745 2555 Str-oth.—

1516 2655 1565 2707 N
1575 2652 1739 2707 01¹AE

536 2746 755 2796 nominis
792 2747 958 2798 locum
997 2750 1260 2815 obtineat3
1301 2754 1599 2821 suspicatur

535 2821 778 2886 Sigonius
798 2824 1074 2889 legendum
1112 2840 1224 2881 esse
1264 2833 1466 2897 ffltavo,
1494 2845 1600 2884 non

543 2900 763 2951 Octavio.
827 2902 918 2952 Sic
966 2905 1228 2970 Quintius,
1282 2916 1338 2960 et
1388 2910 1600 2960 Sextius

539 2977 748 3025 nomina
798 2984 920 3027 sunt
969 2977 1314 3034 familiarum:
1371 2986 1600 3038 Quintus

541 3065 669 3101 vero
708 3059 765 3102 et
792 3052 984 3104 Sextus
1008 3061 1338 3120 prenomine.
1371 3060 1475 3112 Sed
1500 3062 1603 3113 Ro·

540 3126 813 3195 bortellus,
828 3129 1047 3182 Vossius
1063 3132 1220 3200 filius,
1239 3145 1295 3187 et
1311 3138 1603 3191 Gronovius

542 3203 679 3253 alind
716 3204 770 3255 in
803 3205 1169 3273 Romanorum,
1205 3213 1343 3267 aliud
1367 3215 1419 3264 in
1442 3215 1605 3268 Italo-

542 3295 658 3331 rum
691 3290 1000 3349 ceterorum,
1035 3295 1190 3353 atque
1225 3291 1357 3341 adeo
1396 3293 1606 3344 Latino-

544 3373 657 3408 rum
702 3362 1138 3424 appellationibus
1178 3367 1464 3421 obtinuisse
1512 3360 1603 3423 ob·

541 3446 769 3490 servant.

608 3515 626 3551 ‘
675 3516 752 3567 Ab
797 3516 943 3569 Uli-*re
983 3519 1183 3587 Deaque
1228 3523 1394 3590 Circe]
1450 3528 1605 3579 Circe

541 3607 695 3658 maga
715 3592 937 3644 celebris
980 3595 1176 3662 (AEetoe
1219 3615 1282 3651 ac
1317 3605 1601 3670 Pasiphaes

543 3672 711 3734 soror)
751 3672 886 3724 Solis
930 3673 1038 3725 fllia
1084 3676 1136 3726 in
1175 3675 1365 3730 fabulis
1408 3697 1600 3734 memo-

543 3754 720 3809 ratur:
775 3750 871 3814 (ex
925 3752 1131 3804 oriente
1186 3755 1474 3820 profectam
1523 3759 1599 3810 in·

546 3827 824 3889 terpretari
877 3828 1041 3894 licet.)
1123 3833 1202 3882 Ea
1249 3833 1599 3888 Sarmatarum

544 3913 705 3960 regno
722 3901 947 3969 dejecta,
965 3908 1099 3971 quod
1125 3916 1243 3973 post
1261 3919 1477 3963 mortem
1494 3926 1601 3964 ma·

546 3976 636 4027 riti
657 3991 854 4028 veneno
876 3983 1091 4034 extincti
1125 3987 1408 4039 crudeliter
1443 3991 1605 4042 admi-

544 4052 818 4111 nistrabat,
865 4057 917 4105 in
959 4059 1130 4111 Italiae
1161 4063 1376 4115 insulam
1415 4068 1605 4120 AEaeam

545 4128 701 4195 fugit,
730 4132 819 4185 ubi
860 4143 978 4196 post
1019 4138 1209 4191 Circeii
1252 4144 1523 4210 oppidum,
1551 4155 1608 4198 et

546 4208 797 4259 Circaeum
823 4217 1227 4275 promontorium
1246 4219 1315 4272 de
1337 4222 1497 4287 ipsius
1517 4237 1607 4276 no·

545 4286 683 4341 mine
716 4287 988 4348 &aaliz
1010 4289 1214 4354 Ulysse,
1247 4299 1375 4351 mari
1400 4301 1466 4352 ad
1489 4316 1603 4354 eam

1679 2753 1873 2818 delato,
1906 2760 2103 2817 praeter
2137 2753 2264 2804 alios
2300 2750 2494 2802 liberos
2528 2748 2745 2814 Telego-

1678 2844 1800 2880 num
1833 2830 2098 2895 peperisse
2135 2830 2379 2880 traditur.
2417 2827 2560 2878 Hinc
2578 2826 2748 2899 Octa·

1681 2908 1793 2958 vius
1837 2909 2100 2961 Mamilius
2132 2909 2457 2961 Tusculanus
2493 2908 2744 2973 originem

1679 2985 1849 3038 duxit.

1743 3062 1769 3089 ⁸
1802 3063 1871 3115 A.
1892 3065 1961 3115 U.
1986 3065 2048 3116 C.
2068 3069 2186 3118 223.

1745 3149 1768 3176 ¹¹
1792 3142 1870 3192 Aa
1886 3143 2039 3192 lucam
2055 3142 2352 3207 Ferentino]
2383 3143 2472 3193 De
2488 3141 2590 3194 hoc
2613 3140 2747 3204 laco,

1679 3227 1738 3272 et
1760 3223 1937 3286 capite
1961 3237 2109 3288 aquae
2142 3223 2462 3285 Ferentium,
2496 3222 2586 3272 ubi
2625 3234 2748 3271 eon·

1682 3297 1805 3349 cilia
1840 3299 2141 3349 Latinorum
2163 3298 2343 3348 haberi
2365 3298 2543 3360 solita,
2574 3296 2743 3347 dicam

1683 3376 1747 3424 ad
1772 3375 1857 3426 lib.
1882 3389 1945 3428 ιι.
1977 3390 2027 3427 c.
2047 3379 2131 3428 88.

1746 3461 1774 3488 ¹
1809 3454 1995 3504 Τιινιιιιο
2017 3451 2319 3516 Herdonius]
2357 3453 2457 3502 Vir
2480 3459 2598 3503 erat
2615 3452 2744 3502 mili-

1684 3530 1834 3594 taris,
1848 3530 2032 3595 opibus
2046 3541 2103 3580 et
2118 3529 2370 3580 amicitiis.
2379 3530 2520 3579 inter
2537 3529 2746 3580 Latinos

1685 3607 1903 3670 pollens,
1926 3623 1988 3658 ac
2010 3608 2152 3658 civili
2178 3607 2432 3673 praeditus
2466 3606 2710 3657 facundia
2726 3622 2744 3657 ι

1681 3683 1901 3734 Mamilii
1926 3691 2210 3749 perpetuus
2232 3685 2520 3747 aemulator,
2545 3699 2605 3735 ac
2622 3685 2746 3735 Tar-

1680 3762 1862 3826 quinio
1885 3760 2136 3822 infensus,
2177 3761 2310 3826 quod
2352 3761 2397 3810 is
2441 3759 2743 3811 affinitatem

1683 3839 1905 3889 Mamilii
1931 3839 2258 3902 praetulisset.

1746 3924 1771 3960 5
1802 3915 1882 3965 Ab
1903 3915 2099 3980 Aricia]
2150 3913 2235 3965 Ab
2283 3916 2498 3967 coriola
2529 3930 2616 3966 seu
2649 3915 2749 3967 eo-

1686 3992 1830 4043 riolis
1874 3999 2041 4041 ortum
2086 3991 2245 4041 tradit
2297 3992 2746 4044 Halicarnasseus.

1683 4070 1787 4120 Sed
1812 4070 2000 4121 Corioli
2020 4069 2321 4119 Volscorum
2345 4069 2515 4135 fuere,
2540 4071 2627 4138 qni
2649 4071 2746 4121 boc

1688 4155 1921 4212 tempore
1960 4145 2194 4196 distincti
2228 4161 2259 4195 a
2287 4146 2508 4197 Latinis.
2572 4149 2746 4201 Quare

1686 4223 2006 4290 probabilius
2044 4225 2242 4274 Noster
2278 4222 2553 4276 Aricinum
2591 4224 2746 4275 fuisse

1681 4302 1775 4354 ait.
1841 4302 1928 4352 De
1948 4301 2119 4352 Aricia
2134 4315 2225 4352 nos
2248 4299 2388 4352 infra
2409 4303 2445 4353 Ι.
2467 4316 2557 4355 ιιι.
2579 4305 2717 4354 ο.71.
