3034 4925
1141 417 1599 474 maronica.
1753 419 1765 432 ·
2333 407 2477 479 lm

280 571 516 624 ι”’
741 569 1973 639 U.‘..⁷...0693A05901.01.xxx.·.2

283 689 418 751 C.
445 688 653 751 Julius
682 691 903 764 Caesar,
928 691 1028 754 Μ.
1063 689 1427 771 Calpurnius
1446 691 1730 753 Bibulus.
1774 691 1967 772 Leges
1990 691 2026 752 J
2034 689 2189 767 uhoe
2212 698 2464 786 agraria,

267 785 343 846 de
368 787 694 868 provinciis
722 787 1068 849 ordinandis
1100 798 1163 848 et
1189 788 1265 849 de
1287 800 1449 869 repet
1640 834 1654 850 .
1739 790 1807 850 P.
1832 788 2113 865 Clodius,
2133 809 2171 853 a
2196 792 2271 855 P.
2302 794 2462 856 Fon-

266 884 408 946 teio
433 884 775 965 adoptatus,
805 906 838 947 a
875 887 946 947 C.
980 884 1284 947 Herennio
1324 899 1386 947 et
1435 887 1541 946 Cae
1577 905 1676 947 are
1715 886 1792 947 ad
1834 888 2069 971 plebem
2109 888 2475 954 traducitur.'

267 983 333 1043 L.
363 983 551 1044 Vettii
580 984 790 1045 indicis
818 986 1006 1046 turboe
1033 995 1095 1047 et
1122 1004 1298 1047 mors.
1383 984 1455 1045 P.
1482 985 1719 1047 Vatinii
1735 984 2069 1046 tribunatus
2097 996 2160 1046 et
2198 985 2361 1068 leges
2386 987 2464 1050 de

265 1081 608 1161 repetundis
647 1081 848 1162 deque
888 1081 1106 1143 Galliis
1151 1102 1285 1142 cum
1334 1081 1572 1163 Illyrico
1618 1083 1675 1142 in
1723 1083 2195 1163 quinquennium
2235 1085 2464 1147 Caesari

269 1177 678 1242 decernendis.
763 1180 1129 1241 Macedonia
1159 1193 1197 1240 a
1223 1179 1298 1242 C.
1329 1179 1581 1241 Octavio
1608 1179 1762 1240 bene
1790 1179 2221 1243 administrata.

733 1374 809 1433 U.
839 1374 913 1434 C.
945 1373 1086 1434 694.
1131 1372 1208 1435 A.
1241 1372 1317 1432 C.
1345 1374 1446 1433 58.
1491 1372 1591 1432 Ol.
1620 1390 1875 1433 cmxxx.
1911 1374 1967 1433 3.

277 1501 282 1512 '
347 1488 427 1550 L.
462 1488 827 1568 Calpurnius
871 1489 1024 1549 Piso
1063 1488 1432 1562 Caesoninus,
1488 1486 1750 1548 Caesaris
1792 1506 1981 1561 socer,
2027 1487 2114 1549 A.
2148 1487 2467 1549 Gabinius.

266 1584 364 1664 (V.
397 1586 474 1648 ad
508 1607 564 1648 a.
593 1587 665 1647 U.
687 1588 856 1664 685.)
883 1585 956 1646 P.
990 1585 1188 1647 Clodii
1216 1585 1459 1647 Pulchri
1489 1587 1827 1646 tribunatus
1857 1595 1921 1648 et
1945 1586 2129 1665 legeS.
2215 1584 2470 1646 Exilium

269 1677 594 1747 Ciceronis.
678 1684 941 1745 Proetura
979 1684 1043 1746 1..
1077 1683 1320 1743 Domitii
1354 1682 1756 1756 Ahenobarbi,
1789 1683 1863 1742 C.
1888 1682 2157 1744 Memmii
2188 1682 2473 1766 Gemelli,

268 1782 335 1842 L.
365 1782 574 1854 Flavii,
606 1783 672 1843 L.
703 1784 962 1866 Cornelii
995 1781 1227 1842 Lentuli
1251 1781 1465 1841 Cruris
1494 1793 1555 1841 et
1575 1780 1658 1840 ·P.
1690 1779 1914 1861 Nigidii
1946 1780 2161 1861 Figuli.
2247 1781 2338 1843 M.
2367 1767 2471 1839 AEss

268 1878 409 1939 milii
455 1878 662 1939 Scauri
699 1879 977 1954 aedilitas,
1017 1880 1310 1940 theatrum
1342 1889 1404 1939 et
1443 1878 1593 1940 ludi.
1680 1879 1755 1940 A.
1786 1879 1859 1939 C.
1887 1879 2101 1940 58-49.
2144 1898 2239 1939 res
2266 1897 2303 1940 a
2331 1881 2467 1941 Coe-

270 1996 397 2036 sare
420 1976 482 2035 in
513 1975 758 2047 Galliis,
788 1975 1110 2037 Germania
1130 1985 1194 2037 et
1224 1976 1532 2037 Britannia
1555 1984 1745 2057 gestoe
1774 1975 1912 2037 adv.
1949 1976 2324 2051 Ariovistum,
2354 1978 2468 2038 Or·-

270 2075 617 2154 getorigem,
658 2069 1105 2157 Dumnorigem,
1158 2073 1558 2154 Cativolcum‚
1614 2073 2039 2154 Ambiorigem,
2090 2073 2468 2137 Cassivelau-

270 2191 430 2246 num,
460 2171 1031 2253 Vercingetorigem,
1061 2172 1414 2247 Commium,
1439 2171 1499 2233 al
1504 2172 1871 2234 e—Orbilius
1899 2170 2173 2253 Pupillus
2199 2172 2477 2238 Gramm.‘

759 2369 834 2430 U.
867 2368 938 2428 C.
966 2369 1110 2429 695.
1148 2369 1223 2429 A.
1254 2368 1329 2444 C.
1359 2371 1461 2431 57.
1504 2367 1608 2440 Ol.
1640 2384 1903 2430 cmxxx.
1925 2370 1988 2428 4.
2032 2413 2037 2419 .
2078 2415 2083 2420 .
2464 2409 2476 2423 .

350 2484 439 2544 Ρ.
476 2483 789 2545 Cornelius
816 2483 1116 2545 Lentulus
1164 2484 1475 2564 Spinther,
1524 2485 1599 2555 Q.
1630 2482 1911 2545 Caecilius
1940 2480 2228 2542 Metellus
2252 2481 2471 2561 Nepos.

165 2635 170 2639 .
275 2581 580 2642 Ciceronis
615 2580 864 2643 reditus.
949 2580 1183 2663 Cyprus
1235 2579 1564 2641 Ptolemaeo
1617 2590 1822 2659 erepta
1856 2580 2003 2657 lege
2039 2576 2256 2638 Clodia
2301 2596 2338 2639 a
2381 2577 2473 2639 Μ.

273 2680 503 2740 Catone
552 2689 831 2759 propraet.
916 2677 1183 2758 Pompeii
1230 2676 1569 2756 procuratio
1617 2673 2000 2735 frumentaria
2043 2692 2179 2734 cum
2224 2674 2472 2754 imperio

272 2777 523 2838 infinito.
632 2776 833 2837 Clodii
888 2774 1304 2835 contentiones
1360 2784 1625 2834 cruente
1673 2791 1808 2833 cum
1855 2771 2111 2837 tribunis
2158 2771 2243 2853 pl.
2301 2756 2507 2834 Cice--

273 2877 396 2937 roni
423 2875 785 2947 faventibus,
811 2873 886 2934 T.
914 2874 1113 2933 Annio
1140 2871 1394 2945 Milone,
1432 2872 1502 2942 P.
1533 2869 1763 2942 Sextio,
1799 2870 1874 2929 C.
1902 2867 2174 2940 Cestilio,
2215 2868 2479 2930 ucis..

274 2974 389 3054 pio,
430 2973 508 3035 T.
542 2971 731 3033 Fadio
767 2970 974 3043 Gallo,
1015 2970 1122 3031 Μ’.
1154 2970 1358 3044 Curio,
1402 2969 1479 3040 Q.
1529 2966 1822 3042 Fabricio,
1860 2967 1936 3027 C.
1961 2964 2205 3027 Messio.
2288 2966 2365 3029 A.
2397 2966 2476 3030 C.

273 3075 372 3133 57.
401 3070 477 3133 ad
519 3073 614 3131 17.
643 3090 702 3151 p.
734 3069 807 3133 G.
838 3090 902 3129 n.
932 3069 1001 3129 T.
1034 3068 1256 3131 Livius.

761 3272 837 3334 U.
860 3273 936 3335 C.
964 3272 1106 3332 696.
1148 3272 1224 3331 A.
1250 3269 1322 3329 C.
1352 3270 1455 3330 56.
1510 3268 1610 3329 Ol.
1636 3286 1929 3330 chxxx.
1966 3270 2021 3328 l.

360 3393 464 3453 Cn.
509 3388 827 3453 Cornelius·
863 3383 1165 3448 Lentulus
1211 3384 1628 3456 Marcellinus,
1678 3382 1754 3444 L.
1801 3381 2079 3443 Marcius
2118 3379 2475 3459 Philippus.

279 3489 469 3549 Clodii
493 3488 750 3549 oedilitas
777 3504 904 3546 cur.
948 3501 1221 3563 novaque
1248 3481 1571 3542 molimina.
1659 3478 1953 3540 Reductio
1984 3476 2290 3537 Ptolemaei
2318 3475 2475 3554 regis

281 3585 564 3667 AEgyptii,
611 3604 649 3644 a
695 3584 770 3644 C.
817 3582 1033 3645 Porcio
1072 3581 1304 3640 Catone
1332 3579 1467 3640 trib.
1497 3579 1585 3659 pl.
1626 3592 1688 3639 et
1731 3587 1942 3637 senatu
1990 3573 2294 3656 impedita,
2324 3592 2361 3633 a
2400 3573 2479 3635 P

282 3684 528 3744 Lentulo
553 3692 616 3744 et
639 3680 926 3760 Pompeio
963 3679 1183 3739 frustra
1223 3677 1508 3756 expetita,
1535 3690 1598 3736 et
1640 3676 1715 3735 ab
1744 3674 1816 3734 A.
1849 3671 2128 3745 Gabinio,
2167 3689 2344 3750 quem
2373 3687 2477 3729 rex

279 3793 644 3862 corruperat,-
639 3779 944 3860 perfecta.
1031 3773 1408 3836 Macedonia
1438 3793 1475 3833 a
1526 3774 1593 3835 L.
1641 3772 1864 3832 Pisone
1903 3789 2066 3850 proc.
2109 3782 2171 3829 et
2198 3766 2373 3848 Syria
2398 3768 2479 3829 ab

281 3880 353 3939 A.
384 3878 641 3941 Gabinio
666 3896 832 3959 proc.
860 3873 1015 3936 male
1044 3872 1470 3935 administrata.
1555 3874 1631 3930 A.
1664 3870 1736 3929 C.
1766 3870 1985 3943 56·3’7.τ
2026 3864 2263 3928 Orodes
2289 3885 2341 3941 1,-

677 4059 766 4121 U..
787 4057 860 4118 C.
891 4057 1032 4121 697.
1075 4055 1149 4116 A.
1183 4056 1255 4120 C.
1285 4057 1387 4117 55.
1433 4051 1533 4117 ol.
1567 4066 1860 4115 chxxx.
1889 4049 1951 4113 2.

291 4216 300 4222 -
361 4172 470 4235 Cn.
502 4171 826 4250 Pompeius
847 4170 1108 4249 Magnus
1137 4169 1229 4234 II.
1276 4170 1376 4231 M.
1406 4167 1687 4231 licinius
1707 4164 1957 4229 Crassus.
1982 4159 2165 4223 Dives
2190 4160 2282 4225 ῙῙ.
2365 4159 2479 4221 Le-

287 4266 1178 4357 ges.1?oq=ppiae,judiciaria.ao
1206 4265 1282 4335 de
1311 4262 1641 4347 parricidiis
1666 4282 1684 4332 3
1729 4258 2132 4347 et.Trebonia‚
2161 4276 2198 4325 a
2227 4255 2305 4325 0..
2334 4255 2481 4323 Tre-,-

336 4350 346 4361 1
410 4382 587 4448 Delpls.
611 4389 658 4433 el
687 4382 803 4434 Ver.
825 4383 955 4432 ctas.
1391 4376 1577 4427 Liuius.
2292 4368 2345 4417 N
