3034 4925
1053 383 1198 433 mn.
1247 386 1295 432 1.
1339 385 1500 435 cu».
1542 370 1650 437 34.
2310 383 2443 480 273

237 540 542 601 monem,
563 523 762 589 exule
788 524 1051 594 advena
1077 534 1314 610 ortum,
1339 531 1512 599 ferre
1543 534 1995 618 indigtfitatem
2022 558 2158 609 non
2177 549 2440 632 potuit3

237 625 608 711 oblitaque
637 628 948 712 ingenitas
976 649 1135 716 erga
1168 634 1457 718 patriam
1486 639 1810 722 caritatis,
1826 640 2198 713 dummodo
2226 650 2441 718 virum

235 727 657 797 honoratum
683 732 958 814 videret,
987 737 1338 804 consilium
1355 741 1691 824 migrandi
1715 745 1801 809 ab
1829 745 2211 834 Tarquiniis
2239 757 2441 839 cepit.

243 832 487 900 Roma
508 842 612 901 est
639 836 725 902 ad
751 837 826 903 id
850 840 1277 924 potissimum
1297 851 1351 882 ¹0
1386 842 1588 912 visa!
1667 846 1750 913 In
1794 868 1971 917 novo
2010 855 2289 939 populo,
2321 861 2441 928 ubi

239 938 478 1003 omnis
521 940 860 1025 repentina
901 950 1105 1030 atque
1141 965 1229 1012 ex
1257 947 1506 1015 virtute
1535 951 1851 1019 nobilitas
1889 955 1997 1031 sit,
2026 957 2324 1028 futurum
2342 964 2444 1030 lo-

240 1059 412 1105 cum
436 1040 594 1108 forti
616 1061 700 1109 ae
722 1050 986 1113 strenuo
1004 1049 1149 1115 viro
1170 1067 1187 1114 ε
1214 1071 1526 1137 regnasse
1544 1054 1811 1123 Tatium
1829 1058 2151 1128 Sabinum
2172 1085 2189 1130 t
2222 1084 2447 1135 arces-

241 1144 464 1225 situm
505 1146 577 1210 in
619 1165 894 1232 regnum
943 1148 1239 1219 Numam
1283 1175 1328 1221 a
1383 1155 1710 1224 Curibusz
1753 1166 1824 1226 et
1870 1163 2136 1230 Ancum
2187 1167 2446 1236 Sabina

240 1254 471 1339 matre
489 1251 539 1285 ¹¹
601 1256 838 1331 ortum,
895 1255 1324 1345 nobilemque
1381 1280 1520 1328 una
1569 1262 1862 1348 imagine
1920 1266 2167 1335 Numae
2184 1278 2212 1317 ⁸
2269 1292 2445 1342 esse.

244 1350 500 1418 Facile
546 1358 989 1438 persuadet,¹⁸
1039 1365 1117 1426 ut
1156 1362 1405 1449 cupido
1450 1363 1793 1447 bonorum,
1842 1375 1914 1436 et
1960 1372 2070 1437 cui
2099 1372 2445 1461 Tarquinii

239 1462 557 1525 materna
585 1464 836 1527 tautum
867 1464 1093 1547 patria
1122 1472 1322 1534 esset.
1410 1468 1712 1537 Sublatis
1738 1472 1966 1559 itaque
1982 1477 2179 1542 rebus
2194 1490 2236 1517 ⁸·
2263 1499 2445 1546 eom-

240 1558 539 1643 migrant
567 1555 882 1631 Romam.
966 1565 1079 1634 Ad
1122 1570 1515 1647 Janiculum
1552 1573 1745 1642 forte·
1769 1584 2040 1644 ventum
2088 1586 2248 1647 erat.
2337 1582 2448 1649 Ibi

241 1662 342 1741 ei,
374 1671 691 1750 carpento
719 1669 978 1738 sedenti
992 1681 1022 1709 ⁸
1056 1693 1213 1740 cum
1240 1695 1469 1760 uxore,
1500 1678 1750 1764 aquila,
1780 1683 2125 1770 suspensis
2154 1684 2450 1752 demissa

318 1839 362 1864 ¹·
401 1809 1453 1907 emacem-vammes‘wabomioem.
1582 1857 1610 1882 ¹·
1643 1849 2394 1907 &maumam

1187 1989 1553 2015 ‘cumaeae

245 2077 393 2131 libb.
409 2079 539 2158 Μῦς.
561 2083 901 2140 confirmant?
929 2087 1167 2154 During.
1215 2091 1353 2143 Vide
1371 2092 1506 2145 iufra
1528 2100 1585 2147 et
1608 2095 1736 2148 Not.
1759 2096 2013 2149 Van—lo
2033 2098 2255 2152 Quidam
2274 2113 2453 2151 emcn-

248 2145 393 2195 dant
408 2149 669 2209 poemia«,
691 2152 773 2201 vel
794 2152 1059 2217 aptissivna,
1078 2157 1161 2206 vel
1182 2158 1321 2211 lecta.
1377 2160 1656 2224 Vulgatum
1679 2160 1886 2213 defendi
1912 2178 2063 2228 posse
2089 2172 2237 2228 putat
2259 2166 2453 2220 Bauer.

246 2236 312 2246 -—
327 2214 392 2286 ll
417 2214 433 2239 ‘
452 2211 611 2288 Fsorte
633 2215 738 2280 leg.
759 2218 937 2269 Sabino
965 2227 1102 2284 putre
1121 2236 1236 2272 cum
1261 2223 1434 2275 Perit.
1455 2225 1628 2277 Anim.
1652 2227 1795 2278 Hist.
1818 2243 1864 2279 c.
1887 2228 1956 2278 a:
1987 2229 2318 2293 lupera—12
2335 2240 2350 2262 ⁸
2364 2230 2450 2283 ΑΙ.

249 2275 431 2326 Fac-tle
443 2292 546 2328 mro
557 2283 824 2348 madet,
837 2299 990 2351 quam
1016 2301 1195 2338 vocem
1218 2286 1475 2355 adjectam
1495 2300 1640 2358 puto,
1660 2302 1721 2344 ut
1741 2294 1933 2344 certius
1955 2294 2273 2361 intelligatur
2286 2297 2456 2362 cupido

1247 2419 1299 2473 N
1306 2420 1470 2473 01·AE

246 2505 367 2558 Sed
411 2509 549 2573 quod
603 2479 896 2568 Gronovius
935 2517 1152 2584 conjicit
1203 2519 1318 2571 haec
1395 2521 1572 2572 sineret
1624 2513 1734 2574 ι’·ιιιιι
1784 2521 2107 2589 ἐπικυρώσειε
2161 2538 2312 2589 quam
2353 2537 2455 2590 ego

248 2598 381 2641 curn
414 2587 767 2654 superioribus
809 2591 885 2643 ita
934 2607 1051 2644 esse
1104 2596 1318 2662 eonjuu·
1397 2598 1709 2663 scripturam
1732 2612 1835 2649 uon
1871 2613 2009 2663 aegre
2047 2600 2237 2650 ceteris
2258 2612 2458 2665 proetu·

250 2662 451 2726 genda.
483 2670 543 2715 ut
563 2666 834 2731 legendum
856 2669 923 2720 sit
950 2686 1006 2722 ea
1024 2686 1132 2737 que
1148 2673 1319 2738 innup-

250 2738 423 2803 sisset,
442 2740 617 2805 (quasi
639 2753 777 2796 esset
797 2761 878 2797 eas
895 2763 975 2798 res
993 2749 1046 2799 in
1066 2765 1183 2814 quus
1200 2765 1321 2814 anp-

250 2814 451 2880 sium)
484 2831 584 2868 non
604 2834 662 2870 ca
680 2820 764 2887 (id
786 2830 885 2889 est,
905 2825 1183 2892 Tanaquil)
1214 2841 1322 2877 cass

256 2892 576 2956 ἐπικρῆσαι,
601 2895 656 2947 id
679 2911 779 2963 ego
799 2913 903 2950 non
926 2902 1134 2958 omnino
1166 2909 1323 2954 extra

252 2970 431 3020 aleam
455 2979 600 3035 puto.
654 2974 808 3026 Licet
829 2976 965 3026 enim
983 2978 1178 3043 optimc
1199 2993 1324 3030 con·

253 3054 419 3111 gruat
446 3050 722 3101 sententio
744 3065 897 3116 quam
938 3066 1005 3102 cx
1038 3054 1134 3104 bac
1172 3054 1323 3106 lecti-

253 3138 363 3174 one
386 3125 555 3184 eruit,‚
565 3140 754 3193 nempe
776 3128 1116 3195 Tanaquilcm
1154 3129 1208 3180 in
1230 3131 1323 3181 do-

253 3215 370 3263 mo,
417 3201 470 3250 in
530 3218 685 3268 quam
717 3207 994 3269 nupsisset,
1029 3221 1132 3258 non
1166 3206 1324 3261 facile

255 3292 531 3343 passurm
568 3280 764 3331 minora
795 3282 861 3333 iis
894 3284 947 3334 in
981 3285 1165 3349 quibus
1201 3295 1327 3337 nata

256 3362 401 3418 erat,
435 3370 538 3406 nou
582 3363 753 3408 tamen
793 3360 1035 3425 loquendi
1070 3363 1186 3415 haec
1220 3363 1324 3414 for-

255 3428 368 3492 ma,
404 3432 631 3495 ‘aliquid
654 3436 945 3501 innubere:
975 3439 1068 3490 'vel
1108 3443 1124 3470 ‘
1150 3442 1326 3492 mulie·

259 3523 376 3560 rem
420 3508 668 3561 innubere
698 3512 941 3578 domum,'
972 3517 990 3545 ‘
1014 3518 1325 3583 gentemve‚'

259 3586 392 3636 mibi
420 3587 620 3650 probari
645 3596 839 3654 potest,
882 3592 1050 3645 donec
1081 3595 1325 3648 idoneum

260 3667 377 3729 ejas
418 3667 709 3730 exemplum
749 3669 1069 3733 profer-stura
1112 3687 1329 3737 praescr·

261 3742 359 3791 tim
386 3755 505 3793 cum
542 3756 638 3794 nec
680 3754 915 3810 praeesnt
950 3749 1080 3800 Mas.
1124 3756 1180 3800 et
1212 3765 1330 3800 sen·

263 3818 439 3871 teutia
475 3820 670 3886 alioqui
701 3823 895 3886 optime
934 3832 1171 3878 constet:
1219 3827 1331 3877 sive

264 3897 529 3959 vulgatam
574 3898 1043 3963 interpunctionem
1085 3904 1330 3955 admitta-

266 3987 409 4033 mus,
424 3980 507 4035 ut,
519 3989 577 4024 ea
590 3990 700 4026 cm,
716 3977 1020 4043 innupsisset,
1041 3980 1241 4045 periodi
1260 3981 1328 4032 sit

264 4050 497 4112 initium,
531 4059 586 4102 et
610 4067 912 4119 pronomen,
944 4072 1018 4123 eu,
1050 4072 1146 4123 pro
1163 4059 1331 4112 Taua·

267 4128 413 4193 quile
433 4136 706 4193 sumatur-3
743 4131 851 4183 sive
880 4148 947 4184 ex
986 4135 1331 4199 precedenti·

246 4206 366 4267 ‚bus
396 4206 628 4270 pendere
666 4207 900 4272 velimus,
929 4209 1104 4261 deleto
1145 4212 1233 4274 τᾷ,
1253 4227 1331 4276 ea,

269 4297 392 4333 cum
415 4284 651 4335 Florent-
684 4285 815 4342 Cod.
856 4293 912 4337 ut
951 4287 1041 4352 sit,
1078 4287 1331 4340 humiliora

1395 2674 1574 2725 lerini:
1604 2675 1640 2736 i,
1662 2689 1764 2728 non
1783 2673 2030 2726 iuferiora
2053 2682 2343 2726 secuturam
2367 2675 2458 2728 ubi

1398 2752 1675 2816 nupsisset.
1733 2752 1978 2803 Ceterum
1998 2759 2014 2783 ⁶
2037 2752 2290 2804 innubere
2305 2752 2319 2775 ⁹
2342 2767 2458 2818 pro·

1400 2829 1514 2894 prie
1530 2836 1613 2880 est
1635 2828 1691 2878 in
1713 2828 1918 2879 domum
1943 2828 2040 2891 viri
2063 2830 2300 2880 transire.
2358 2831 2461 2880 Re·

1398 2903 1561 2969 spicit
1575 2905 1712 2955 enim
1728 2903 1973 2957 familiam
1984 2906 2035 2956 in
2054 2921 2207 2972 quam
2219 2906 2461 2959 mulieres

1401 2980 1578 3031 nnben
1602 2981 1928 3046 demigrant:
1954 2988 2012 3033 ut
2034 2984 2051 3012 ⁴
2068 2982 2324 3035 enubere’
2342 2999 2460 3036 eam

1402 3071 1469 3106 ex
1492 3072 1591 3124 qua
1612 3072 1708 3122 per
1728 3058 1938 3123 nuptias
1974 3068 2203 3128 exeunt?
2238 3069 2294 3111 et
2317 3062 2462 3127 prius

1402 3133 1516 3185 fere
1535 3135 1587 3184 iu
1605 3135 1867 3187 meliorem
1887 3142 2112 3200 partem,
2126 3139 2385 3203 posterius
2407 3140 2462 3192 in

1404 3208 1719 3261 deteriorem
1743 3210 2022 3276 accipitur.

1470 3287 1489 3323 s
1515 3289 1598 3340 Aa
1640 3289 1693 3339 id
1714 3288 2019 3354 potissimam
2050 3287 2181 3353 visa]
2229 3289 2465 3344 Gronov.

1400 3366 1677 3430 potissima.-
1712 3372 1877 3428 recte,
1915 3365 1959 3414 si
1982 3364 2117 3415 adsit
2143 3375 2325 3418 auctor
2346 3369 2463 3433 ejus

1405 3444 1736 3508 scriptionis:
1774 3442 1964 3505 alioqui
1989 3444 2093 3492 visa
2116 3443 2246 3491 sumi
2267 3445 2466 3508 poterit

1405 3533 1501 3584 pro
1538 3521 1792 3585 inspecta,
1835 3526 2094 3583 spectata,
2139 3533 2256 3583 quae
2290 3534 2362 3570 sc.
2395 3522 2466 3570 ob

1406 3598 1584 3646 oculos
1603 3596 1868 3660 praeripue
1893 3603 2205 3651 versaretur,
2228 3596 2373 3660 quasi
2398 3596 2466 3648 ad

1408 3671 1729 3736 propositum
1752 3671 1974 3721 maxime
1997 3670 2204 3720 idonea.

1473 3756 1500 3792 s
1536 3748 1646 3798 Una
1677 3747 1888 3810 imagine
1912 3746 2109 3811 Nsmoe]
2154 3747 2283 3797 Cum
2306 3753 2466 3800 stem-

1407 3838 1490 3876 ma
1509 3839 1657 3874 snum
1681 3838 1783 3874 nou
1818 3823 1919 3873 alia
1944 3823 2165 3887 imagine
2201 3826 2467 3882 illustrare

1408 3912 1606 3968 posset,
1646 3916 1798 3969 quam
1844 3902 2033 3952 Numae
2083 3901 2166 3952 avi
2225 3909 2466 3972 materni.

1410 3980 1605 4032 Notum
1638 3985 1809 4029 autem
1849 3977 2135 4028 nobilitatis
2169 3979 2365 4031 indices
2386 3980 2468 4033 su-

1408 4057 1508 4108 isse
1540 4056 1791 4120 majorum
1822 4054 1910 4118 qui
1948 4055 2278 4119 magistratus
2302 4057 2467 4107 Curu-

1408 4134 1485 4184 les
1524 4133 1800 4198 gessissent
1820 4130 2066 4196 imagines
2103 4132 2154 4184 in
2194 4135 2325 4187 atrio
2360 4134 2468 4187 dis·
2500 4132 2507 4136 ’

1410 4210 1616 4275 positas.
