3034 4925
1050 358 1198 408 mn.
1244 358 1297 407 ι.
1342 357 1503 426 oar.
1548 343 1668 409 56..
2313 347 2448 418 335

186 493 441 569 terris
468 502 808 570 oraculum
837 502 1102 572 mittere
1135 505 1394 572 statuit.
1485 504 1726 590 Neque
1770 525 2085 591 responsa
2127 507 2400 577 sortium
2420 519 2446 548 ‘²

185 606 375 671 ulli
403 607 523 673 alii
551 609 965 676 committere
995 630 1221 691 ausuS,
1266 609 1442 676 duos
1491 609 1673 674 filios
1724 630 1840 695 per
1871 612 2142 695 ignotas
2172 633 2256 680 ea
2281 620 2464 681 tem-.

193 716 514 794 pestate
543 718 773 792 terras,
801 714 1135 799 ignotiora
1172 715 1409 793 maria,
1463 713 1532 778 in
1576 713 1911 784 Graeciam
1960 718 2160 782 misit.
2245 718 2467 786 Titus·

192 819 293 877 et
334 812 569 880 Arnus
595 816 892 900 profecti.
980 816 1233 884 Comes
1281 819 1385 884 bis
1429 817 1700 884 additus
1741 820 1820 885 L.
1847 819 2098 887 Junius
2130 820 2440 902 Brutus,‘¹

199 915 616 1003 Tarquinia
657 940 885 987 sorore
923 924 1099 1006 regis
1144 928 1383 996 natue,⁸
1418 922 1701 1007 juvenis
1731 924 1920 1008 longe
1949 925 2124 992 alius
2150 926 2444 1010 ingenio,

196 1041 449 1105 quam
479 1024 680 1109 cujus
709 1026 1206 1092 simulationem
1235 1025 1587 1092 induerat-⁸
1675 1025 1776 1106 Is,
1814 1048 1968 1103 oum
1993 1030 2316 1113 primores
2347 1031 2444 1096 ci-

196 1127 505 1207 vitatis,
533 1129 602 1193 in
643 1128 898 1213 quibus
947 1128 1224 1195 fratrem
1251 1149 1447 1195 suum
1498 1131 1587 1195 ab
1639 1131 1980 1197 avunculo
2030 1133 2444 1200 interfectum

200 1229 574 1310 audisset,
613 1251 830 1317 neque
859 1233 928 1298 in
974 1234 1197 1298 animo
1232 1251 1361 1298 suo
1385 1232 1755 1318 quicquam
1775 1236 1914 1319 regi
1949 1235 2441 1316 timendum,ne-

202 1351 377 1417 que
409 1333 479 1398 in
518 1332 784 1402 fortuna
829 1333 1451 1421 concupiscendum
1472 1336 1842 1422 relinquere
1874 1340 2118 1416 statuit,
2145 1346 2444 1405 contem·

204 1443 453 1522 tuque
472 1444 523 1477 ¹¹
565 1445 751 1507 tutus
783 1460 959 1523 esse,
989 1441 1109 1507 ubi
1137 1441 1377 1527 injure
1407 1460 1642 1526 parum
1670 1441 1972 1528 praesidii
1999 1442 2223 1509 essetf
2267 1441 2441 1525 Ergo

232 1682 243 1688 -
280 1636 319 1674 ¹·
357 1640 1552 1708 Mnlmaieauabmmeniiofflomsodprae
1571 1643 1769 1705 sefer-re
1787 1644 2115 1696 constituerat.

282 1702 305 1737 ὖ
345 1705 445 1755 lue
475 1722 581 1756 cuns
612 1706 671 1756 ab
691 1709 860 1759 matris
879 1710 1152 1771 suoesratre
1185 1709 1357 1759 occisos
1377 1724 1476 1759 esse
1496 1710 1629 1760 urbis
1648 1712 1826 1774 γήμειέ

1826 1725 1893 1772 es,
1920 1716 2061 1774 utque
2080 1708 2209 1759 inter
2228 1723 2308 1759 eos
2323 1722 2441 1771 ger·

203 1783 431 1820 manant
463 1786 600 1821 susus
632 1775 940 1836 cognovisset,
986 1774 1193 1825 decrevit
1223 1773 1348 1825 nihil
1375 1775 1468 1824 sibi
1499 1777 1733 1839 reliquum
1756 1776 1941 1837 sacre,
1961 1781 2047 1825 ast
2066 1776 2120 1825 in
2141 1776 2298 1824 caino
2316 1773 2442 1837 qnod

206 1850 320 1886 rex
363 1841 592 1901 metuere,
611 1840 799 1890 deberet
830 1847 916 1891 cut
936 1843 988 1889 in
994 1839 1329 1902 lacunalibus,
1358 1842 1481 1905 quod
1500 1841 1626 1891 iden
1644 1848 1797 1906 posset
1817 1846 2034 1906 oppetere
2051 1858 2069 1891 .·
2101 1847 2151 1891 et
2169 1855 2275 1902 caps
2294 1839 2441 1889 auxi·

206 1901 279 1949 lii
316 1916 456 1965 spem
476 1903 660 1965 exjsre
679 1906 856 1956 nullm
874 1906 1087 1972 haberet,
1116 1906 1418 1981 securitatem
1443 1913 1604 1971 petere
1626 1923 1687 1956 ex
1723 1923 1776 1958 eo
1812 1907 1912 1971 ipso
1949 1908 2073 1971 quod
2099 1904 2443 1956 contemtibilis
2537 1983 2542 1988 ι

210 1968 506 2019 mamm.

1228 2085 1441 2138 1³01·AE

211 2197 446 2263 tiusqne
473 2196 694 2250 Graeciae
729 2198 893 2250 ferme
916 2198 1176 2258 umbilico,
1199 2198 1305 2250 fuit
1376 2199 1552 2265 potius
1574 2199 1713 2267 quod
1734 2214 1827 2265 per
1847 2214 1905 2251 se
1924 2200 2164 2263 obseura,
2187 2215 2254 2251 ex
2276 2207 2439 2267 sorte,

212 2274 357 2328 urbs
377 2275 584 2340 Delphi,
596 2276 647 2326 in
663 2278 877 2328 australi
889 2276 1134 2327 Parnassi
1154 2291 1301 2330 mon-

215 2352 294 2402 tis
332 2353 531 2424 latere,
549 2355 662 2404 loco
685 2354 827 2405 edito
859 2354 979 2420 sita,
1004 2358 1085 2404 lo.
1108 2354 1301 2404 stadio·

215 2444 348 2482 rum
374 2429 587 2483 ambitu.
655 2432 776 2484 Fuit
798 2432 851 2483 in
883 2447 948 2483 es
975 2431 1105 2483 urbe
1124 2430 1300 2482 fanum

218 2508 465 2560 donariis
501 2511 978 2577 opulentissimum3
1011 2512 1159 2579 cujus
1186 2511 1300 2562 the-

220 2585 379 2637 sauri
413 2587 600 2653 saepius
637 2594 745 2638 turn
779 2589 845 2639 ab
884 2589 1017 2651 aliis,
1037 2596 1144 2641 tum
1169 2604 1298 2654 prae-

220 2664 416 2715 sertim
442 2679 472 2713 a
494 2664 661 2715 Gallis
693 2665 908 2730 direpti,
929 2680 1146 2732 quorum
1181 2679 1298 2730 pars

216 2755 335 2791 non
381 2743 588 2807 minima
627 2745 864 2794 Tolosam
900 2744 1112 2795 delata:
1161 2742 1300 2794 unde

219 2826 238 2847 ‘
252 2834 473 2869 aurum·
494 2820 847 2871 Tolosanum?
921 2816 1298 2871 Celebrabatur

221 2897 466 2954 oraculo,
519 2897 659 2963 quod
724 2897 870 2949 initio
925 2897 1127 2947 Telluri
1180 2908 1298 2948 cum

222 2974 485 3037 Neptuno
525 2989 792 3026 commune
845 2973 1003 3026 fuisse
1048 2988 1297 3025 memora·

225 3060 315 3104 tur
334 3069 351 3104 t
391 3059 577 3118 postea
596 3069 712 3104 curn
732 3055 1007 3121 Neptunus
1031 3061 1180 3121 parte
1204 3068 1298 3105 sua

227 3131 500 3194 cessisset,
543 3146 573 3181 a
613 3132 822 3183 'teliore
859 3132 1095 3182 'l'bemidi
1138 3131 1295 3183 dona·

227 3213 374 3268 turm
408 3222 440 3256 a
479 3222 579 3272 qua
609 3208 817 3259 tandem
851 3207 1038 3274 Apollo
1073 3210 1295 3275 accepit.

225 3284 397 3336 Plura
421 3285 486 3335 de
520 3284 598 3334 bis
631 3284 792 3336 babes
829 3284 969 3351 apud
988 3286 1297 3338 Strabonem

227 3364 320 3415 lib.
368 3376 455 3414 rx.
499 3369 556 3413 et
596 3364 908 3414 Pausaniam
943 3365 998 3414 in
1030 3364 1295 3417 Phocicis.

230 3441 404 3494 Locus
439 3441 584 3502 Der
605 3441 774 3492 adbuc
798 3441 991 3492 dicitur
1010 3442 1296 3494 secundum

228 3520 497 3586 quosdam.
562 3520 727 3584 Nigro
762 3518 944 3570 Salona
983 3520 1294 3585 appellatur,

230 3601 319 3664 qui
342 3599 514 3649 vicum
538 3613 673 3648 nunc
693 3611 806 3648 esse
827 3599 901 3647 ait
923 3598 974 3646 in
1000 3597 1224 3661 planicie
1245 3602 1295 3650 9.

231 3677 533 3729 milliaribus
579 3693 609 3729 a
648 3679 763 3728 sinu
799 3676 1153 3742 Corinthiaco,
1197 3674 1294 3726 So-

231 3755 418 3820 pbiano
441 3763 521 3805 est
541 3756 722 3806 Castri.

291 3842 315 3870 θ
336 3834 584 3898 Responsa
597 3834 822 3899 sortium]
846 3834 1112 3883 Dicuntur
1129 3837 1295 3883 sortes

235 3923 328 3976 pro
372 3909 660 3976 responsis,
684 3926 778 3962 sen
820 3910 1297 3974 vaticinationibus,

234 4003 346 4056 quae
381 3987 769 4039 consulentibus
808 3988 1017 4038 oracula
1069 3987 1295 4038 edeban-

238 4072 319 4116 tur
351 4080 380 4115 a
411 4066 533 4116 Diis
567 4065 867 4119 Deorumve
899 4065 1295 4116 sacerdotibus:

237 4144 339 4194 sive
352 4142 487 4210 quod
505 4157 690 4193 revera
706 4158 800 4208 per
812 4151 977 4194 sortes
995 4145 1295 4209 plerumque

240 4222 510 4287 dabantur,
553 4222 665 4273 sive
716 4222 853 4288 quod
894 4229 1086 4272 sortem
1128 4220 1296 4271 fortu-

238 4313 452 4367 namque
492 4299 869 4353 consulentium
904 4297 1162 4364 facerent,
1204 4303 1297 4349 aut

1376 2276 1429 2326 id
1453 2284 1556 2339 est,
1580 2285 1737 2342 prout
1760 2291 1871 2328 sors
1895 2283 1949 2326 et
1970 2290 2119 2326 casus
2140 2275 2325 2341 ferret,
2358 2277 2444 2327 in·

1376 2356 1806 2419 terpretationem
1827 2356 2145 2419 acciperent.
2186 2356 2275 2406 Sic
2296 2355 2438 2421 apud

1375 2431 1487 2485 Cic.
1504 2432 1593 2484 lib.
1610 2446 1677 2484 ιι.
1697 2440 1713 2464 ·
1734 2433 1859 2484 Sors
1877 2432 1965 2483 illa
1982 2431 2126 2483 edita
2143 2439 2225 2483 est
2240 2432 2439 2496 Croeso,

1375 2509 1581 2561 Croesus
1617 2510 1792 2575 Halyn
1832 2506 2125 2575 supersus,'
2159 2513 2261 2560 ὅτε.
2297 2507 2437 2575 anpd

1371 2587 1648 2653 Virgilium
1685 2602 1890 2654 quoquc
1922 2601 2003 2637 xv.
2038 2586 2154 2637 AEn.
2189 2592 2204 2614 ‘
2228 2586 2436 2637 Italiam

1372 2681 1611 2729 magnam
1657 2665 1916 2731 Grynoeus
1963 2664 2170 2730 Apollo,
2224 2663 2436 2714 Italiam

1375 2743 1552 2810 Lycioe
1566 2743 1776 2807 jussere
1798 2755 2075 2807 capessere
2097 2739 2304 2791 sortes-⁹

1439 2820 1681 2884 Responsa
1734 2816 1957 2881 sortiunt]
2032 2817 2270 2868 Sortibns
2316 2817 2435 2882 jac·

1373 2899 1459 2961 tis,
1480 2898 1663 2964 quibus
1686 2904 1831 2949 certa
1854 2895 2091 2962 quaedam
2123 2893 2435 2960 significatio

1373 2974 1720 3035 tribuebatur,
1756 2974 1916 3024 mults
1939 2986 2188 3038 responsa
2207 2986 2239 3021 a
2260 2986 2434 3023 sacer·

1372 3055 1579 3107 dotibus
1620 3054 1911 3105 edebantur
1935 3069 1952 3114 5
2003 3052 2125 3103 ideo
2159 3061 2214 3103 et
2267 3060 2435 3104 sortes

1372 3130 1590 3198 quodvis
1615 3132 1878 3184 oraculum
1903 3129 2233 3196 significavit,
2272 3132 2435 3182 etiam

1371 3208 1459 3260 ubi
1516 3223 1644 3261 voce
1694 3207 2029 3266 reddebatur,
2085 3215 2146 3259 nt
2193 3209 2435 3274 Delphis.

1372 3286 1511 3338 Vide
1536 3287 1686 3352 paulo
1710 3285 1945 3338 inferius.
1977 3285 2068 3336 Sic
2087 3284 2225 3350 apud
2249 3285 2436 3336 Ovidi·

1369 3378 1457 3415 um
1475 3366 1695 3415 Metam.
1717 3377 1758 3416 ¹.
1780 3367 1899 3415 868.
1922 3365 1941 3394 ‘
1965 3363 2208 3413 auxilium
2234 3375 2330 3426 per
2351 3376 2440 3412 sa·

1369 3456 1487 3493 cras
1529 3456 1763 3508 quarere
1801 3441 2006 3504 sortes‚'
2050 3448 2135 3490 est
2178 3438 2433 3490 sciscitari

1369 3520 1632 3569 oraculum
1648 3516 1910 3568 'l'bemldis
1927 3531 2057 3568 voce
2075 3527 2431 3581 responsaret

1368 3612 1484 3663 quae
1509 3604 1693 3661 postea
1714 3595 1821 3662 (πε
1838 3592 1981 3659 sel.)
2002 3599 2225 3645 ‘sortem
2237 3589 2384 3642 dedit
2397 3589 2433 3641 ε’

1368 3689 1486 3725 curn
1528 3677 1669 3726 clara
1707 3687 1840 3724 voce
1876 3671 2178 3737 responditz
2209 3676 2225 3700 ⁴
2251 3670 2435 3720 Disce·

1369 3751 1480 3803 dite
1521 3749 1749 3817 templo,’
1784 3749 1896 3799 &ci
1921 3750 2008 3799 De
2039 3746 2267 3798 sortibus
2307 3756 2434 3796 vero

1370 3829 1457 3885 adi
1499 3828 1629 3881 Ant.
1664 3842 1765 3878 van
1805 3826 1946 3877 Dale
1983 3826 2110 3877 diss.
2136 3830 2183 3877 1.
2205 3822 2272 3875 de
2295 3822 2433 3874 Ora·

1369 3906 1516 3958 culis.
1540 3922 1588 3959 c.
1609 3909 1692 3957 14.
1722 3907 1781 3956 J.
1809 3902 2040 3954 Clericus.

1432 3986 1457 4021 ‘¹
1488 3986 1553 4036 L.
1573 3985 1754 4036 sunm
1784 3981 1993 4045 Brutus]
2027 3981 2299 4047 originem
2339 3979 2435 4031 du·

1370 4080 1491 4117 ceos
1515 4081 1546 4115 a
1567 4065 1753 4114 Marco
1769 4063 1805 4115 J
1810 4061 1928 4112 unio
1945 4076 2045 4112 uno
2069 4076 2134 4112 ex
2155 4061 2327 4112 AEnear
2352 4074 2438 4111 son

1370 4145 1479 4201 ciis,
1501 4148 1564 4193 nt
1581 4141 1760 4192 scribit
1779 4140 2078 4205 Dionysius.
2107 4130 2114 4137 ’

1433 4229 1456 4256 ⁰
1487 4220 1659 4271 Sorore
1690 4219 1824 4284 reg-is
1862 4217 2027 4283 natas]
2083 4213 2428 4268 verisimilius

1370 4296 1510 4357 mibi,
1561 4312 1708 4365 aeque
1747 4310 1815 4348 ac
1858 4296 2124 4348 Glareano
2164 4300 2262 4358 est,
2292 4287 2459 4357 quod·-
