3034 4925
2286 368 2425 437 229

242 536 454 597 turnus
484 548 628 594 esse
655 550 670 591 ι
716 528 862 614 ejus
892 549 965 595 se
995 532 1272 611 monitu,
1293 553 1448 617 quae
1479 532 1955 618 acceptissima
1986 530 2143 599 Diis
2172 537 2421 611 esseut,

242 653 421 701 sacra
445 635 834 714 instituere3
879 634 1267 701 sacerdotes
1298 654 1463 701 suos
1494 636 1742 721 cuique
1780 637 2154 701 Deorum¹5
2200 635 2421 720 praefi-

243 756 406 802 cere.
496 735 724 820 Atque
771 736 1065 801 omnium
1109 738 1418 821 primum,
1467 738 1555 803 ad
1608 758 1877 803 cursum
1910 739 2116 817 lunae,
2146 740 2215 803 iu
2246 738 2417 803 duo-

242 840 446 905 decim
493 859 755 904 menses
800 839 1118 905 describit
1172 847 1525 913 annumflf·
1612 840 1837 919 Quem
1881 840 2077 928 (quia
2128 842 2422 907 tricenos

244 943 374 1008 dies
416 943 699 1026 singulis
748 943 1137 1008 mensibus¹
1180 942 1345 1008 luna
1392 962 1525 1009 non
1569 945 1831 1027 explet,
1865 945 2246 1027 desuntque
2279 944 2426 1009 dies
2492 940 2497 945 ’

245 1046 448 1112 solido
477 1053 698 1125 anno,⁸
725 1047 844 1132 qui
872 1047 1244 1113 solstitiali‘
1271 1047 1743 1131 circumagitur
1763 1045 1817 1087 ¹⁶
1863 1050 2024 1113 orbe
2045 1052 2097 1128 i)
2143 1048 2426 1113 interca-

1020 384 1168 445 μυ.
1219 386 1270 436 ι.
1320 385 1482 439 οΔΡ.
1528 368 1636 436 19.

1140 1227 1501 1250 MWOO

253 1360 488 1460 §cratem-s?
510 1345 812 1398 sacrorum?
841 1346 1156 1427 Rauen—‘16
1191 1348 1278 1401 Al.
1302 1348 1610 1400 intercalares
1625 1348 1858 1399 mribus
1884 1346 2239 1412 interponendo.
2308 1343 2431 1396 vid·

302 1426 329 1460 o
355 1446 367 1462 .
395 1427 443 1461 m
471 1445 487 1461 .

1218 1497 1269 1548 N
1275 1495 1432 1555 01⁸AE

248 1591 470 1655 nympha,
509 1592 654 1657 cujus
691 1608 721 1645 e
756 1596 1037 1660 preceptis
1058 1596 1291 1646 hauserit

248 1667 424 1731 regiam
454 1669 800 1733 prudentiam.
865 1671 973 1721 Alii
1014 1687 1113 1722 non
1150 1687 1288 1738 nym-

249 1742 402 1806 pham,
436 1746 527 1795 sed
576 1747 841 1797 Musarum
878 1762 1030 1799 uuam
1072 1748 1137 1798 ad
1181 1749 1292 1799 Nu·

248 1833 367 1869 mam
413 1822 583 1885 palam
653 1825 935 1875 ventitasse
984 1826 1288 1891 perbibentz

250 1910 353 1959 quoe
394 1905 448 1947 et
480 1900 757 1964 aliquando
808 1903 1090 1954 adventum
1142 1920 1291 1954 suum

250 1975 673 2041 comprobaverit,
691 1979 921 2032 exhibito
942 1988 1162 2045 repente
1187 1983 1288 2046 pri·

250 2051 406 2100 mariis
427 2052 633 2103 civibus
657 2055 810 2118 epulo
831 2058 1109 2121 exquisito.
1170 2058 1291 2109 Ple·

250 2127 378 2192 rique
423 2129 654 2180 Numam
705 2133 1003 2196 hujusmodi
1059 2134 1292 2184 divinum

251 2205 541 2269 conoquium
568 2205 784 2279 finxisse
809 2217 995 2274 putant
1019 2212 1291 2261 conciliau-

250 2282 322 2333 ‹1ae
358 2286 613 2336 institutis
644 2288 751 2337 suis
781 2290 1099 2352 auctoritati,
1119 2306 1292 2341 exem·

251 2359 328 2421 plo
377 2361 565 2413 Minois
628 2363 915 2428 Cretensis,
969 2373 1025 2418 et
1064 2368 1296 2434 Lycurgi

249 2434 489 2500 Spartani.

308 2521 330 2554 Ρ
364 2515 568 2579 Egeria]
593 2517 816 2570 Quidam
839 2522 1018 2583 perAE
1039 2522 1292 2576 scribunt.

254 2590 418 2642 Festus
464 2595 531 2644 ab
592 2598 821 2657 egerenda
875 2597 1098 2650 derivat.
1179 2603 1298 2653 Dui

253 2666 376 2717 bium
402 2676 575 2720 tamen
614 2677 697 2721 est
731 2686 796 2721 au
831 2673 940 2725 baec
979 2675 1160 2726 eadem
1184 2676 1296 2728 fue·

253 2744 315 2793 rit
333 2759 443 2796 cum
471 2747 652 2810 Egeria
674 2763 794 2813 quae
813 2762 846 2798 a
875 2751 1179 2802 ,mulieribus
1208 2768 1296 2803 co-

254 2818 461 2884 lebatur,
504 2823 649 2889 quod
694 2825 940 2888 opitulari
989 2828 1298 2880 crederetur

256 2901 499 2962 egereudo
523 2900 718 2965 partui.

312 2975 508 3029 Simulat
525 2979 621 3029 abi
640 2994 747 3029 cum
766 2980 876 3031 Dea
904 2982 1133 3048 AEgeric]
1167 2983 1304 3033 Vide

260 3060 308 3101 et
337 3054 466 3106 iufra
493 3072 543 3109 c.
581 3060 670 3106 21.
737 3057 795 3106 Si
833 3058 929 3108 boc
949 3059 1063 3122 ipse
1078 3060 1306 3123 jactarit

260 3128 432 3193 Numa,
444 3147 543 3182 non
555 3134 992 3197 superstitiosum,
1004 3137 1096 3187 sed
1118 3138 1305 3200 impos·

261 3212 409 3257 torem
431 3223 544 3259 eum
570 3209 733 3260 fuisse
765 3211 1059 3275 judicemus
1095 3220 1302 3278 oporte·

262 3277 342 3330 bit.
406 3285 713 3336 confirmari
734 3288 831 3338 boc
855 3288 1059 3339 videtur
1080 3305 1142 3340 eo
1164 3290 1302 3357 quod

262 3352 438 3408 dicitur
467 3360 535 3410 de
569 3362 715 3412 libris
752 3363 864 3427 ejus
893 3365 931 3417 l.
970 3378 1063 3416 xl..
1100 3371 1183 3417 29.
1247 3368 1304 3418 si

262 3446 377 3495 quos
405 3434 606 3488 fructus
647 3452 713 3487 ex
755 3442 1130 3503 superstitione
1171 3458 1307 3507 prae·

266 3519 430 3562 sentes
441 3516 674 3579 collegit,
685 3515 1011 3580 Reipublicae
1030 3527 1211 3584 postea
1223 3534 1307 3571 ve·

262 3587 513 3646 hemeuter
536 3597 729 3646 nocuit.
795 3596 968 3647 Prava
986 3599 1097 3649 baec
1113 3597 1213 3651 fuit
1228 3615 1311 3651 sa·

266 3665 447 3728 pientia
467 3672 835 3723 commentitiis
854 3676 1312 3737 superstitionibus

267 3742 443 3795 animos
467 3748 632 3811 plebis
649 3749 952 3813 illaqueare,
963 3750 1135 3813 potius
1157 3765 1310 3815 quam

266 3821 414 3872 rectis
459 3823 710 3875 institutis
753 3826 819 3876 ad
865 3826 1049 3875 melius
1093 3824 1159 3875 de
1199 3829 1315 3878 Deo

269 3897 580 3950 sentiendum
603 3901 882 3952 adducere.
912 3903 1016 3954 Sed
1041 3902 1182 3954 forte
1207 3905 1316 3955 Nu·

269 3984 342 4020 ma
377 3973 483 4039 ipse
505 3977 720 4027 meliora
753 3994 856 4029 nou
889 3969 1076 4040 norat3
1110 3978 1313 4031 facilius

271 4049 395 4098 enim
438 4051 534 4100 illis
596 4055 912 4118 temporibus
953 4054 1053 4105 fuit
1113 4055 1313 4120 dicere,

272 4124 384 4185 quid
423 4142 524 4178 nou
555 4130 623 4179 sit
663 4133 832 4195 Deus,
869 4147 1023 4197 quam
1065 4132 1184 4197 quid
1228 4133 1314 4183 sit.

274 4197 396 4249 Vide
416 4203 524 4252 Cic.
543 4204 611 4255 de
633 4207 840 4258 Natura
859 4208 1028 4258 Deor.
1053 4207 1086 4259 1.
1105 4222 1145 4259 1.
1166 4223 1215 4259 c.
1231 4213 1316 4260 21.

273 4272 328 4324 J.
348 4276 575 4330 Clericus.

1433 1604 1461 1639 *ἱ
1481 1596 1724 1647 Describit
1745 1593 1942 1657 aaaron]
1967 1594 2303 1645 Planetarnm
2318 1588 2431 1655 qui·

1371 1672 1503 1723 libet
1525 1673 1749 1724 circuitu
1771 1687 1883 1736 suo,
1904 1685 2020 1721 cum
2063 1669 2262 1719 scilicet
2283 1674 2432 1718 certo

1371 1749 1539 1799 eloco
1561 1748 1818 1813 digressus
1840 1748 1893 1797 in
1916 1744 2139 1796 eundem
2158 1746 2328 1794 locum
2351 1757 2433 1793 re·

1373 1824 1471 1889 dit,
1492 1836 1680 1875 aunum
1703 1839 1848 1875 snum
1872 1822 2079 1874 efficere
2101 1823 2209 1874 dici
2245 1827 2435 1885 potest.

1372 1902 1476 1952 Sed
1516 1918 1638 1953 cum
1670 1917 1859 1953 anuum
1914 1901 2153 1952 absolute
2197 1899 2440 1960 dicimus,

1376 1980 1460 2030 vel
1481 1981 1717 2030 Solarem
1738 1979 2092 2043 intelligimus,
2112 1976 2201 2041 qui
2226 1990 2327 2025 uua
2351 1988 2435 2024 so·

1370 2056 1435 2106 lis
1480 2057 1546 2108 ad
1598 2057 1737 2107 idem
1790 2064 2040 2120 puuctum
2097 2052 2437 2105 conversione

1373 2134 1682 2197 conficitur3
1719 2134 1799 2183 vel
1824 2133 2109 2196 Lunarem,
2130 2130 2218 2194 qui
2241 2127 2438 2179 duode-

1373 2213 1474 2261 cim
1497 2212 1658 2261 Lunae
1701 2211 2069 2276 complectitur
2095 2206 2438 2260 circumvolu-

1375 2288 1566 2352 tiones,
1580 2303 1705 2353 quas
1726 2303 1933 2338 menses
1951 2287 2291 2351 appellamus.
2328 2283 2437 2333 An-

1378 2367 1428 2414 ni
1465 2364 1706 2428 duplicis,
1744 2365 1984 2414 Romulei
2011 2363 2236 2424 scilicet,
2277 2368 2438 2425 atque

1378 2455 1410 2492 a
1452 2440 1626 2491 Numa
1673 2439 1920 2506 correcti,
1972 2438 2267 2500 discrimen,
2299 2432 2440 2501 quod

1378 2519 1432 2568 in
1456 2517 1783 2569 Praefatioue
1812 2517 1969 2581 paulo
1997 2515 2285 2566 accuratius
2322 2525 2441 2576 per·

1375 2607 1591 2647 secutus
1614 2611 1746 2661 sum,
1765 2595 2036 2646 exhibebit
2063 2592 2261 2657 pingui,
2284 2599 2345 2641 ut
2368 2590 2445 2639 ita

1373 2676 1567 2739 dicam,
1620 2676 1878 2732 Minerva,
1936 2675 2230 2739 subjectum
2284 2670 2447 2736 paulo

1379 2759 1497 2815 post
1520 2753 1743 2804 schema.

1441 2826 1473 2856 ¹⁵
1509 2826 1574 2878 A.
1597 2829 1665 2878 U.
1689 2830 1751 2880 C.
1775 2833 1860 2880 44.

1441 2912 1463 2939 ¹
1498 2905 1722 2957 Tricca-os
1763 2907 1869 2957 dies
1921 2904 2130 2969 singulis
2181 2898 2444 2966 mensibus]

1384 2983 1607 3043 Revera,
1629 2992 1689 3034 nt
1708 2983 1943 3035 advertit
1962 2982 2155 3044 Livius,
2179 2981 2326 3030 Luna
2344 2978 2448 3029 sin-

1387 3060 1520 3125 gulis
1560 3061 1820 3111 mensibus
1843 3058 2061 3123 triginta
2092 3056 2204 3106 dies
2230 3070 2332 3105 nou
2355 3068 2449 3104 ax-

1388 3138 1537 3201 plet:
1572 3137 1759 3189 desunt
1805 3138 2001 3203 quippe
2037 3137 2181 3185 horte
2217 3147 2296 3184 xr.
2329 3145 2449 3182 cum

1386 3215 1692 3279 quadrante.
1760 3215 1914 3267 Quod
1969 3220 2146 3263 autem
2202 3211 2337 3260 idem
2381 3207 2452 3258 de

1385 3292 1599 3343 tricenis
1633 3292 1947 3356 singulorum
1980 3288 2230 3340 meusium
2266 3286 2451 3337 diebus

1384 3369 1647 3433 disputat,
1685 3381 1789 3418 nou
1832 3368 1908 3417 ita
1943 3372 2028 3415 est
2071 3361 2455 3428 accipiendum,

1386 3444 1536 3509 quasi
1579 3452 1660 3494 tot
1697 3443 1812 3494 dies
1854 3442 2026 3492 Numa
2055 3439 2159 3489 suis
2193 3436 2454 3487 mensibus

1388 3518 1733 3582 assignaverit
1751 3533 1769 3581 ς
1790 3530 1908 3566 cum
1927 3528 1993 3564 ne
2020 3528 2148 3563 unus
2165 3512 2373 3577 quidem
2399 3510 2457 3558 iu

1388 3595 1528 3646 illius
1559 3608 1693 3644 anno
1731 3591 1921 3643 mensis
1957 3604 2022 3639 eo
2048 3589 2248 3638 dierum
2278 3597 2456 3635 nume-

1392 3686 1450 3722 ro
1483 3671 1572 3728 sit,
1605 3678 1666 3720 ut
1699 3684 1767 3718 ex
1806 3665 2047 3732 sequenti
2081 3664 2459 3725 diagrammate

1393 3750 1591 3814 liquet:
1629 3750 1681 3798 in
1705 3760 1808 3811 quo
1832 3743 2102 3805 utriusque
2126 3738 2264 3798 anui,
2287 3746 2395 3788 tum
2423 3751 2461 3788 a

1397 3825 1620 3877 Romulo
1643 3821 1895 3883 instituti,
1913 3827 2023 3869 tum
2047 3831 2081 3866 a
2097 3818 2273 3867 Numa
2295 3817 2461 3880 aucti,

1396 3902 1837 3966 comparationem
1883 3894 2061 3945 habes.
2156 3893 2261 3944 Sed
2317 3892 2460 3944 facta

1394 3979 1537 4028 inter
1569 3978 1831 4041 longiores
1853 3972 2218 4036 brevioresque
2256 3983 2461 4022 menses

1398 4056 1545 4120 velut
1578 4047 2026 4115 compensatione,
2056 4054 2211 4112 atque
2245 4047 2345 4096 illis
2367 4046 2460 4096 de·

1396 4139 1588 4193 tracto,
1609 4130 1684 4180 bis
1714 4125 1894 4176 addito
1918 4138 2020 4176 uuo
2043 4123 2146 4187 die,
2172 4139 2254 4175 res
2276 4123 2460 4173 eodem

1393 4206 1562 4258 ferme
1585 4204 1799 4255 redibit.
