3034 4925
2328 332 2460 400 649

260 488 479 564 Sacro
505 492 745 565 monte,
796 486 1123 571 proditum
1163 489 1513 558 memoriae.
1541 495 1682 571 est3
1728 496 1800 556 et
1829 489 1932 558 M.
1965 492 2289 573 Duilium,
2338 496 2458 580 qui

235 593 717 658 -tribnnatum
700 593 1027 675 insignem
1057 597 1206 658 ante
1235 591 1653 662 decemviros
1681 600 1945 662 creatos
1972 604 2458 688 gesserat,nec

229 695 338 760 -in
357 695 915 762 decemviralibus
936 694 1406 764 certaminibus
1435 685 1616 782 plebi
1642 696 1963 764 defuerat.
1965 698 1992 736 ‘¹
2058 698 2198 782 Spe
2218 698 2459 766 deinde

254 800 503 881 magis,
531 819 738 883 quam
769 798 1045 875 meritiS,
1073 797 1300 876 electi,
1345 797 1448 866 Μ.
1488 799 1832 880 Titinius,⁸
1880 800 1984 869 Μ.
2013 800 2456 887 Pomponius,

225 899 347 969 .G.
392 901 756 987 Apronius„
800 901 885 967 P.
920 900 1269 1002 Villiasp⁶
1322 900 1401 969 C.
1454 903 1747 988 Oppius.
1833 904 2212 972 Tribunatu
2258 904 2450 985 inito,

252 1006 346 1071 L.
376 1005 611 1071 Icilius
640 1005 985 1091 extemplo
1021 1005 1287 1092 plebem
1313 1008 1601 1091 rogavit,
1640 1013 1708 1074 et
1736 1007 1928 1093 plebs
1970 1007 2194 1089 scivit,
2226 1027 2312 1074 ne
2343 1009 2455 1076 oui

247 1108 475 1173 fraudi
525 1116 704 1175 esset
748 1111 1039 1175 secessio
1077 1111 1164 1175 ab
1210 1109 1615 1178 decemviris
1663 1111 1873 1178 facta.
1964 1111 2340 1180 Confestim
2369 1111 2452 1178 de

249 1213 653 1278 consulibus
681 1213 989 1282 creandis
1019 1234 1168 1279 cum
1195 1216 1680 1298 provocatione
1717 1215 1816 1282 M.
1849 1217 2119 1284 Duilius
2158 1214 2456 1296 rogatio-

225 1333 412 1381 :nem
434 1317 731 1402 pertulit.
820 1318 926 1383 Ea
945 1318 1166 1383 omnia
1191 1319 1260 1383 in
1287 1322 1504 1402 ‘pratis
1531 1320 1882 1388 Flaminiis
1912 1320 2201 1387 concilio
2231 1319 2452 1404 plebis

227 1427 435 1496 ¹acta,
464 1440 669 1505 quem
699 1441 874 1486 nuuc
897 1422 1149 1487 circum
1180 1420 1590 1489 Flaminium
1621 1424 1990 1508 appellant.

223 1559 234 1566 -
340 1523 447 1587 55.
493 1523 623 1588 Per
666 1524 1047 1607 interregem
1090 1523 1332 1589 deinde
1371 1524 1680 1596 consules
1711 1522 1971 1603 creati‚‘
2008 1524 2087 1591 L.
2120 1524 2454 1601 Valerius,

252 1622 358 1688 M.
414 1624 910 1706 Horatius,¹0·⁸
959 1627 1076 1710 qui
1126 1628 1473 1711 extemplo
1522 1628 1979 1712 magistratum
2031 1634 2456 1711 occeperunt.

1027 343 1170 390 mn.
1218 340 1336 391 ιιι.
1380 341 1547 394 cap.
1589 329 1700 395 55.

1170 1793 1539 1818 UonmmOO

248 1889 483 1940 Crevier.
487 1896 581 1941 -7
618 1893 868 1942 Rhenano
906 1894 1146 1955 placebat
1180 1898 1522 1958 progenies-8
1558 1897 1801 1946 Titinnius
1823 1896 2051 1945 Gronov.
2088 1896 2303 1959 Doujat.
2327 1895 2452 1944 Cre-

249 1955 363 2004 vier
366 1959 479 2004 .-9
511 1957 672 2018 Vulg.
705 1956 802 2021 Ap.
819 1959 999 2007 Julius.

317 2023 429 2069 11)ι
447 2020 510 2070 L.
540 2022 754 2072 Valerius
782 2028 829 2072 et
859 2023 937 2073 M.
974 2022 1210 2074 Horatius
1248 2026 1394 2075 Rott.
1414 2027 1567 2076 Voss.
1606 2033 1845 2090 uterque.
1880 2024 2018 2072 Fler-
2043 2022 2185 2073 Gud.
2209 2024 2452 2087 ignorant

1235 2173 1456 2225 NoTAE

309 2271 335 2300 τ
370 2267 426 2314 C.
464 2266 722 2331 Sicinium,
764 2268 1036 2333 progeniem
1070 2268 1197 2335 eius]
1249 2271 1311 2321 C.
1389 2280 1487 2336 tos,
1511 2277 1568 2321 et
1593 2270 1667 2319 ita
1690 2268 1803 2320 fieri
1829 2268 2061 2334 potuisse
2090 2272 2148 2317 ut
2172 2267 2327 2333 aliqui
2342 2268 2452 2332 jam

235 2341 469 2392 Sicinius
506 2344 747 2394 Bellatus
790 2354 974 2396 auctor
1012 2348 1193 2409 primae
1232 2362 1310 2397 se·
1387 2355 1496 2398 tum
1521 2348 1646 2400 Julii
1673 2347 1863 2411 plebeii
1888 2351 2081 2395 essent.

221 2409 512 2485 cessionis,
563 2429 618 2472 et
664 2423 803 2472 inter
846 2423 1036 2487 primos
1082 2424 1306 2491 quinque
1451 2422 1470 2458 f
1499 2425 1602 2485 Per
1621 2424 1907 2489 interregem
1927 2423 2097 2479 deiude
2128 2422 2335 2473 consules
2354 2436 2453 2471 cre-

240 2498 480 2547 tribuuos
504 2499 701 2550 electus
719 2498 893 2551 fuerat
915 2501 1010 2551 sub
1043 2517 1127 2552 an.
1151 2502 1307 2553 Urbis
1385 2502 1482 2567 ati]
1550 2502 1657 2552 Cur
1709 2516 1812 2550 non
1873 2499 2132 2549 referente
2190 2496 2451 2547 Pontifice

237 2572 467 2623 conditae
488 2576 605 2624 261.
627 2575 1058 2640 quemadmodum
1091 2583 1308 2627 annota-

239 2648 409 2696 vimus
426 2648 489 2698 ad
514 2649 604 2701 lib.
627 2664 688 2699 ιι.
710 2666 830 2716 cap.
854 2656 935 2705 32.
960 2658 1017 2702 et
1037 2656 1120 2702 33.
1174 2652 1304 2717 Ejus

236 2723 327 2772 hic
349 2722 506 2787 filius,
528 2735 618 2774 aut
641 2741 818 2789 nepos.

307 2798 332 2831 ¹¹
370 2800 473 2850 Nec
492 2801 546 2850 iu
562 2803 949 2854 decemviralibus
967 2805 1305 2855 certaminibus

235 2874 366 2937 plebi
385 2876 625 2941 defuerat]
660 2879 797 2928 Nam
823 2886 878 2929 et
910 2880 1189 2931 secedendi
1212 2897 1303 2932 ex-

239 2958 327 3000 tra
350 2949 546 3001 Urbem
584 2954 738 3018 paulo
769 2963 891 3003 ante
911 2964 1091 3006 auctor
1114 2956 1301 3015 fuerat,

223 3023 401 3088 ‘supra
422 3027 569 3077 initio
591 3044 708 3095 cap.
727 3036 809 3081 52.

223 3099 231 3111 ⁴
305 3110 328 3136 θ
357 3102 427 3155 Ρ.
453 3104 650 3168 Villius]
686 3107 765 3157 Ex
788 3110 1087 3173 conjectura
1108 3111 1302 3174 sigonii

238 3187 344 3242 est,
379 3194 496 3233 cum
538 3184 691 3248 vulgo
726 3185 985 3250 legeretur
1003 3188 1098 3252 Δρ.
1119 3189 1302 3239 Julius.

227 3254 405 3322 ‘Appii
425 3258 620 3324 quippe
657 3275 843 3313 nomen
868 3277 969 3315 non
991 3263 1181 3328 probat
1206 3265 1301 3315 nisi

233 3334 294 3383 in
328 3335 554 3401 Sabinis,
592 3338 761 3402 qualis
806 3339 952 3404 App·
985 3340 1300 3404 Herdonius,

235 3417 334 3461 aut
349 3411 592 3462 Romanis
622 3427 687 3462 ex
713 3413 1019 3463 Sabinorum
1043 3424 1198 3479 geute
1219 3429 1301 3464 or·

221 3484 329 3544 'tis,
353 3497 410 3538 ut
433 3489 484 3538 in
509 3491 755 3539 Claudiis.
821 3490 965 3541 Julia
999 3506 1123 3541 vero
1160 3505 1301 3553 gens,

147 3565 176 3591 -⁴
236 3569 312 3613 et
319 3566 537 3628 patricia
571 3574 671 3625 est,
702 3573 758 3616 et
791 3566 866 3615 313
905 3580 1002 3630 per
1035 3567 1146 3615 baec
1173 3575 1302 3616 tem·

237 3655 368 3705 pora
390 3642 680 3693 tribunicia*
711 3643 990 3707 potestatis
1014 3657 1224 3708 expers,
1246 3648 1303 3692 et

229 3732 501 3785 ,nunquam
526 3719 685 3786 Appii
711 3722 1029 3786 praenomine
1053 3737 1161 3771 usa.
1231 3720 1305 3771 At

238 3811 364 3860 gens
393 3798 539 3847 Villia
557 3799 779 3864 plebeia,
802 3799 950 3865 eique
975 3799 1150 3849 Publii
1169 3813 1302 3863 prse-

239 3887 428 3923 nomen
452 3871 723 3925 familiare.
799 3877 871 3926 Et
902 3873 1098 3927 Villium
1117 3890 1301 3927 nomen

239 3965 335 4013 per
376 3950 700 4003 librariorum
740 3953 995 4004 inscitiam
1030 3954 1218 4018 saepius
1250 3954 1302 4002 in

239 4027 443 4091 dulium,
476 4044 538 4078 ac
570 4030 687 4079 vice
724 4045 890 4095 versa,
925 4036 1179 4080 mutatum
1210 4029 1301 4081 de-

235 4102 597 4167 prehenditur.
634 4106 936 4156 Meminisse
954 4113 1127 4156 tamen
1150 4119 1301 4170 opor-

241 4186 319 4228 tet
343 4193 446 4228 nou
485 4194 604 4229 raro
642 4182 974 4245 patriciorum
1006 4182 1222 4232 libertos
1246 4191 1301 4232 et

241 4254 456 4305 clientes
491 4257 544 4305 in
583 4263 918 4321 patronorum
953 4272 1137 4309 nomen
1174 4256 1304 4308 asci-

369 4335 547 4410 Daph.
569 4344 619 4387 et
647 4338 761 4387 Var.
786 4338 917 4389 Clas.

1241 4338 1427 4388 Livius.

1384 2576 1637 2640 Maximo,
1657 2576 1744 2642 qui
1763 2576 1872 2640 jam
1905 2573 2130 2625 comitiis
2161 2572 2454 2623 tribuniciis

1386 2652 1707 2718 praefuerat?
1744 2651 1827 2702 An
1865 2652 1986 2717 quia
2022 2650 2338 2714 interregem
2360 2649 2456 2698 Se·

1385 2737 1537 2780 natus
1572 2730 1802 2791 dicebat,
1827 2726 2079 2779 Pontifex
2104 2726 2364 2776 Maximus
2386 2738 2454 2773 ex

1384 2806 1607 2868 collegio
1630 2803 1944 2855 Pontificum
1977 2818 2008 2855 a
2028 2802 2217 2867 populo
2241 2800 2467 2851 tributis'

1383 2883 1607 2932 comitiis
1631 2881 1991 2944 deligebatur?
2024 2879 2221 2928 idcirco
2240 2884 2452 2928 auctore

1384 2959 1593 3024 quidem
1627 2957 1889 3009 Pontifice
1922 2956 2154 3022 plebeios
2179 2955 2451 3018 magistra-

1384 3043 1467 3086 tus
1493 3035 1702 3099 paribus
1738 3033 1960 3083 comitiis
1982 3031 2145 3083 creari
2170 3030 2309 3097 passi
2330 3035 2453 3078 sunt

1381 3114 1697 3175 Senatores;
1732 3113 1969 3163 consules
2003 3124 2108 3160 non
2145 3116 2268 3161 sunt
2291 3107 2449 3172 passi,

1382 3198 1472 3241 aut
1504 3203 1609 3239 non
1647 3188 1865 3253 licebat,
1900 3187 2038 3253 quod
2075 3186 2126 3236 bi
2167 3184 2450 3249 majoribus

1382 3268 1491 3317 sive
1514 3266 1819 3318 centuriatis
1841 3263 2062 3316 comitiis
2086 3267 2403 3313 crearentur.

1447 3342 1479 3373 ·
1510 3343 1580 3394 A.
1601 3342 1670 3392 U.
1695 3342 1755 3393 C.
1778 3345 1894 3391 ⁸05.

1447 3425 1472 3460 Ι
1504 3418 1567 3465 L.
1595 3416 1834 3476 Valerius,
1865 3414 1942 3464 M.
1966 3411 2229 3475 Horatius]
2267 3411 2366 3461 Ille
2389 3408 2450 3461 fi·

1380 3492 1478 3542 lius
1508 3498 1624 3541 erat
1654 3490 1854 3540 Valerii
1891 3489 1978 3553 qui
2010 3486 2333 3555 Herdonium
2357 3501 2450 3553 op-

1382 3582 1619 3633 pugnans
1653 3566 1994 3625 occubuerat,
2015 3577 2180 3631 nepos
2206 3564 2272 3614 P.
2292 3563 2450 3615 Vale·

1383 3645 1446 3693 rii
1483 3641 1772 3705 Poplicolae
1816 3640 1901 3706 qui
1947 3654 2094 3703 reges
2137 3634 2447 3705 expulerat3

1379 3719 1463 3769 liic
1487 3718 1568 3768 M.
1589 3716 1794 3767 Horatii
1816 3717 1902 3781 qui
1928 3730 2044 3767 cum
2062 3714 2334 3783 Poplicola
2357 3712 2449 3765 ad-

1381 3810 1562 3846 versus
1584 3808 1734 3859 reges
1772 3793 2060 3843 bellaverat
2098 3804 2277 3857 nepos.
2341 3790 2446 3843 sed

1384 3888 1485 3939 quo
1522 3878 1758 3934 tempore
1793 3870 2113 3921 consulatum
2139 3866 2369 3923 inierint,
2392 3874 2448 3917 et

1366 3949 1625 4015 ‘quamdiu
1650 3947 1925 4011 gesserint,
1959 3960 2060 3995 non
2092 3942 2227 4009 satis
2259 3942 2447 4008 liquet.

1369 4016 1497 4092 ⁴Ego
1537 4022 1736 4088 Sigonii
1776 4029 1833 4071 et
1872 4021 2132 4085 Onuphrii
2170 4019 2447 4070 sententia

1381 4100 1534 4153 facile
1569 4098 1897 4160 accesserim,
1918 4098 2004 4162 qui
2043 4095 2278 4173 ejusdem
2303 4094 2447 4156 anni,

1385 4180 1556 4249 quarti
1595 4177 1832 4247 nimirum
1871 4193 1903 4229 a
1940 4178 1990 4226 S.
2015 4174 2254 4231 Quintilii
2288 4180 2342 4225 et
2377 4173 2442 4223 P.

1385 4255 1595 4307 Horatii
1636 4255 1924 4313 consulatu,
1958 4262 2160 4321 partem
2196 4250 2442 4380 :ungerem
