3034 4925
524 373 613 441 62
1152 390 1483 452 commu
1541 389 2089 454 amioum-sris

524 542 700 602 titulo
723 541 970 602 nominis
998 538 1246 602 filiorum
1281 562 1537 604 meorum
1580 543 1910 618 incohavi,·
1935 556 2018 618 et,
2059 545 2111 606 si
2166 544 2333 604 vivus
2374 563 2490 606 non
2523 545 2708 625 perfe-

523 638 759 709 cissem,
800 639 995 719 perfici
1040 640 1114 697 ab
1140 638 1456 700 heredibus
1483 642 1822 720 meisjmi.
1906 642 2044 702 Duo
2072 653 2133 702 et
2159 642 2464 721 octoginta
2491 640 2708 720 templa

528 736 723 795 Deum
751 744 778 770 ¹¹
809 734 868 794 in
904 735 1060 794 Urbe
1086 735 1296 796 consul
1455 770 1482 782 -
1657 772 1685 784 -
1844 739 2041 808 refeci,
2082 737 2249 798 nullo
2289 738 2706 817 praetermisso,

480 820 499 838 ⁶
525 830 688 911 quod
713 851 778 892 eo
805 840 1066 912 tempore
1189 865 1218 879 -
1379 866 1406 881 ·
1568 856 1670 897 mu
1830 869 1859 881 -
2019 855 2079 895 m
2237 867 2267 882 -
2423 833 2706 894 imminea

526 944 565 986 a
746 959 776 974 -
936 959 964 972 ·
1118 927 1180 987 bi
1341 964 1369 976 -
1526 963 1552 978 -
1718 940 1930 1010 praeter
2056 963 2082 978 ·
2219 931 2375 991 iume
2398 931 2525 991 linu

533 1023 654 1083 lum

603 1119 843 1181 Privato
907 1120 1037 1181 solo
1090 1120 1369 1183 dedicato
1423 1123 1635 1185 Martis
1701 1123 1924 1184 Ultoris
1983 1123 2304 1204 templumo
2373 1123 2705 1205 Forumque

526 1221 879 1299 Augustum,
903 1228 966 1279 et
981 1218 1275 1279 theatrum
1302 1219 1380 1280 ad
1408 1220 1599 1280 eedem
1625 1221 1915 1302 Apollinis
1943 1220 2006 1280 in
2041 1221 2170 1282 solo
2199 1239 2417 1299 magna
2443 1239 2516 1279 ex
2540 1232 2702 1299 parte
2797 1223 2804 1234 “

439 1303 449 1315 ’
521 1316 605 1377 od
628 1317 699 1378 id
853 1349 879 1365 ·
1034 1350 1061 1362 -
1225 1328 1424 1397 empto
1471 1317 1610 1390 feci,
1650 1317 1812 1397 quod
1862 1319 1973 1377 sub
2032 1318 2269 1378 nomine
2312 1316 2401 1378 M.
2434 1317 2705 1376 Marcelli

523 1413 722 1491 generi
767 1411 1026 1473 nitescit.
1064 1441 1091 1475 ι»
1175 1413 1348 1472 Dona
1373 1434 1446 1473 ex
1487 1415 1762 1474 manibiis
1808 1413 1868 1474 in
1898 1414 2197 1495 Capitolio
2225 1414 2366 1474 etin
2396 1412 2528 1473 aede
2570 1414 2705 1473 Divi

521 1509 654 1569 JulI
671 1526 734 1568 et
762 1509 821 1568 in
850 1508 981 1568 oede
999 1507 1300 1590 Apollinis
1329 1521 1390 1570 et
1418 1509 1477 1569 in
1508 1511 1641 1571 aede
1661 1512 1861 1572 Vestae
1889 1512 2027 1571 etin
2053 1512 2274 1590 templo
2303 1508 2515 1569 Martis
2535 1510 2704 1569 Ulto-

517 1606 596 1665 ris
621 1606 1001 1673 consacraviz
1032 1627 1167 1684 quoe
1203 1606 1343 1666 mihi
1371 1610 1765 1669 constiterunt
1795 1609 1920 1670 HS.
1942 1609 2171 1669 circiter
2190 1607 2495 1669 milliens.‘¹
2564 1606 2703 1666 Auri

518 1703 795 1762 coronarl
850 1701 1051 1780 pondo
1080 1701 1322 1782 triginta
1347 1716 1409 1764 et
1447 1706 1708 1786 quinque
1745 1705 1930 1765 millia
1980 1704 2311 1785 municipiis
2358 1715 2420 1764 et
2464 1703 2701 1764 colonis

521 1796 710 1857 ltaliae
737 1797 1175 1858 conferentibus
1203 1798 1279 1857 ad
1308 1801 1637 1880 triumphos
1667 1821 1831 1862 meos
1859 1828 1881 1855 ι·
1899 1801 2168 1879 quintum
2211 1799 2437 1860 Consul
2476 1799 2700 1866 remisi3

519 1905 581 1953 et
608 1903 834 1973 postea,
861 1894 1351 1974 quotiescumque
1380 1898 1706 1977 Imperator
1745 1898 2082 1978 appellatus
2111 1917 2264 1969 sum,
2305 1916 2518 1956 aurum
2538 1913 2704 1958 coro·

519 1990 744 2049 narium
772 2009 892 2050 non
917 1991 1140 2071 accepi,
1168 1992 1622 2054 decernentibus
1652 1993 1983 2075 municipiis
2006 2004 2067 2054 et
2084 1993 2547 2073 conserentibus,
2569 2011 2701 2074 quae

522 2095 666 2146 tunc
694 2086 889 2166 adque
908 2118 928 2144 ι
961 2097 1139 2148 antea
1165 2089 1569 2153 decreverant.

602 2183 832 2242 Munus
878 2182 1287 2262 gladiatorium
1318 2187 1459 2247 dedi
1488 2207 1621 2248 meo
1661 2188 1920 2261 nomine,
1962 2197 2023 2247 et
2060 2187 2411 2266 quinquiens
2453 2185 2701 2247 filiorum

516 2295 778 2339 meorum
800 2287 902 2338 aut
928 2291 1209 2358 nepotum
1239 2267 1517 2344 nomine{
1557 2285 1771 2364 quibus
1797 2284 2138 2344 muneribus
2168 2273 2580 2363 pugnaverunt
2595 2284 2701 2343 Ιιο-

518 2376 745 2436 minum
792 2377 1036 2437 circiter
1090 2376 1298 2438 decem
1354 2379 1542 2440 millia
1700 2414 1729 2430 -
1890 2413 1917 2426 -
2080 2380 2184 2438 Bis
2254 2378 2393 2441 dedi
2426 2381 2700 2459 serarum

515 2470 780 2551 undique
808 2471 1209 2534 accinctorum
1236 2492 1254 2526 t
1401 2511 1428 2523 -
1588 2510 1615 2525 -
1775 2511 1802 2524 -
1961 2476 2294 2556 spectacula
2320 2478 2564 2557 proprio
2582 2495 2700 2535 meo

516 2567 775 2641 nomine,
802 2576 865 2628 et
889 2570 1122 2630 tertium
1153 2580 1437 2651 nepotum
1597 2606 1620 2620 -
1782 2608 1808 2620 -
1970 2572 2177 2634 Ludos
2201 2573 2317 2633 feci
2357 2592 2489 2634 meo
2517 2572 2698 2631 nomi·

514 2682 589 2724 ne
615 2674 846 2743 quater,
875 2665 1121 2727 aliorum
1152 2678 1347 2729 autem
1376 2672 1845 2750 magistratuum
1872 2670 2203 2730 absentium
2223 2678 2315 2730 ter
2341 2678 2404 2730 et
2420 2669 2647 2750 vigiens
2676 2680 2701 2706 ⁸

515 2795 543 2813 ·
703 2796 730 2808 -
894 2796 920 2808 -
1120 2766 1187 2824 in
1243 2765 1489 2843 collegio
1549 2787 1668 2828 xv.
1726 2768 1986 2831 virorum
2010 2766 2311 2848 mag-ister,
2356 2765 2584 2827 adlecta
2632 2766 2701 2825 ia

579 2955 616 2982 ¹¹
638 2948 724 3000 Sic
745 2955 800 3000 et
822 2950 874 3000 in
898 2952 1011 3017 opt.
1033 2952 1150 3003 cod.
1171 2953 1317 3005 Suet.
1331 2953 1463 3019 Aug.
1484 2958 1569 3005 97.
1646 2969 1789 3006 ronae
1831 2957 1980 3009 initio
2030 2971 2201 3007 aurem
2253 2956 2390 3006 dono
2429 2952 2703 3015 dabantur,

513 3032 651 3075 extr.
717 3026 910 3077 Vocem
954 3042 986 3077 a
1019 3029 1151 3085 calio,
1195 3029 1343 3080 initio
1381 3044 1572 3093 rerum,
1648 3047 1792 3082 more
1815 3047 1846 3082 a
1865 3034 2067 3085 Graecis
2087 3033 2272 3098 petito,
2303 3039 2360 3083 et
2396 3031 2585 3082 deinde
2616 3030 2703 3080 ba·

512 3098 809 3150 deducebat
829 3102 1046 3170 Verrius
1067 3104 1306 3154 Flaccus.
1347 3105 1414 3155 V.
1440 3105 1573 3155 Dio·
1651 3122 1763 3157 rum
1804 3108 1920 3159 loco
1957 3122 2174 3170 aurum;
2222 3107 2358 3172 quod
2400 3107 2702 3167 acrioribus,

513 3174 650 3223 med.
673 3189 759 3238 ap.
781 3174 995 3226 Putsch.
1018 3178 1054 3228 l.
1077 3193 1117 3228 1.
1136 3194 1189 3242 p.
1213 3182 1326 3229 361.
1650 3182 2029 3246 Imperatorum
2090 3184 2330 3247 maxime,
2382 3182 2701 3247 temporibus

576 3260 604 3287 ⁸
635 3251 718 3304 ef.
738 3252 1058 3307 Ovid.Fast.
1084 3270 1150 3306 11.
1166 3262 1249 3308 59.
1648 3258 1714 3308 ab
1759 3259 1822 3308 iia
1862 3258 2044 3309 tributi
2086 3258 2253 3308 instar
2291 3265 2534 3308 exactum
2577 3264 2658 3306 est
2682 3273 2698 3306 ε

577 3335 604 3361 ⁰
633 3327 720 3380 cf.
737 3328 880 3380 Suet.
897 3345 945 3381 c.
962 3335 1041 3382 29.
1073 3333 1175 3383 Dio
1198 3347 1310 3385 ιιν.
1328 3339 1377 3384 8.
1412 3333 1571 3386 Ovid.
1645 3332 1784 3382 unde
1810 3334 2104 3384 coronarium
2135 3334 2329 3384 dictum
2368 3333 2433 3384 de
2470 3334 2701 3398 gratuito

514 3405 661 3455 Fast.
682 3419 737 3454 v.
757 3411 871 3457 551.
893 3421 972 3472 sq.
991 3412 1106 3460 579.
1157 3410 1373 3461 Eckhel.
1396 3411 1567 3462 doctr.
1643 3415 1702 3458 et
1738 3408 2027 3474 honorario,
2048 3418 2104 3460 et
2124 3412 2390 3459 honestum
2414 3410 2703 3461 exactionis

512 3480 638 3532 NN.
659 3481 720 3533 T.
741 3487 791 3533 6.
810 3498 863 3548 p.
885 3487 966 3535 94.
989 3500 1069 3549 aq.
1088 3492 1144 3535 et
1161 3489 1273 3535 loo.
1312 3502 1426 3550 quoe
1449 3488 1568 3539 loca
1644 3499 1831 3535 nomen
1872 3484 2084 3536 factum.
2160 3484 2452 3548 Ξτεφωωὼν
2484 3485 2701 3547 “Accua

511 3556 665 3608 etiam
694 3557 763 3608 de
796 3559 898 3609 alio
932 3560 1119 3609 Martis
1151 3562 1347 3612 Ultoris
1369 3565 1567 3628 templo
1643 3560 1949 3625 Aneyranos
1971 3561 2164 3612 dixisse
2199 3563 2299 3611 πᾶν
2329 3561 2388 3611 τὸ
2419 3563 2470 3612 ἐν
2504 3560 2701 3626 >gripum
2725 3580 2740 3591 ·

431 3685 446 3696 ,
511 3641 691 3699 agunt,
723 3635 790 3685 de
811 3650 914 3701 quo
934 3651 982 3685 v.
1002 3642 1112 3686 not.
1137 3654 1184 3687 z.
1208 3652 1344 3689 mox.
1639 3632 1770 3699 μέρει
1798 3636 2048 3700 διδόμενον,
2068 3638 2221 3688 docet
2243 3638 2441 3688 Suidas.
2487 3636 2568 3689 ef.
2589 3638 2703 3692 Dia

575 3718 602 3753 Ρ
633 3711 716 3762 cf.
741 3712 842 3764 Dio
860 3727 967 3765 nv.
987 3717 1164 3765 25-27.
1643 3726 1845 3766 xum.
1864 3718 1948 3765 42.
1970 3728 2124 3766 xux.
2146 3719 2231 3764 42.
2265 3726 2336 3764 nr.
2358 3718 2439 3765 21.
2465 3714 2700 3778 Lipa..de

576 3794 602 3829 ‘¹
633 3786 714 3839 Cf.
732 3789 876 3839 Suet.
901 3803 947 3838 c.
972 3793 1054 3838 30.
1644 3803 1815 3853 magn.
1839 3790 1984 3839 Rom.
2007 3804 2076 3841 ιι.
2088 3794 2140 3840 9.
2197 3790 2408 3841 Ernesti
2427 3789 2560 3841 clav.
2583 3789 2702 3840 Cic.

574 3864 603 3893 'f
625 3860 813 3925 Propr.
847 3864 913 3913 ad
951 3878 1169 3916 coronas
1207 3866 1564 3932 triumphales,
1639 3871 1697 3915 et
1721 3864 1974 3915 Schelleri
1996 3866 2123 3916 Lex.
2143 3865 2260 3920 Lat.

511 3936 708 4000 χρυσίων
735 3938 785 3987 ἐς
813 3937 1077 4002 στεφάνους
1104 3956 1191 4006 ap.
1224 3943 1378 3994 Dion.
1404 3954 1562 3996 xmx.
1704 3949 1724 3974 ⁸
1755 3939 1837 3993 Cf.
1855 3949 1967 3992 not.
1991 3957 2041 4006 g.
2065 3957 2117 4005 p.
2138 3944 2223 3991 58.

510 4017 594 4062 42.
660 4012 792 4063 Inde
814 4010 1005 4065 dictum
1025 4018 1230 4081 proprie
1250 4033 1563 4068 aarum-coro·
1702 4020 1722 4054 ί
1751 4021 1910 4070 Forte
1930 4021 2037 4083 leg.
2061 4020 2339 4071 accitas-mn.

510 4089 731 4138 narime
762 4103 881 4139 nam
917 4089 1152 4149 ducibus,
1186 4095 1276 4158 qni
1314 4094 1379 4144 ab
1417 4109 1564 4144 eaer-
1704 4104 1728 4130 ¹
1761 4095 1841 4147 ef.
1871 4096 2017 4148 Suet.
2040 4097 2177 4160 Aug.
2198 4100 2283 4149 43.
2313 4095 2493 4164 ibique
2521 4096 2696 4164 intpp.

511 4163 618 4214 citu
671 4164 1018 4228 Imperatores
1071 4169 1487 4234 appellabantur,
1530 4185 1563 4222 a
1643 4171 1928 4230 Quatersc.
1946 4178 1993 4224 et
2019 4172 2179 4227 vicies.

511 4240 929 4308 provincialibus,
963 4244 1114 4297 sociis
1144 4244 1453 4312 regibusque
1474 4261 1560 4298 co·
