3034 4925
1031 369 1175 418 mn.
1222 370 1303 419 11.
1348 369 1509 421 cAP.
1553 356 1662 422 16.
2271 356 2401 424 393

192 535 464 598 manu,
494 518 778 587 Romam
804 519 1176 609 transfugit.
1262 524 1401 592 His
1444 521 1681 591 civitas
1726 524 1883 592 data
1904 544 2191 612 agerque
2221 534 2401 593 trans

194 621 612 690 Anienem*
695 623 912 691 Vetus
971 624 1262 696 Claudia
1306 629 1567 706 tribus,⁰
1625 627 1871 693 additis
1905 637 2161 713 'postea
2205 630 2402 695 novis

195 725 606 805 tribulibuS,
636 729 862 811 quiex
892 749 974 795 eo
1003 733 1304 797 venirent
1326 721 1404 771 ’θ’
1421 753 1603 817 agro,
1634 729 2026 816 appellata?
2111 730 2402 817 AppiuS,

192 829 401 894 inter
425 831 664 897 Patres
687 833 921 912 lectus,
946 835 1126 901 haud
1147 837 1244 902 ita
1272 837 1482 902 multo
1509 842 1666 921 post
1692 836 1761 900 in
1786 835 2150 920 principum
2173 835 2404 918 digna-

196 931 479 997 tionem
498 945 528 971 ¹⁶
548 927 883 1019 pervenit.
974 936 1327 1019 ConsuleS,
1362 940 1594 1005 infesto
1621 939 1916 1004 exercitu
1945 938 2014 1003 in
2036 957 2259 1022 agrum
2280 936 2406 1002 Sa-·

195 1035 463 1099 binum
505 1036 813 1120 profecti,
850 1059 1005 1105 cum
1047 1041 1145 1107 ita
1188 1042 1575 1120 vastatione,
1606 1041 1794 1106 dein¹
1842 1043 2098 1126 praelio,
2128 1039 2407 1105 afflixis-

199 1143 375 1201 sent
392 1146 420 1186 Ρ
450 1157 618 1222 opes
640 1140 954 1221 hostium,
974 1149 1049 1208 ut
1067 1143 1184 1208 diu
1208 1143 1371 1208 nihil
1398 1144 1556 1209 inde
1585 1144 1961 1210 rebellionis
1989 1146 2218 1209 timere
2248 1161 2410 1226 pos-

200 1245 403 1318 sent,
436 1241 912 1327 triumphantes
943 1245 1228 1311 Romam
1259 1245 1611 1312 redierunt.
1659 1246 1737 1311 P.
1757 1245 2086 1323 Valerius,
2114 1246 2409 1310 omnium

200 1361 557 1408 consensu
579 1346 885 1432 princeps
915 1347 1076 1412 belli
1106 1339 1431 1433 pacisque
1455 1349 1730 1426 artibus,
1760 1365 1934 1413 anno
1962 1353 2141 1432 post,
2164 1345 2410 1429 Agrip-

201 1465 313 1531 pa
352 1446 692 1527 Menenio,
749 1451 829 1515 P.
869 1451 1221 1517 Postumio
1279 1451 1695 1528 consulibus,
1747 1452 2042 1530 moritur,
2074 1450 2285 1534 gloria
2313 1448 2410 1513 in-

204 1547 426 1631 genti,
485 1554 711 1635 copiis
749 1554 1182 1621 familiaribus
1233 1547 1429 1622 adeo‘
1451 1556 1738 1638 exiguis,
1784 1561 1854 1619 ut
1893 1553 2103 1620 funeri
2149 1559 2412 1617 sumtus

204 1650 522 1718 deesset:
558 1656 650 1721 ‘de
672 1658 942 1741 publico
970 1664 1076 1721 est
1102 1656 1368 1722 elatus.²
1386 1664 1412 1703 ‘¹
1475 1657 1739 1722 Luxere
1768 1663 2110 1734 matronae,
2140 1658 2213 1720 ut
2243 1654 2409 1718 Bru-

208 1760 393 1818 tum·
511 1757 765 1825 Eodem
821 1780 989 1826 anno
1048 1760 1202 1826 duae
1258 1760 1542 1827 coloniae
1602 1760 1885 1839 Latinae,
1946 1757 2253 1824 Pometia
2276 1764 2297 1791 ¹
2348 1761 2416 1819 et

211 1856 456 1937 Cora,⁸
498 1860 581 1926 ad
630 1862 1016 1929 Auruncost
1057 1861 1395 1929 deficiunt.
1482 1862 1653 1928 Cum
1681 1860 2016 1927 Auruncis
2038 1859 2283 1926 bellum
2314 1859 2408 1923 in-

281 2016 312 2040 ·
346 2008 416 2058 In
435 2010 832 2062 existimationem
852 2017 900 2062 et
919 2012 1125 2073 gradum
1139 2011 1478 2075 primariorum
1500 2011 1803 2062 Senatorum.

1132 2141 1161 2161 O
1169 2141 1195 2160 O
1202 2140 1499 2161 Oeeeoeeeee

213 2220 283 2269 R.
348 2191 491 2272 mad
513 2222 744 2273 rectius:
781 2224 1116 2287 nupera—so
1146 2224 1382 2275 venerant
1403 2222 1592 2274 13de
1611 2225 1787 2289 sigon.
1811 2221 1874 2273 ad
1901 2223 2157 2274 nub-1
2179 2222 2413 2272 Gronov.

1215 2352 1431 2404 No'rAE

216 2465 334 2503 rum
363 2448 418 2499 in
452 2448 656 2501 Sabine
685 2450 861 2503 tabula
896 2458 977 2505 est
1003 2454 1285 2518 cantalupo,

219 2528 366 2576 inter
392 2541 567 2577 amnes
589 2527 848 2581 Aveutem
867 2530 1044 2597 (hodie
1061 2530 1285 2580 Galam·

1361 2454 1756 2594 Pltlc‘sspablico
1775 2534 1849 2580 est
1864 2530 2037 2594 datu]
2058 2529 2177 2579 Nou
2202 2527 2412 2592 publico

217 2603 308 2666 no)
337 2610 396 2652 et
418 2604 715 2656 Curensem.
783 2607 890 2656 Hic
912 2606 1086 2656 sedem
1105 2606 1287 2656 habuit

222 2677 408 2728 Attius
457 2680 690 2743 Clausus,
743 2690 1015 2747 antequam
1071 2683 1284 2732 Romam

220 2758 492 2822 migraret.
575 2760 703 2809 Cum
741 2775 803 2810 eo
827 2768 1000 2810 autem
1023 2761 1137 2810 loco
1160 2759 1285 2809 nihil

222 2849 497 2885 commuue
522 2845 714 2899 preter
740 2852 924 2887 nomen
952 2836 1160 2888 videtur
1194 2838 1284 2886 ha-

225 2909 352 2961 bere
375 2912 517 2964 lacus
540 2911 786 2977 Regillus,
808 2915 895 2979 qui
917 2914 970 2963 in
993 2913 1144 2965 Latio
1167 2912 1286 2977 fuit,

225 2986 289 3036 de
312 3001 422 3050 quo
447 2987 602 3050 paulo
625 2996 746 3052 post
766 3003 815 3039 c.
838 2993 920 3039 19.

290 3073 317 3098 ¹
356 3067 578 3130 Agerque
594 3071 729 3117 trans
742 3066 997 3132 Anienem]
1033 3060 1287 3118 In'Confi·

226 3141 312 3191 nio
334 3141 665 3205 Sabinorum,
695 3143 835 3194 inter
862 3143 1082 3194 Fidenas
1115 3151 1171 3194 et
1203 3143 1288 3193 Fi·

228 3217 450 3279 euleam,
494 3232 674 3282 agrum
715 3218 933 3270 Claudio
964 3220 1185 3269 Senatus
1219 3234 1285 3269 ex

228 3291 438 3356 publico
459 3292 623 3351 dedit,
646 3302 783 3346 teste
807 3296 1076 3360 Dionysio.
1118 3295 1287 3347 Addit

229 3368 370 3418 Plut.
394 3369 612 3420 Claudio
629 3371 839 3436 quidem
852 3372 1042 3436 jugera
1060 3373 1287 3438 quinque

232 3452 285 3493 et
307 3446 507 3508 viginti,
541 3450 729 3497 ceteris
763 3448 884 3511 duo,
915 3463 946 3497 a
976 3447 1041 3499 P.
1075 3448 1286 3501 Valerio

233 3518 386 3570 fuisse
409 3520 687 3585 assignata.

291 3606 314 3630 ⁰
352 3598 553 3648 Claudio
574 3599 752 3663 tribus]
791 3600 988 3650 Fuerat
997 3601 1104 3665 jam
1122 3617 1153 3651 a
1169 3601 1289 3651 Ser·

238 3673 313 3723 vio
335 3674 503 3722 Tullio
534 3683 683 3725 vetus
707 3677 947 3727 instituta
970 3677 1151 3741 tribus,
1172 3692 1289 3742 quae

239 3751 500 3814 proprium
543 3766 608 3801 ex
647 3753 765 3803 loco
803 3768 989 3804 nomen
1028 3754 1252 3804 habebat
1272 3768 1289 3803 t

241 3827 325 3879 sed
347 3840 426 3884 ea,
448 3840 585 3876 nnnc
608 3829 831 3892 ascripto
853 3843 970 3880 cum
993 3844 1173 3894 magna
1196 3829 1291 3880 cli·

243 3911 414 3953 entum
452 3919 605 3954 mann
641 3904 817 3971 Appio
848 3906 1082 3968 Claudio,
1106 3919 1292 3957 nomen

244 3981 476 4038 mutavit,
493 3981 711 4031 Claudia
735 3982 855 4031 inde
870 3983 1150 4046 appellata,
1173 3997 1291 4033 auc-

247 4066 354 4105 tore
377 4057 629 4122 Dionysio
653 4056 838 4110 eodem
864 4059 955 4110 lib.
980 4074 1035 4109 v.

307 4132 330 4157 ·
362 4133 428 4183 A.
452 4135 522 4184 U.
548 4136 610 4186 C.
634 4139 748 4186 249.

305 4218 330 4250 1²
362 4210 881 4277 Praelio,ufflixisseut]
915 4210 1033 4262 Hoc
1061 4213 1295 4277 praelium

251 4286 487 4350 graphice
516 4287 828 4339 describitur
860 4303 892 4337 a
927 4289 1071 4341 Plut.
1103 4289 1157 4340 in
1192 4290 1295 4340 Po-

372 4367 552 4431 Delpk.
574 4373 624 4418 et
648 4368 764 4422 Ver.
789 4371 918 4421 Clas.

1245 4369 1429 4421 Liuias.

1361 2615 1567 2657 sumtu:
1602 2622 1718 2657 nam
1762 2622 1795 2656 a
1838 2606 2037 2656 civibus
2072 2606 2248 2657 collati
2292 2611 2414 2655 sunt

1361 2683 1550 2747 singuli
1592 2681 1926 2748 quadrantes,
1962 2682 2005 2732 si
2043 2680 2322 2732 Plutarcho
2359 2678 2420 2729 fl·

1361 2759 1485 2810 des:
1533 2759 1624 2809 sed
1659 2758 1878 2823 populus
1915 2758 1964 2808 ei
1997 2759 2238 2808 bonorem
2277 2758 2413 2806 hunc

1360 2836 1556 2887 funeris
1588 2836 1795 2900 publice
1834 2834 2101 2895 deci-evin
2146 2841 2305 2898 atque
2346 2830 2413 2880 ad

1361 2913 1488 2963 illud
1513 2911 1796 2962 ornandum
1818 2910 2010 2960 viritim
2031 2909 2173 2960 facta
2195 2916 2275 2961 est
2292 2922 2414 2959 con·

1361 2988 1597 3038 tributio.
1629 2987 1899 3038 Praeterea
1912 2987 2049 3041 intra
2060 2986 2250 3036 Urbem
2256 2985 2418 3050 juxta

1362 3066 1547 3116 Velum
1588 3066 1824 3129 sepultus
1861 3070 1963 3127 eat,
1994 3064 2209 3128 ejusque
2242 3064 2415 3127 sepul-

1361 3142 1436 3192 cri
1459 3143 1621 3192 honos
1657 3141 1878 3205 posteris
1910 3141 2073 3205 ipsius
2098 3140 2416 3206 permissus;

1361 3235 1480 3271 cum
1523 3220 1688 3272 ceteri
1722 3225 1874 3269 extra
1905 3217 2104 3268 Urbem
2136 3216 2418 3282 sepeliren-

1363 3306 1466 3350 tur.

1425 3383 1446 3409 ¹·
1476 3373 1718 3437 Pometia]
1745 3373 1824 3422 De
1836 3371 2028 3422 Suessa
2041 3369 2283 3421 Pometia
2295 3368 2420 3417 Vol·

1361 3464 1565 3500 acorum
1600 3451 1815 3500 civitate
1849 3448 1940 3497 lib.
1973 3461 2012 3497 1.
2046 3460 2093 3495 e.
2127 3450 2210 3495 26.
2245 3449 2301 3494 et
2334 3445 2417 3491 ⁶8.

1362 3524 1514 3576 Adde
1550 3541 1581 3574 a
1614 3525 1887 3585 Kirchero,
1920 3523 2009 3572 lib.
2041 3535 2119 3571 lv.
2158 3519 2316 3582 Latii,
2350 3516 2417 3566 ad

1363 3600 1602 3650 dextram
1623 3599 1829 3649 Asturae
1851 3597 1996 3646 fluvii
2020 3591 2420 3660 poni,quemad·

1355 3675 1571 3744 ‘modum
1593 3690 1626 3725 a
1661 3675 1807 3724 Cluv.
1841 3673 1971 3722 licet
2004 3673 2054 3721 iu
2077 3670 2218 3721 Latii
2240 3667 2421 3723 tabula

1364 3752 1592 3818 generali
1627 3752 1762 3801 ultra
1790 3763 1910 3800 eum
1940 3748 2215 3799 scribatur.
2280 3747 2424 3809 Ager

1365 3829 1654 3890 Pomtinus,
1666 3826 1785 3876 olim
1799 3829 1880 3875 23.
1896 3824 2102 3889 oppidis
2120 3822 2423 3887 frequenta·

1367 3914 1473 3969 tus,
1495 3907 1735 3956 horreum
1759 3909 1814 3952 et
1837 3899 2142 3964 pennarium
2166 3898 2425 3950 Romano·

1367 3997 1484 4032 rum
1495 3989 1710 4031 vocatur
1728 3978 1794 4028 ab
1814 3977 2227 4027 Halicarnasseo.

1366 4115 1371 4121 ,
1431 4067 1450 4092 ·
1485 4056 1634 4119 Cora]
1682 4054 1744 4104 In
1767 4053 1971 4103 Volscis
1992 4067 2193 4117 quoque
2216 4051 2315 4101 fnit
2332 4053 2424 4113 Co·

1367 4152 1426 4185 ro
1467 4134 1623 4199 paulo
1657 4144 1815 4195 supra
1845 4130 2157 4193 Pometiam,
2185 4130 2285 4182 etsi
2306 4130 2426 4178 Vir-

1371 4211 1525 4277 gilius
1548 4208 1773 4273 antiquis
1794 4206 1993 4257 Latinis
2015 4206 2255 4270 assignet.
2288 4204 2425 4254 Con·

1373 4288 1537 4338 ditam
1578 4285 1759 4338 volunt
1798 4299 1830 4334 a
1866 4283 2063 4336 Corace
2106 4281 2328 4342 Tiburti,
2370 4282 2427 4328 et

2181 4367 2214 4412 2
2247 4360 2295 4411 G
