3034 4925
556 348 687 416 464
1507 364 1580 413 τ.
1620 362 1813 413 mvn

560 515 843 583 devictis
887 535 969 582 eo
1011 534 1185 581 anno
1226 514 1507 582 Volscis
1556 501 1961 601 AEquisque,
2005 515 2281 581 militem
2318 515 2550 600 praeda
2595 516 2761 581 frau-

559 619 828 685 davere.
905 618 1241 703 Quicquid
1274 628 1547 704 captum
1581 639 1671 684 ex
1697 620 2004 684 hostibus
2034 627 2160 697 est,
2186 619 2480 700 yendidit
2505 619 2760 683 Fabius

560 722 815 800 consul,
870 740 952 785 ac
1005 722 1256 804 redegit
1313 723 1384 786 in
1434 723 1811 807 publicum.
1920 722 2223 787 Invisum
2278 728 2423 793 erat
2471 720 2761 785 Fabium

557 835 839 889 nomen·‘
883 824 1062 907 plebi
1104 832 1373 909 propter
1422 825 1867 915 novissimum
1914 824 2292 891 consulem:
2344 832 2624 888 tenuere
2669 829 2758 887 ta·

557 943 708 989 men
756 924 1026 1004 PatreS,
1054 932 1132 990 nt
1175 946 1327 991 cum
1372 927 1452 990 L.
1483 928 1807 992 AEmilio⁸
1853 925 1944 991 K.
1996 927 2254 991 Fabius
2302 922 2539 991 consul
2584 941 2763 989 crea-

558 1033 758 1090 retur.
833 1028 934 1093 Eo
965 1029 1273 1095 infestior
1293 1030 1478 1095 facta
1505 1032 1740 1114 plebes
1769 1029 2098 1095 seditione
2123 1029 2486 1094 domestica
2514 1026 2762 1092 bellum

559 1133 905 1194 externum
958 1133 1249 1199 excivit:
1309 1133 1488 1198 bello
1546 1132 1784 1198 deinde
1845 1131 2081 1197 civiles
2144 1130 2501 1195 discordiae
2566 1130 2764 1194 inter-

557 1229 812 1296 missae.
901 1231 1058 1298 Uno
1103 1236 1322 1299 animo
1369 1234 1605 1299 Patres
1649 1254 1731 1299 ae
1777 1236 2005 1318 plebes
2037 1233 2439 1298 rebellantes
2466 1230 2762 1297 Volscos

556 1338 632 1396 et
676 1333 1000 1418 AEqnoS,²’
1043 1337 1217 1403 duce
1265 1337 1567 1414 AEmilio‚
1611 1356 1942 1420 prospera
1992 1355 2214 1419 pugna
2260 1336 2505 1400 vicere.
2605 1333 2762 1398 Plus

561 1438 780 1499 tamen
811 1438 1103 1502 hostium
1127 1439 1315 1522 fuga,
1347 1459 1552 1524 quam
1585 1439 1915 1522 praelium,
1949 1438 2305 1503 absumsit.
2392 1436 2596 1501 Adeo
2627 1455 2764 1520 per·

562 1537 873 1604 tinaciter
897 1539 1088 1606 fusos
1111 1542 1398 1607 insecuti
1421 1548 1579 1605 sunt
1601 1541 1887 1625 equiteS.
1964 1540 2270 1632 Castoris
2294 1540 2514 1604 aedes⁶
2538 1537 2765 1602 eodem

563 1656 738 1704 anno
785 1640 1022 1707 Idibus
1071 1641 1491 1720 Quintilibus
1537 1644 1848 1711 dedicata
1884 1648 2006 1709 est.
2108 1643 2302 1709 Vota
2345 1646 2485 1707 erat
2535 1639 2765 1705 Latino

627 1796 656 1821 ⁸
689 1790 901 1840 Familia
929 1791 1197 1846 Fabiorum.
1210 1801 1227 1812 ‘

1555 1877 1776 1930 NOTAE

565 1975 779 2019 mortem
818 1971 1097 2035 optimates
1130 1974 1204 2024 ita
1243 1975 1416 2026 efferri
1451 1992 1625 2040 coepe·
1705 1976 1944 2041 populari
1976 1974 2266 2041 largitionis
2301 1988 2398 2038 spe
2443 1972 2770 2030 incitaretur,

566 2053 707 2106 runt,
726 2055 784 2096 nt
819 2048 1005 2110 plebeii
1030 2049 1286 2113 judicium
1315 2069 1459 2103 sunm
1484 2054 1624 2102 dam·
1704 2054 1894 2104 Patres
1917 2054 2066 2102 alteri
2091 2068 2157 2102 ex
2180 2049 2577 2101 accusatoribus
2597 2045 2766 2108 Cassii,

564 2132 771 2184 nat-ent,
821 2140 923 2189 qno
977 2136 1421 2194 propugnatorem
1475 2145 1625 2180 snum

564 2201 684 2249 neci
719 2201 988 2251 dederant.
1054 2203 1210 2254 Hune
1239 2220 1510 2255 moerorem
1537 2223 1626 2256 au·

567 2275 762 2340 gebant
804 2279 922 2328 novi
971 2282 1227 2342 consules,
1266 2283 1355 2347 qui
1409 2282 1625 2332 decreta

564 2353 788 2405 Senatus
824 2355 891 2404 de
913 2358 1047 2419 agris
1069 2357 1357 2408 dividendis
1381 2373 1481 2407 non
1505 2374 1626 2409 exe-

568 2430 875 2496 quebantur.
935 2434 1005 2484 Hi
1031 2436 1427 2506 tumultuantem
1449 2438 1626 2488 multi-

568 2511 798 2561 tudinem
831 2512 1023 2562 ducere
1047 2502 1199 2564 extra
1230 2515 1429 2566 Urbem
1453 2519 1626 2568 colore

566 2585 689 2637 belli
714 2588 1033 2649 cogitabant.
1100 2591 1173 2640 At
1194 2592 1343 2654 pauci
1366 2607 1554 2643 nomen
1576 2594 1627 2642 in

569 2663 802 2712 militiam
854 2664 1068 2727 dabant,
1112 2667 1332 2717 tribunis
1377 2670 1476 2718 vim
1523 2670 1630 2719 cni-

568 2754 717 2805 quam
741 2740 855 2791 fieri
881 2741 1187 2794 vetantibus.
1250 2746 1437 2795 Donec
1461 2754 1631 2796 metus

568 2831 660 2868 eos
688 2818 876 2868 invasit
915 2835 979 2868 ue
1000 2819 1224 2871 dictator
1246 2821 1530 2888 diceretur,
1563 2823 1629 2873 is-

518 2887 531 2901 *
569 2910 672 2961 que
704 2911 975 2959 supremus
1009 2899 1341 2962 magistratus
1369 2901 1482 2964 (qui
1516 2914 1629 2950 ces—

566 2971 797 3021 santibus
830 2973 1020 3022 ceteris
1055 2982 1369 3037 potestatem
1402 2975 1632 3026 babebat

570 3046 726 3096 nullis
782 3048 998 3097 vinculis
1047 3047 1374 3112 obstrictam)
1418 3051 1630 3101 manda-

569 3128 714 3170 retur
754 3120 929 3187 Appio
973 3116 1208 3180 Claudio,
1253 3126 1442 3174 homini
1498 3127 1630 3178 duro

572 3197 865 3254 admodum,
908 3205 1064 3263 atque
1105 3200 1352 3251 adversus
1394 3202 1627 3266 plebeios

570 3273 773 3325 furores
815 3275 1086 3328 offirmato.
1167 3279 1245 3328 Eo
1289 3279 1471 3330 timore
1509 3296 1627 3346 per·

571 3353 702 3404 eulsi
741 3355 948 3405 nomina
988 3354 1216 3407 dedere:
1262 3364 1319 3408 et
1357 3358 1628 3411 Cornelius

569 3433 775 3498 quidem
799 3434 1073 3484 Veientem
1093 3441 1292 3485 tantum
1314 3450 1491 3501 agrum
1519 3452 1627 3488 vas-

570 3510 737 3572 tavit3
785 3526 904 3561 mox
940 3510 1158 3560 redditis
1197 3513 1365 3576 pretio
1405 3514 1629 3576 captivis

567 3585 802 3636 inducias
836 3587 885 3636 in
921 3601 1107 3638 annum
1135 3587 1438 3638 Veientibus
1464 3588 1629 3638 dedit.

570 3663 699 3713 Cum
720 3665 886 3715 altero
904 3665 1138 3715 exercitu
1156 3665 1348 3716 Fabius
1369 3668 1420 3714 in
1447 3667 1629 3731 AEqno·

568 3753 681 3789 rum
714 3756 891 3805 agrum
927 3742 1148 3806 irrupit:
1185 3741 1306 3790 inde
1339 3741 1392 3790 in
1415 3742 1628 3791 Volsco-

569 3829 680 3866 rum
695 3817 823 3867 fines
841 3824 1207 3881 transgressus,
1221 3819 1307 3883 qui
1325 3831 1391 3867 ex
1408 3818 1628 3885 Antiage

572 3906 694 3955 agro
716 3895 914 3957 coorti,
951 3904 1234 3958 conspecta
1276 3896 1625 3944 Romanorum

569 3969 702 4031 acie,
727 3984 845 4031 pars
871 3970 1085 4022 Antium
1113 3969 1242 4035 fuga
1263 3972 1480 4034 petiere,
1505 3986 1625 4035 pars

569 4040 624 4092 in
642 4044 835 4113 montis„
850 4045 1097 4096 verticem
1118 4047 1367 4111 compulsi
1385 4060 1441 4095 se
1465 4046 1627 4096 Fabio

570 4117 837 4170 dedidere.

636 4202 661 4229 ⁸
696 4196 819 4245 Cum
839 4194 1138 4262 L.AEmilio]
1175 4198 1259 4249 Ne
1282 4198 1404 4264 qnid
1424 4199 1628 4253 irritata

571 4272 720 4336 plebs
759 4276 1012 4336 moveret,
1052 4273 1095 4323 si
1140 4287 1172 4324 a
1208 4275 1417 4324 consule
1457 4275 1627 4340 aliquo

1705 2127 1910 2179 Caesoni
1957 2130 2140 2193 Fabio,
2179 2129 2246 2180 Q.
2285 2126 2453 2186 Fabii,
2495 2121 2763 2174 anterioris

1705 2207 1943 2264 consulis,
1964 2205 2137 2267 fratri,
2150 2212 2387 2255 auctores
2409 2198 2634 2265 petendi
2654 2211 2762 2249 con·

1706 2282 1926 2332 sulatum
1972 2280 2201 2342 fuerunt,
2258 2279 2345 2329 cui
2393 2278 2454 2327 1..
2511 2275 2761 2325 AEmiliuta

1706 2374 1813 2409 suae
1847 2358 2088 2409 factionis
2122 2355 2374 2405 hominem
2398 2353 2761 2415 adjunxerunt.

1708 2437 1823 2489 Nec
1864 2451 2041 2487 eorum
2081 2434 2298 2485 consilia
2336 2431 2594 2496 impedire
2630 2426 2762 2494 plebs

1709 2520 1939 2578 poterat,
1985 2514 2121 2578 qnod
2174 2510 2476 2561 centuriatis
2537 2507 2764 2561 comitiis.

1710 2591 1897 2654 quibus
1920 2591 2143 2655 majores
2165 2589 2495 2652 magistratus
2520 2584 2761 2636 creaban-

1712 2672 1820 2730 tur,
1850 2667 2000 2720 lonue
2041 2666 2383 2729 praevalerent
2416 2663 2668 2712 nobilium
2698 2662 2762 2710 lo·

1712 2742 2078 2807 cupletumque
2101 2739 2363 2804 suffragia,
2382 2739 2458 2788 uti
2476 2738 2575 2788 lib.
2599 2751 2639 2788 1.
2660 2749 2762 2800 cap.

1712 2823 1795 2869 ⁴3.
1820 2819 2176 2883 explicuimus.
2244 2817 2431 2881 Itaque
2456 2830 2603 2865 anno
2624 2813 2764 2865 Urbis

1702 2896 1858 2960 juxta
1915 2895 2154 2959 Dionysii
2205 2895 2458 2944 rationem
2513 2897 2638 2943 2⁷⁰.
2676 2888 2763 2940 Ar·

1709 2975 1900 3024 chonte
1938 2973 2156 3023 Athenis
2195 2972 2500 3031 Nicodemo,
2539 2969 2762 3020 consules

1712 3051 1876 3099 creati
1891 3052 1950 3101 L.
1966 3050 2217 3109 AEmilius,
2234 3048 2483 3100 Mamerci
2505 3045 2544 3097 f.
2564 3056 2618 3097 et
2630 3047 2762 3097 Caess

1711 3128 1925 3188 Fabius,
1947 3127 2177 3178 Caesonis
2200 3125 2357 3186 filins,
2377 3125 2612 3190 quietam
2638 3137 2667 3172 a
2686 3121 2762 3171 do·

1708 3203 1938 3253 mesticis
1962 3202 2125 3251 turbis
2151 3215 2313 3265 remp.
2335 3200 2583 3251 habuere.

1773 3278 1797 3314 t·
1821 3280 2006 3330 Volscos
2021 3284 2068 3328 et
2085 3278 2296 3343 AEquos]
2313 3278 2441 3328 Cum
2457 3277 2640 3328 Volsci
2659 3288 2761 3340 par·

1709 3361 1813 3407 tem
1839 3358 2098 3420 copiarum
2123 3356 2379 3405 misissent
2404 3354 2456 3403 in
2480 3354 2693 3404 Isatinos
2712 3356 2760 3400 et

1711 3433 1987 3490 Hernicos,
2036 3434 2377 3482 Romanorum
2422 3430 2618 3493 socios,
2654 3428 2759 3478 reli·

1712 3513 1825 3576 quis
1865 3510 2029 3575 copiis
2071 3524 2245 3573 agrum
2292 3522 2437 3558 snum
2476 3513 2759 3568 tuerentur,

1708 3586 1872 3637 Fabio
1905 3588 2070 3636 tutela
2100 3586 2355 3636 sociorum
2378 3592 2521 3634 sorte
2545 3584 2759 3636 obvenit·

1711 3663 1941 3714 AEmilius
1981 3664 2199 3712 alterum
2234 3661 2521 3711 exercitum
2564 3661 2616 3710 in
2652 3658 2759 3708 Vol·

1709 3753 1827 3790 scos
1852 3738 1917 3788 ad
1941 3738 2155 3787 Antium
2177 3737 2343 3785 duxit.
2409 3735 2631 3786 Romani
2657 3736 2757 3783 lios·

1707 3818 1834 3875 tem,
1868 3815 1934 3863 de
1967 3813 2223 3864 industria
2253 3810 2562 3876 fugientem,
2593 3809 2757 3865 secuti·

1705 3904 1942 3955 magnam
1991 3897 2193 3954 partem
2227 3889 2349 3938 cesi
2383 3889 2594 3953 captive
2632 3894 2756 3945 sunt,

1706 3967 1893 4031 reliqui
1939 3967 2126 4016 castris
2168 3965 2365 4015 relictis
2407 3965 2660 4019 tumulum
2697 3960 2752 4011 sd

1707 4044 1994 4109 Longulam
2029 4050 2376 4108 occuparuntz
2413 4050 2470 4092 at
2488 4040 2754 4091 summissis

1708 4135 1740 4170 a
1771 4121 1989 4172 Caesone
2022 4122 2247 4185 auxiliis,
2269 4119 2448 4170 Volsci
2477 4121 2543 4170 ab
2577 4126 2751 4170 castro-

1709 4212 1820 4248 rum
1836 4197 2221 4263 oppugnatione
2235 4196 2431 4260 repulsi
2449 4211 2568 4246 cum
2582 4195 2749 4245 damno

1709 4275 1762 4325 in
1796 4273 2008 4340 propria
2041 4277 2215 4325 castra
2242 4269 2571 4338 refugerunt,
2602 4271 2672 4323 ita
2701 4275 2749 4318 ιιι
