3034 4925
991 375 1168 426 νιτΑ
1221 376 1311 425 nr
1360 375 1724 426 ms'ronm
1776 377 1954 426 nou.
2470 360 2558 425 35

367 520 603 603 quinto
650 518 812 586 Sim.
865 516 1196 602 Grynaeus
1248 518 1317 583 in
1370 520 1478 584 ed.
1510 519 1748 588 .Basil.
1781 520 1975 587 1631.
2009 520 2217 587 libros
2259 522 2553 606 quinque

364 630 785 706 postremos3
828 627 897 685 et
939 640 1028 685 ex
1077 619 1214 684 Ms.
1256 620 1729 705 Bambergensi
1772 622 1982 706 Casp.
2015 623 2441 706 Lusignanus
2489 625 2556 688 in

368 724 476 789 ed.
519 722 720 788 Rom.
768 722 962 789 1616.
1005 722 1220 806 prima
1265 723 1371 788 17.
1420 725 1648 807 capita
1694 725 1853 789 libri
1909 740 2215 789 xxxlu.
2257 745 2410 808 quae
2440 723 2551 791 Li-

365 826 551 891 viani
583 826 806 909 operis
835 832 1062 910 partes
1093 825 1162 889 in
1190 825 1465 908 reliquis
1497 826 1668 891 Mss.
1699 827 2184 894 desiderantur.

450 927 567 992 Ad
608 927 1045 996 recensendas
1077 928 1343 1017 quoque
1373 926 1697 1011 Epitomas
1729 926 2029 993 Livianus
2066 931 2191 994 viri
2221 929 2401 995 docti
2442 932 2557 996 ad-

364 1030 644 1094 hibuere
674 1028 948 1093 codices
979 1029 1243 1110 Mstos3
1291 1030 1611 1111 Sigonius
1642 1031 1995 1113 quosdam,
2023 1031 2253 1098 nescio
2291 1039 2456 1116 quot
2493 1038 2559 1100 et

336 1205 341 1214 Ἴ
369 1130 608 1212 quales
633 1150 652 1210 3
698 1128 1017 1195 Gruterus
1045 1128 1436 1210 Palatinos;
1477 1129 1547 1195 J.
1575 1132 1685 1195 Fr.
1715 1131 2100 1198 Gronovius
2130 1128 2559 1214 Bar-barinum

367 1239 436 1296 et
456 1230 630 1295 duos
649 1227 975 1293 Gudianos
991 1253 1015 1300 ,·
1048 1230 1321 1295 Hearne
1347 1230 1517 1309 cod?
1535 1228 1623 1295 N.
1641 1233 1919 1315 Collegii
1937 1233 2125 1298 Novi
2145 1234 2559 1300 oxoniensis

334 1407 339 1414 ,
366 1329 877 1397 etNorvicensem
889 1330 934 1397 J
939 1350 1001 1395 o.
1023 1330 1222 1410 Mori,
1234 1332 1568 1416 Episcopi
1587 1332 1656 1398 N
1660 1334 2026 1400 orvicensis
2044 1355 2063 1416 ;
2088 1334 2559 1413 Drakenborch

370 1431 764 1520 Bet-giarium
784 1432 832 1497 J
833 1433 1070 1498 oannis
1101 1452 1231 1497 van
1259 1426 1392 1498 den
1424 1435 1670 1517 Bergh,
1699 1436 1747 1501 J
1751 1434 1859 1501 cti
1882 1443 1949 1503 et
1968 1436 2270 1502 consulis
2293 1437 2562 1519 Lugdu-

366 1537 622 1614 nensis,
662 1532 1357 1599 Boendermakerianum
1382 1536 1712 1602 Theodori
1746 1537 2307 1618 Boendermakeri,
2338 1538 2561 1603 Cano-

367 1638 509 1703 nici
538 1638 614 1702 S.
653 1637 927 1706 Martini
956 1638 1141 1722 apud
1170 1637 1621 1721 Trajectinos,
1652 1636 2009 1704 Leidensem
2038 1641 2561 1723 optimae-notae,

370 1736 809 1818 Lovelianum,
837 1759 1035 1824 quem
1066 1759 1267 1824 supra
1296 1740 1738 1807 Lovelianum
1774 1759 1849 1805 ιι.
1879 1742 2195 1820 diximus,
2224 1750 2294 1807 et
2324 1740 2562 1818 Vossia-

367 1862 480 1905 nus
532 1858 587 1904 1.
622 1859 707 1905 11.
743 1857 856 1904 111.
888 1849 962 1906 et
990 1859 1084 1908 ιν.
1129 1843 1247 1926 qui
1290 1862 1443 1907 cum
1492 1844 1771 1926 reliquis
1818 1843 2170 1909 codicibus
2197 1842 2562 1912 Vossianis

338 1929 437 2007 'in
491 1943 1180 2025 Lugduno-Batavam
1237 1945 1623 2027 migrarunt,
1672 1952 1738 2011 et
1789 1965 2073 2031 quorum
2117 1945 2392 2029 primus,
2442 1948 2559 2030 qui

365 2044 868 2109 recentissimus
924 2050 1055 2123 est,
1109 2065 1338 2111 omnes
1405 2048 1784 2131 Epitomas,
1835 2047 2074 2132 reliqui
2125 2048 2564 2114 vetustissimi

367 2165 505 2212 non
546 2144 678 2209 nisi
723 2152 984 2229 septem
1026 2147 1282 2229 priores
1327 2154 1397 2212 et
1440 2147 1778 2232 duplicem
1825 2168 1948 2218 seu
1992 2148 2325 2217 diversam
2369 2151 2564 2233 primi

367 2249 525 2316 libri
559 2247 825 2314 Liviani
862 2248 1201 2315 exhibent.

604 2532 609 2539 ·
677 2509 714 2592 ξ
760 2524 895 2573 vn.
986 2506 1091 2574 De
1119 2508 1300 2596 hujus
1331 2510 1616 2576 editionis
1659 2512 1863 2579 indole
1906 2524 1965 2576 et
1995 2511 2265 2576 consilio.

457 2659 568 2723 De
590 2678 672 2724 eo
713 2679 850 2724 non
889 2669 994 2726 est
1022 2662 1203 2745 quod
1239 2663 1571 2727 subtiliter
1599 2663 1920 2728 disseram
1945 2668 2017 2727 et
2044 2661 2327 2743 copiose
2355 2680 2372 2722 ε
2416 2675 2566 2723 nam

367 2781 552 2826 nova
578 2761 730 2826 haec
756 2763 935 2828 Livii
955 2763 1160 2830 editio
1185 2765 1378 2848 plane
1398 2764 1915 2846 accommodata
1944 2772 2049 2829 est
2072 2763 2156 2828 ad
2182 2761 2564 2835 consilium,

358 2864 508 2948 jam
531 2864 891 2947 aliquoties
921 2884 964 2929 a
991 2885 1123 2943 me,
1145 2887 1295 2931 cum
1319 2866 1580 2943 Silium,
1598 2865 1643 2932 J
1649 2866 2013 2942 uvenalem,
2039 2871 2109 2929 et
2133 2862 2291 2928 Vol.
2319 2878 2368 2924 1.
2398 2860 2572 2926 clas·

372 2965 670 3030 sicorum
710 2964 1123 3049 Scriptorum
1148 2967 1350 3032 Rom.
1394 2968 1688 3046 ederem,
1729 2968 1958 3033 multis
1979 2966 2363 3050 expositum
2389 2981 2575 3027 com-

369 3066 889 3150 mendatumque
914 3068 982 3131 in
1010 3067 1396 3148 Prooemiis,
1419 3090 1573 3154 quae
1592 3088 1772 3160 nunc
1793 3073 2091 3153 repetere
2114 3066 2273 3132 nihil
2305 3065 2572 3131 attinet.

371 3167 442 3232 A
472 3168 1112 3235 Drakenborchiana
1142 3174 1371 3235 textus
1393 3173 1781 3236 recensione
1809 3170 2066 3256 passim
2093 3168 2408 3246 discessi,
2447 3183 2569 3228 nec

372 3275 599 3334 tamen
619 3277 868 3335 temere
892 3289 1185 3354 unquam
1210 3278 1328 3336 aut
1351 3290 1562 3354 prava
1601 3271 1879 3336 libidine
1903 3271 2111 3336 multa
2133 3267 2433 3334 mutandi
2454 3284 2571 3329 no·

371 3370 717 3454 vandique
738 3373 1128 3451 lacessituS,
1167 3371 1285 3437 sed
1311 3373 1428 3437 ubi
1454 3373 1710 3439 criticae
1739 3375 2029 3438 rationes
2054 3370 2452 3447 suadebant,
2497 3372 2573 3431 ut

374 3471 491 3537 vel
512 3472 822 3558 antiquas
844 3475 1163 3541 lectiones
1204 3495 1248 3539 a
1293 3474 1821 3541 Drakenborcho
1860 3474 2249 3560 repudiatas
2293 3490 2574 3537 revoca-

371 3593 536 3653 rem,
563 3576 672 3640 vel
699 3577 892 3641 novis
916 3577 1428 3660 probabiliores,
1473 3586 1545 3642 et
1587 3578 1984 3662 conjecturis
2025 3577 2315 3640 virorum
2339 3571 2573 3636 docto·

377 3695 550 3754 rum,
582 3678 670 3741 ab
690 3697 772 3742 eo
803 3678 873 3742 in
923 3684 1313 3744 contextum
1351 3680 1659 3764 receptis,
1687 3679 1861 3745 alias
1894 3679 2189 3754 aliorum,
2240 3673 2572 3738 interdum

376 3785 450 3842 ct
497 3797 707 3857 meas,
768 3780 1268 3846 substituerem.
1378 3781 1785 3865 Plerumque
1844 3787 2062 3845 tamen
2104 3777 2306 3842 dubia
2355 3783 2425 3840 et
2462 3776 2572 3841 vel

375 3879 730 3945 manifesto
782 3887 1100 3966 corrupta
1164 3884 1234 3946 in
1272 3884 1744 3948 commentario
1783 3888 2053 3946 notasse
2097 3884 2165 3943 et
2203 3877 2573 3961 corrigendi

375 3981 753 4064 periculum
782 3982 1032 4047 fecisse
1058 3985 1228 4049 satis
1256 3983 1486 4059 habui,
1530 4004 1743 4068 eaque
1787 4001 2052 4050 servare
2093 3981 2322 4059 malui,
2351 4000 2572 4064 quam,

379 4102 535 4163 quae
558 4082 829 4148 meliora
859 4085 962 4150 vel
986 4085 1138 4150 aliis
1159 4087 1269 4151 vel
1308 4087 1470 4151 mihi
1508 4088 1907 4163 viderentur,
1954 4084 2267 4167 scriptori
2309 4081 2574 4147 lectori·

378 4184 644 4267 busque
705 4185 1085 4265 obtrudere,
1127 4207 1280 4252 cum
1315 4188 1570 4253 incerta
1624 4193 1810 4252 esset
1857 4185 2254 4251 emendatio.
2346 4183 2574 4257 Nova,
