3034 4925
1017 377 1162 425 ms.
1208 375 1291 424 n.
1336 377 1502 425 cam
1547 362 1654 427 25.
2323 364 2460 431 41³

176 526 279 590 in
324 519 827 590 Volsco-bello
855 523 1073 591 virtus
1102 530 1303 611 atque
1341 537 1554 610 opera·
1575 525 1840 592 enituit.
1929 525 2187 594 Consul
2211 529 2449 615 copias

177 636 489 693 contra
519 627 778 695 hostem
818 629 1070 696 educit.
1157 628 1384 696 Parvo
1433 629 1779 697 dirimente
1817 630 2170 697 intervallo
2226 639 2452 700 castra

176 732 460 817 ponit.

296 836 443 902 25.
485 836 813 903 Proxima
836 837 992 904 inde
1024 841 1225 902 nocte
1256 836 1517 916 Volsci,
1550 827 1898 912 discordia
1933 838 2245 905 Romana
2272 840 2448 921 freti,

186 940 267 1004 si
350 960 509 1026 qua
549 947 878 1010 nocturna
927 941 1233 1007 transitio
1278 942 1652 1026 proditiove
1696 941 1838 1007 fieri
1898 945 2143 1027 possit,
2187 950 2449 1009 tentant

189 1049 510 1109 castras
596 1045 882 1111 Sensere
911 1045 1188 1129 vigilese
1228 1047 1570 1111 excitatus
1602 1047 1961 1135 exercitus,
2008 1047 2201 1130 siguo
2233 1048 2445 1115 dato:

186 1167 639 1215 concursum
678 1157 785 1215 est
814 1150 901 1217 ad
935 1169 1143 1216 arma.
1231 1151 1347 1216 Ita
1373 1150 1621 1217 frustra
1666 1151 1754 1216 ad
1785 1151 2119 1236 inceptum
2168 1147 2447 1219 Volscis

187 1254 378 1319 fnit.
479 1253 841 1341 Reliquum
886 1256 1105 1322 noctis
1154 1255 1487 1341 utrimque
1544 1256 1753 1340 quieti
1807 1255 2059 1321 datum.
2166 1254 2448 1322 Postero

188 1356 327 1422 die
388 1357 615 1442 prima
667 1358 823 1424 luce
873 1357 1138 1439 Volsci,
1188 1358 1392 1426 fossis
1432 1360 1730 1444 repletis,
1790 1358 2040 1425 vallum
2097 1357 2442 1425 invadunt.

192 1459 531 1546 Jamque
559 1462 647 1527 ab
674 1463 856 1528 omni
883 1468 1072 1548 parte
1099 1463 1507 1529 munimenta
1537 1462 1968 1540 vellebantur,
1998 1481 2153 1528 cum
2181 1464 2441 1541 consul,

194 1584 628 1652 quanquam
656 1568 882 1634 cuncti
922 1567 1243 1653 undique,
1274 1574 1345 1634 et
1376 1567 1537 1633 nexi
1568 1574 1726 1633 ante
1756 1584 2008 1644 omnes,
2054 1569 2129 1630 ut
2178 1566 2440 1648 signum

201 1668 448 1749 daret,
478 1669 887 1752 clamabant,
918 1671 1308 1757 experiendi
1342 1672 1604 1740 animos
1623 1668 1914 1736 militum
1933 1689 2143 1735 causa
2171 1689 2439 1754 parum·-

197 1792 338 1858 per
362 1780 693 1856 moratuS,
736 1783 1108 1861 postquam
1148 1775 1319 1841 satis
1351 1774 1728 1860 apparebat
1761 1775 1996 1857 ingens
2033 1771 2249 1850 ardor,
2277 1771 2438 1838 dato

202 1879 506 1945 tandem
551 1879 638 1946 ad
666 1880 1140 1968 erumpendum
1169 1881 1381 1965 signo,
1430 1879 1707 1945 militem
1748 1876 2013 1943 avidum
2054 1874 2439 1942 certaminis

188 1985 504 2074 emittit.
587 1984 818 2052 Primo
868 1986 1097 2053 statim
1136 1986 1408 2050 incursu
1462 1983 1641 2068 pulsi
1691 1981 1955 2048 hostes:
1999 1980 2435 2065 fugientibus,

205 2087 458 2169 quoad
503 2088 762 2175 insequi
810 2089 1018 2177 pedes
1071 2088 1307 2172 potuit,
1356 2094 1543 2171 terga
1569 2104 1788 2152 caesa:
1836 2104 2043 2170 eques
2090 2103 2310 2169 usque
2343 2082 2435 2148 ad

209 2198 463 2260 castra
492 2193 783 2277 pavidos
824 2193 974 2278 egit.
1063 2191 1237 2258 Mox
1265 2192 1422 2279 ipsa
1463 2197 1714 2266 castra,
1742 2188 2122 2273 legionibus
2153 2189 2434 2253 circum-

211 2292 436 2374 datis,
501 2315 656 2361 cum
701 2295 1001 2366 Volscos
1055 2296 1212 2361 inde
1265 2297 1466 2362 etiam
1524 2313 1739 2381 pavor
1783 2291 2185 2378 expulisset,
2229 2296 2434 2375 capta

214 2394 650 2486 direptaque.
737 2400 1019 2491 Postero
1043 2400 1152 2467 die
1181 2400 1267 2467 ad
1300 2400 1624 2467 Suessam
1656 2392 2080 2475 Pometiam,¹¹
2110 2413 2246 2480 quo
2270 2414 2431 2459 cou-

213 2499 538 2585 fugerant
576 2505 826 2585 hostes,
861 2505 1236 2588 legionibus
1276 2504 1516 2583 ductiS,
1559 2505 1732 2569 intra
1755 2521 2017 2586 paucos
2046 2500 2189 2565 dics
2231 2499 2426 2583 oppi-

180 2690 187 2699 θ
217 2602 379 2673 dum
412 2608 713 2693 capiturt
761 2615 1034 2695 captum
1065 2608 1312 2695 praedae
1341 2608 1593 2676 datum.
1683 2605 1850 2674 Inde
1873 2604 2144 2690 paulum
2170 2621 2429 2668 recrea-

216 2712 328 2773 tus
358 2730 567 2794 egens
595 2712 813 2778 miles.
900 2712 1156 2781 Consul
1185 2733 1334 2779 cum
1367 2714 1662 2785 maxima
1692 2709 1901 2795 gloria
1930 2728 2059 2789 sua
2096 2708 2428 2772 victorem

219 2814 592 2880 exercitum
617 2814 912 2881 Romam
941 2817 1223 2882 reducit.
1281 2815 1735 2881 Decedentem
1769 2814 2103 2879 Romam¹⁸
2146 2810 2427 2876 Ecetra-

219 2916 500 2984 norumi
546 2918 951 2987 Volscorum
992 2921 1216 3006 legati,
1259 2921 1460 2987 rebus
1490 2920 1635 2986 suis
1662 2920 1967 2985 timentes
1994 2922 2154 3001 post
2182 2914 2425 2979 Pome-

222 3018 387 3086 tiam
419 3031 722 3110 captam,
756 3027 1030 3093 adeunt.
1119 3026 1256 3093 His
1284 3046 1376 3093 ex
1416 3020 1694 3097 senatus
1721 3022 2027 3092 consulto
2068 3019 2230 3085 data
2259 3037 2423 3104 pax,

221 3141 376 3209 ager
406 3126 732 3195 ademtus.

290 3329 308 3359 ⁸
342 3329 521 3381 Castra
537 3331 835 3391 adoriuntur,
855 3333 1222 3398 experimentum
1230 3332 1440 3397 facturi,
1455 3347 1521 3383 an
1537 3336 1677 3385 noda
1696 3328 1970 3393 transfugia
1987 3330 2050 3378 ad
2068 3326 2325 3392 sefierent.

289 3399 317 3423 ⁸
350 3395 498 3462 Eum,
520 3412 623 3448 cum
645 3399 846 3449 Romam
865 3414 1026 3450 verm
1048 3399 1322 3450 discederet.

1213 3566 1265 3618 N
1271 3565 1428 3618 0⁰1·AE

232 3675 359 3737 quod
385 3685 489 3740 est,
511 3685 890 3731 sacramentum
927 3680 1120 3747 dicere,
1136 3681 1279 3746 jure-
1357 3681 1488 3731 haue
1542 3677 1877 3730 clarissimam
1911 3672 2092 3734 fuluo,
2123 3675 2184 3720 et
2218 3666 2417 3734 optimo

229 3747 445 3810 jurando
460 3756 662 3807 militiae
676 3772 731 3807 se
746 3759 993 3823 obligare.
1029 3757 1280 3810 ‘Dicere'
1358 3758 1475 3809 loco
1516 3758 1691 3820 sitam,
1726 3754 1942 3817 Dionys.
1977 3754 2223 3809 testamur,
2266 3759 2438 3810 quam-

234 3824 313 3877 hie
331 3833 459 3882 sumi
484 3838 637 3898 putat
653 3835 879 3886 Budaeus
903 3851 996 3902 pro
1018 3833 1278 3888 destinare
1357 3838 1473 3902 ipse
1500 3833 1751 3899 Ἐχέτραν,
1790 3831 1965 3882 Livius
1987 3824 2143 3878 modo
2177 3826 2417 3887 Eadm-r,

235 3916 292 3953 ac
313 3905 503 3972 dicare,
525 3911 786 3964 addicere.
1356 3915 1512 3968 modo
1534 3914 1723 3981 plurali
1755 3922 1970 3961 numero
2005 3908 2208 3957 Βοιὼ-υ
2243 3908 2414 3954 vomu

295 3989 322 4025 ⁸
350 3984 515 4050 Neque
532 3988 754 4053 aliorum]
768 3990 938 4043 Quam
957 3996 1277 4042 nexorumet
1355 3993 1470 4046 Sita
1505 3992 1611 4044 fuit
1647 3991 1700 4042 lu
1740 3995 1983 4039 montana
2013 3984 2241 4049 ''⁸853‘’
2276 3983 2415 4032 50²⁸?

237 4070 330 4108 εει-ε
353 4064 519 4114 alieno
539 4065 903 4119 laborantium.
1357 4075 1544 4125 Coram
1558 4072 1883 4133 Volscorum,
1897 4072 1953 4117 et
1967 4061 2257 4127 Anagnia·
2274 4060 2412 4110 Her·-

293 4135 318 4170 ἲ·
346 4137 558 4192 Sumam
578 4143 870 4211 Pometiam]
905 4147 987 4196 De
1018 4146 1116 4198 hac
1150 4146 1276 4198 Vol·
1356 4150 1588 4201 nieorum
1625 4144 1838 4214 oppida.
1902 4140 1971 4192 V.
2004 4140 2095 4194 lib.
2118 4152 2205 4191 m.
2226 4152 2341 4203 cap.
2363 4139 2416 4186 4-

243 4225 433 4268 ecorum
455 4220 585 4271 urbe
617 4229 776 4273 antea
794 4222 828 4272 Ι.
853 4237 892 4274 ι.
916 4237 962 4273 e.
986 4226 1069 4276 ⁶³.
1355 4234 1410 4279 et
1428 4230 1504 4279 m.
2391 4234 2398 4243 ”

296 4289 697 4365 ‘Ecetranorum
745 4301 1049 4364 Volscorum
1093 4303 1273 4356 urbem
