3034 4925
536 407 665 475 172

1466 417 1538 471 Τ.
1577 413 1780 468 'mvn

534 571 733 636 domo
762 568 1137 653 profugum,
1170 565 1285 631 sed
1315 565 1402 630 ad
1431 564 1685 649 majora
1708 563 1899 629 initia
1918 570 2182 628 rerum⁴
2210 562 2603 629 ducentibus
2627 561 2724 628 fa·

537 676 646 751 tis,
679 674 895 757 primo
919 673 987 736 in
1018 670 1485 737 Macedoniam
1515 670 1777 732 venisse
1798 675 1866 730 :¹¹¹
1913 667 2065 731 inde
2112 668 2181 731 in
2210 667 2509 732 Siciliam
2539 686 2725 750 quae-

533 783 785 842 rentem
828 773 1024 847 sedes
1072 772 1392 836 delatum:
1425 771 1509 835 ab
1558 770 1794 835 Sicilia
1837 770 2108 835 classen
2152 768 2239 840 ad
2269 769 2674 834 Laurentem
2699 774 2723 815 ³

536 884 807 962 agrum⁰
857 873 1180 941 tenuisse:
1233 874 1462 959 Trojae
1523 880 1588 939 et
1643 874 1996 938 huic·loco
2049 889 2289 938 nomen
2313 881 2340 921 P
2398 878 2522 936 est.

2615 869 2723 936 Ibi

1449 1073 1776 1094 mOOOO‘OOO
1782 1075 1811 1093 ff

537 1200 801 1256 comparet
820 1198 865 1241 et
890 1193 942 1241 in
968 1191 1082 1241 cod.
1107 1191 1326 1255 Portug.
1349 1192 1485 1255 apud
1508 1190 1690 1242 Drak.'
1711 1190 2046 1251 Doeriug.-4
2070 1189 2087 1217 ‘
2104 1188 2243 1239 Flor.
2266 1194 2319 1237 et
2335 1188 2482 1236 Voss.
2504 1188 2568 1235 ud
2584 1185 2723 1246 mnjo·

533 1274 589 1308 ra
611 1274 767 1309 rerum
787 1258 947 1308 initia.
1016 1258 1176 1307 Forte
1198 1258 1457 1323 maiorum?
1486 1258 1541 1309 J.
1566 1258 1623 1306 F.
1643 1257 1968 1312 Granum-,42
2004 1253 2021 1282 ‘
2039 1252 2465 1317 Praepositionem
2496 1254 2559 1300 ad
2583 1265 2723 1300 rece·

533 1324 607 1389 pi,
629 1324 749 1390 quia
785 1323 838 1372 in
873 1322 1107 1373 omnibus
1138 1322 1251 1372 fere.
1286 1323 1413 1372 Mss.
1450 1323 1643 1387 legitur
1664 1338 1719 1370 uc
1743 1322 1820 1370 vel
1852 1323 1915 1371 ad
1936 1318 2256 1370 Laurentem!
2291 1319 2513 1382 Rupert.
2581 1315 2635 1366 J.
2661 1316 2720 1365 F.

1525 1484 1738 1535 NOTAE

536 1611 594 1653 et
616 1603 762 1665 cujus
790 1600 1031 1665 primaria
1061 1600 1180 1650 olim
1217 1600 1338 1650 urbs
1379 1599 1591 1650 Patavi-

536 1696 638 1730 um.
673 1680 906 1729 Venetiae
933 1678 1129 1728 veroin
1155 1678 1336 1740 plurali
1376 1692 1590 1727 numero

535 1755 658 1805 urbs
692 1764 792 1817 est¹
826 1754 973 1804 uobis
1008 1754 1194 1819 Veni-se,
1228 1754 1426 1803 nonnisi
1462 1761 1591 1802 tem·

535 1847 662 1896 pore
684 1831 866 1881 Attilae
890 1838 1013 1880 nata
1035 1844 1099 1879 ex
1121 1830 1373 1899 Aquileiae
1400 1829 1592 1879 vicina-

537 1921 752 1975 rumque
774 1909 1043 1959 crvitatum
1071 1908 1248 1984 ruinis.

599 1996 636 2022 ¹¹¹
670 1988 730 2037 In
748 1976 1078 2037 Macedonium
1104 1984 1307 2050 venisse]
1342 1984 1591 2037 Macedo.-

533 2066 635 2115 niae
655 2066 705 2114 iu
728 2065 915 2113 itinere
938 2077 1027 2113 seu
1061 2062 1392 2126 navigatione
1415 2062 1592 2111 AEneae

535 2157 631 2191 nec
674 2141 939 2204 Virgilius,
972 2153 1070 2188 nec
1102 2139 1386 2202 Dionysius
1423 2138 1594 2187 memi-

538 2218 647 2268 nit:
682 2215 915 2265 nonnulli
959 2224 1150 2275 tamen,
1194 2215 1415 2264 testibus
1451 2215 1591 2264 Stra-

534 2294 668 2344 bone
692 2293 776 2342 lib.
799 2306 925 2341 xm.
950 2293 1168 2356 ipsoque
1185 2292 1461 2355 Dionysio,
1475 2306 1591 2341 eum

534 2368 587 2418 in
614 2368 927 2419 Macedonia
964 2366 1102 2432 apud
1141 2366 1420 2432 Olympum
1444 2366 1591 2417 sedes

534 2442 772 2511 posuisse
792 2446 1053 2496 volebant.

543 2588 547 2592 ι
597 2531 622 2557 ¹¹
654 2522 733 2572 Ab
757 2523 928 2573 Sicilia
948 2522 1120 2585 classe]
1159 2521 1343 2572 Nonne
1361 2528 1417 2571 et
1438 2521 1490 2571 in
1511 2521 1591 2570 Si·

533 2600 702 2651 ciliam
743 2602 903 2651 classe
934 2600 1134 2650 delatus
1179 2599 1383 2649 fuerat?
1416 2613 1482 2647 an
1519 2598 1592 2647 le·

534 2677 777 2739 gendum,
796 2678 855 2726 ab
876 2676 1052 2727 Sicilia
1072 2678 1282 2740 classem,
1306 2677 1594 2725 Laurentem

530 2767 701 2813 agrum
724 2755 938 2803 tenuisse.
973 2753 1103 2802 Haec
1122 2752 1592 2816 Gronoviiconjec·

532 2836 649 2879 tura
672 2846 773 2880 uon
799 2831 1169 2893 improbabilis.
1197 2889 1202 2894 .

595 2914 619 2938 ⁰
650 2906 931 2956 Laurentem
950 2905 1145 2967 agrum]
1179 2905 1469 2956 Laurentum
1501 2905 1590 2955 Pi·

532 2981 600 3039 ci,
622 2982 893 3046 Faunique
927 2989 980 3031 et
1013 2983 1186 3031 Latini
1219 2984 1364 3046 regia
1397 2982 1517 3045 fuit,
1539 2985 1590 3032 in

531 3059 697 3108 veteri
743 3059 913 3119 Latio,
968 3058 1105 3107 haud
1151 3060 1335 3127 proeul
1387 3059 1591 3110 Tiberis

456 3162 466 3171 ν
532 3136 710 3198 ostiis3
745 3151 775 3185 a
799 3135 954 3185 lauris
984 3135 1387 3193 denominatum,
1410 3137 1591 3202 quibus

534 3210 765 3261 abundat
795 3212 1109 3262 Laurentina
1138 3214 1319 3277 sylva3
1354 3215 1436 3263 vel
1459 3228 1489 3264 a
1510 3229 1590 3265 sa-

532 3302 623 3338 cra
646 3288 763 3339 Pici
788 3289 949 3345 lauro,
984 3287 1049 3336 de
1074 3304 1174 3354 qua
1206 3289 1350 3352 Virg.
1372 3289 1467 3341 lib.
1489 3305 1592 3340 vn.

531 3364 735 3418 AEueid.
770 3366 818 3417 A
839 3367 1099 3415 Laurento
1120 3365 1399 3416 deducitur
1414 3366 1590 3431 adjec-

531 3443 693 3493 tivum
718 3444 947 3493 Laurens
964 3459 980 3492 ι
1006 3442 1142 3507 quod
1163 3443 1464 3493 vocabulum
1487 3459 1590 3495 non

531 3526 730 3568 tantum
758 3518 974 3580 Latinis,
998 3519 1182 3568 incolis
1220 3520 1423 3570 scilicet
1450 3529 1591 3571 vete-

530 3597 600 3645 ris
624 3596 758 3646 Latii
778 3613 793 3658 ;
829 3596 919 3646 sed
948 3596 1101 3646 etiam
1124 3596 1349 3660 Rutulis,
1367 3597 1591 3654 Volscis,

532 3674 747 3739 aliisque
774 3677 890 3724 novi
920 3675 1053 3725 Latii
1080 3675 1282 3739 populis
1315 3675 1592 3740 aliquando

534 3748 792 3799 tribuitur.
845 3751 1013 3800 Porro
1030 3750 1276 3800 Lautreuti
1300 3750 1478 3813 oppidi
1502 3752 1591 3799 ho-

487 3831 502 3843 *
533 3822 618 3871 die
639 3824 721 3871 vix
741 3833 993 3888 apparent
1014 3826 1246 3889 vestigia.
1281 3826 1410 3875 Mihi
1433 3824 1592 3876 fuisse

534 3897 760 3959 videtur,
782 3900 868 3949 ubi
893 3916 1030 3951 nunc
1058 3903 1289 3963 Paterno,
1323 3917 1439 3966 quae
1468 3904 1592 3953 Clu-

534 3973 661 4023 verii
695 3977 954 4026 sententia
986 3987 1097 4029 est:
1143 3979 1241 4027 etsi
1289 3977 1590 4030 Holsteuius

535 4057 587 4098 et
629 4049 932 4112 Kircberus‚
969 4066 1034 4100 ex
1070 4052 1289 4116 quadam
1330 4056 1590 4104 nominum

536 4122 812 4183 affinitate,
868 4124 1093 4174 referant
1136 4127 1199 4175 ad
1255 4128 1445 4190 locum,
1502 4123 1590 4174 ubi

539 4201 684 4250 Torre
722 4200 774 4248 di
813 4199 868 4248 S.
892 4202 1129 4251 Lot-euzae
1163 4202 1253 4252 sed
1293 4204 1402 4252 liaec
1438 4203 1588 4251 ambo

533 4292 632 4331 nec
671 4279 808 4329 inter
845 4293 917 4334 se,
951 4293 1047 4329 nec
1090 4293 1120 4328 a
1162 4280 1336 4329 littore
1376 4280 1589 4342 distant,

1664 1607 1884 1665 suntque
1922 1598 2089 1649 medio
2135 1596 2295 1648 ferme
2335 1595 2472 1645 inter
2511 1595 2720 1646 Ostiam

1663 1686 1719 1728 et
1741 1678 1951 1747 Antium
1976 1678 2178 1726 itinere.

1727 1764 1753 1798 P
1790 1755 1947 1817 Trojoe
1984 1753 2176 1818 [Troju]
2197 1759 2248 1803 et
2282 1752 2390 1803 huic
2411 1754 2510 1801 loco
2531 1752 2722 1816 nomn]

1662 1834 1832 1897 Trojae
1869 1833 2033 1883 veteri
2064 1835 2257 1881 ‘nomen
2308 1847 2338 1880 a
2380 1830 2514 1880 Troe
2562 1831 2724 1893 Rege,

1663 1910 2142 1973 Dardaninepote,
2176 1908 2257 1957 vel
2292 1924 2321 1956 a
2354 1905 2545 1963 scrofa,
2570 1919 2722 1971 quam

1664 1988 1717 2037 iu
1733 1993 1938 2035 moneta
1956 1986 2196 2035 dicuutur
2213 1984 2454 2033 habuisse
2474 1983 2725 2047 Trojani;

1665 2069 1720 2112 et
1744 2077 1858 2126 quae
1884 2063 2027 2125 Troja
2047 2062 2158 2125 jam
2191 2062 2309 2110 olim
2332 2060 2518 2110 Italice
2543 2059 2724 2122 appel·

1664 2141 1801 2190 latur
1842 2140 1981 2203 apud
2026 2140 2334 2203 scriptorem
2386 2137 2451 2187 de
2499 2135 2724 2200 Augusti

1667 2216 1929 2279 progenie.
1995 2215 2143 2268 Hinc,
2168 2215 2371 2266 Gallica
2406 2229 2525 2276 vox,
2551 2208 2725 2263 Truie:

1665 2291 1973 2357 videturque
2015 2291 2262 2355 Virgilius
2302 2306 2366 2341 eo
2412 2292 2723 2354 respexisse.

1666 2374 1682 2401 ‘
1706 2371 1843 2439 Alba
1865 2387 2026 2435 porca
2047 2371 2261 2434 triginta
2279 2369 2434 2421 foetus
2457 2369 2652 2429 enixa,'
2673 2369 2723 2418 in

1666 2449 1931 2514 augurium
1953 2449 2128 2500 AEneae
2160 2456 2388 2500 ostensa.
2438 2448 2572 2497 Eum
2600 2460 2724 2497 sane

1666 2526 1857 2590 locum,
1895 2525 1946 2574 in
1982 2539 2083 2590 quo
2120 2539 2204 2574 sus
2240 2525 2455 2588 triginta
2480 2523 2723 2587 porculos

1667 2603 1764 2652 sub
1805 2602 2081 2652 adventum
2117 2602 2291 2652 AEueae
2332 2601 2622 2666 pepererit,
2657 2599 2723 2650 ab

1666 2680 1828 2730 AEnea
1848 2679 2033 2728 muniri
2056 2686 2312 2743 coeptum3
2333 2693 2394 2727 ac
2414 2677 2607 2727 deinde
2630 2677 2726 2727 ibi-

1666 2756 1805 2820 dem,
1829 2763 1919 2805 aut
1941 2762 2095 2805 certe·
2111 2755 2231 2805 inde
2248 2770 2347 2804 uon
2377 2755 2581 2818 procul,
2605 2769 2726 2804 eon·

1666 2833 1829 2882 ditum
1887 2833 2177 2896 Lavinium,
2230 2845 2296 2881 ex
2348 2830 2726 2895 antiquioribus

1667 2909 2005 2974 scriptoribus
2041 2915 2294 2979 memorat
2327 2907 2570 2958 Aurelius
2604 2908 2727 2957 Vic-

1667 2995 1769 3038 tor.
1817 2987 1956 3036 Huic
1989 2992 2163 3035 autem
2200 2987 2334 3040 loco,
2363 2985 2452 3034 ubi
2477 2985 2724 3050 oppidum

1664 3069 1946 3112 castrorum
1970 3062 2022 3111 in
2050 3075 2243 3111 morem
2266 3061 2452 3110 AEneas
2464 3067 2556 3128 pst
2580 3061 2725 3110 moli·

1665 3146 1770 3203 tus,
1793 3139 1968 3202 Trojae
2001 3153 2184 3188 nomeu
2208 3138 2507 3202 impositum
2529 3138 2727 3188 indicat

1664 3216 1914 3278 Virgilius
1950 3214 2042 3268 lib.
2076 3227 2133 3265 x.
2191 3215 2310 3265 Nou
2350 3215 2515 3263 semel
2548 3215 2723 3264 Livius

1665 3291 1859 3343 diserte
1900 3290 2077 3342 tradit.
2128 3291 2297 3341 Porro
2338 3290 2501 3355 aliqui
2546 3291 2724 3354 legere

1662 3369 1860 3437 malunt
1883 3367 2036 3429 Trqioe
2058 3373 2106 3417 et
2124 3367 2352 3431 huicloco
2373 3380 2559 3416 nomeu.
2606 3367 2724 3418 Qua

1664 3447 1716 3495 in
1739 3461 1794 3495 re
1816 3445 2399 3509 distinguitGronovins
2421 3445 2562 3494 inter
2577 3458 2726 3508 pere·

1666 3521 1813 3585 grina
1835 3527 1889 3570 et
1912 3520 2144 3570 Romana
2160 3519 2448 3580 vocabula3
2477 3520 2622 3584 quasi
2640 3520 2724 3569 illa

1663 3598 2003 3659 nominativo,
2039 3598 2150 3647 haec
2193 3596 2370 3646 dativo
2407 3598 2571 3660 magis
2603 3611 2725 3660 gau-

1665 3675 1843 3725 deant.
1892 3675 2086 3723 Verum
2111 3674 2222 3736 ipse
2244 3671 2344 3721 sibi
2368 3671 2630 3721 adversari
2654 3671 2725 3720 vi·

1666 3749 1836 3809 detur,
1862 3763 1976 3801 cum
1994 3749 2077 3797 hic
2098 3747 2270 3810 Trqq'ae,
2294 3756 2346 3796 et
2372 3738 2528 3810 paulo
2553 3753 2725 3809 antea,

1661 3840 1877 3890 pagoque
1913 3825 2114 3886 Trojano
2147 3839 2312 3875 nomeu
2343 3830 2432 3888 est,
2473 3826 2525 3874 in
2551 3824 2725 3874 dativo

1666 3901 1820 3953 scribi
1838 3901 2008 3964 jubet.
2046 3902 2143 3949 Est
2164 3901 2300 3949 enim
2323 3901 2474 3964 Troja
2496 3901 2728 3964 peregri·

1670 3991 1749 4029 nae
1769 3991 1949 4026 revera
1973 3976 2137 4039 urbis,
2157 3985 2212 4025 et
2231 3991 2295 4025 ex
2312 3976 2431 4026 Asia
2450 3977 2726 4027 advectum

1670 4066 1872 4114 nomen,
1896 4066 1995 4102 uon
2019 4052 2280 4102 Latinum.
2349 4054 2540 4103 Cetera
2565 4053 2631 4102 ab
2652 4054 2726 4117 ip·

1670 4143 1727 4177 so
1751 4128 1976 4177 adducta
2002 4135 2268 4177 auctorum
2296 4127 2592 4178 testimonia
2613 4143 2725 4178 eam

1669 4196 2055 4255 distinctionem
2091 4210 2333 4254 evertunt
2356 4206 2551 4272 potius,
2576 4219 2726 4272 quam

1670 4279 1994 4331 confirmant.
