3034 4925
576 384 710 457 228
819 374 832 383 ”

1529 402 1598 452 Τ.
1651 400 1840 452 lell

580 554 710 617 cit:
757 555 1025 636 apertus
1064 553 1135 615 ut
1178 550 1245 614 in
1291 545 1550 614 armis&i<
1575 568 1728 615 esse
1760 548 2144 627 civitatem3
2189 547 2468 613 clausus
2500 554 2774 631 pacatos

582 653 767 718 circa
814 671 1045 716 omnes
1093 652 1389 736 populos
1417 652 1844 735 significaret.

1933 651 2059 716 Bis
2109 646 2394 713 deinde*t
2439 655 2604 734 post
2644 648 2779 714 Nu·

578 770 711 819 mae
756 774 1027 838 regnum
1076 755 1343 820 clausus
1389 755 1556 820 fuit:
1601 754 1804 819 semel
1841 754 1928 821 T.
1963 751 2226 819 Manlio
2272 748 2588 830 consule,1
2634 758 2781 834 post

582 856 917 922 Punicum
962 859 1247 942 primum
1289 857 1660 943 perfectum
1699 848 1989 923 bellum:
2034 856 2295 934 iterum,
2327 854 2511 940 quod
2544 861 2780 919 nostrae

583 963 833 1026 aetatim
878 962 993 1026 Dii
1024 962 1359 1045 dederunt,
1389 969 1469 1026 ut
1499 961 1899 1039 videremuS,
1930 965 2087 1045 post
2123 959 2373 1024 bellum
2405 956 2782 1035 Actiacum,

583 1062 670 1126 ab
702 1062 1118 1147 Imperatore
1146 1063 1418 1129 Caesare
1460 1063 1785 1148 Augusto,
1814 1084 1988 1148 pace
2020 1072 2198 1128 terra
2237 1064 2539 1145 marique
2571 1070 2782 1145 parta.

583 1165 837 1231 Clauso
893 1187 1001 1247 eo,
1055 1187 1207 1232 curn
1267 1168 1558 1231 omnium
1614 1168 1797 1232 circa
1856 1167 2278 1232 finitimorum
2334 1166 2664 1230 societate
2712 1184 2783 1230 ac

578 1268 941 1336 foederibus
982 1271 1324 1357 junxisset
1354 1256 1638 1350 animOS,
1693 1271 1936 1355 positis
1985 1278 2405 1337 externorum
2454 1267 2786 1353 periculo·

582 1393 726 1438 rum
759 1376 960 1453 curie,
989 1395 1071 1439 ne
1103 1375 1590 1439 luxuriarentur
1621 1376 1765 1439 otio
1791 1376 2020 1453 animi,
2045 1395 2215 1459 quos
2243 1380 2462 1439 metus
2493 1372 2784 1437 hostium

586 1475 1080 1561 disciplinaque
1124 1477 1431 1541 militaris
1477 1478 1937 1559 continuerat3
1981 1479 2273 1543 omnium
2309 1478 2628 1562 primum,
2659 1495 2786 1540 rem

588 1577 676 1643 ad
719 1579 1212 1644 multitudinem
1245 1579 1676 1664 imperitam‚¹¹
1719 1589 1789 1650 et
1816 1581 1951 1647 illis
1979 1582 2257 1648 saeculis
2290 1581 2541 1657 rudem,
2575 1577 2789 1665 effica-

590 1681 960 1762 cissimam,
985 1683 1278 1748 Deorum
1304 1691 1552 1749 metum
1585 1684 2014 1771 injiciendum
2043 1690 2226 1751 ratus
2256 1692 2383 1749 est.
2467 1680 2612 1761 Qui
2646 1700 2790 1746 cum

590 1782 994 1851 descendere
1044 1786 1130 1851 ad
1177 1788 1439 1851 animos
1469 1788 1618 1852 sine
1647 1788 1877 1874 aliquo
1922 1793 2299 1854 commento
2331 1784 2647 1850 miraculi
2673 1800 2792 1846 non

589 1897 843 1968 posset,
875 1889 1144 1955 simulat
1186 1891 1318 1956 sibi
1353 1909 1502 1956 cum
1554 1891 1748 1956 Dea⁰
1794 1891 2036 1976 Egeria
2058 1897 2159 1971 ¹4?
2206 1907 2610 1973 congressus
2643 1905 2791 1950 noc-

1727 2023 1882 2045 meo·

596 2085 733 2136 mom’
767 2085 822 2138 J.
848 2086 905 2137 F.
930 2087 1292 2141 (honum—14
1324 2089 1410 2140 Al.
1432 2055 1784 2154 ,Ἐργίας-16
1821 2100 1837 2123 ‘
1859 2093 1991 2144 Cum
2010 2089 2155 2142 an.
2176 2088 2316 2142 sorte
2339 2087 2622 2153 legendum
2645 2085 2797 2148 cuique

1587 2204 1804 2257 NOTAE

596 2298 843 2349 diluvium
858 2300 1065 2365 vixerit,
1084 2302 1259 2366 priora
1273 2317 1390 2353 cum
1408 2303 1663 2368 posterio-

594 2377 740 2426 ribun
762 2378 948 2427 notitia
975 2392 1069 2428 sua
1091 2381 1392 2443 complexus
1416 2380 1515 2430 sit:
1553 2386 1663 2429 tum

596 2453 735 2518 quod
759 2455 892 2504 idem
929 2455 1034 2506 vini
1058 2454 1220 2507 fuerit
1242 2457 1504 2520 inventor,
1526 2458 1664 2521 quod

594 2530 812 2581 Hebraei
861 2544 917 2593 m
948 2533 1069 2583 daia
1112 2542 1321 2596 vocant,
1364 2535 1430 2584 ad
1474 2547 1663 2584 nomen

594 2605 715 2658 Jani
776 2597 1041 2661 alludente
1108 2611 1384 2661 vocabulo.
1453 2611 1568 2674 Ego
1616 2609 1681 2659 si'

598 2686 721 2749 quid
748 2688 796 2735 in
818 2686 898 2738 his
922 2688 1030 2738 veri
1065 2688 1220 2750 inest,
1244 2689 1326 2738 vel
1350 2702 1507 2737 unum
1533 2701 1661 2735 eun·

597 2761 820 2827 demque
862 2779 980 2813 cum
1024 2764 1252 2815 Saturno
1299 2764 1489 2816 Janum
1513 2779 1532 2825 3
1576 2764 1661 2811 vel

600 2837 854 2889 Javanem
899 2840 994 2891 aul)
1037 2841 1175 2901 Jani,
1238 2841 1506 2891 Noachum
1565 2840 1661 2889 sub

600 2912 816 2963 Saturni
852 2917 1205 2980 appellatione
1229 2918 1397 2966 latere
1426 2917 1663 2981 conjece-

601 2989 718 3046 rim.
737 3006 768 3041 a
793 2991 988 3043 Chamo
1009 2991 1114 3041 filio
1132 2992 1247 3058 (qui
1262 2992 1475 3057 Jupiter
1500 2994 1664 3043 Ham-

600 3066 747 3132 mon)
780 3068 1004 3119 derisum
1029 3067 1167 3120 forte
1185 3076 1240 3119 et
1264 3070 1483 3133 pulsum.

667 3152 695 3188 Β
724 3143 1021 3208 Argiletum]
1071 3148 1237 3196 Locus
1287 3155 1406 3197 erat
1466 3149 1668 3214 Romae,

601 3219 671 3269 ab
699 3219 861 3284 Argo,
889 3221 1026 3271 duce
1058 3222 1387 3286 Argivorum,
1421 3226 1669 3289 tempori-

601 3297 700 3347 bus
742 3298 966 3348 Evandri
1004 3299 1078 3349 ibi
1124 3300 1348 3364 sepulto,
1395 3302 1562 3351 aliave
1599 3305 1665 3351 «le

606 3381 784 3438 causa3
816 3376 1154 3440 appellatum.
1242 3377 1365 3427 Fuit
1396 3378 1483 3427 hic
1523 3378 1668 3427 locus

603 3460 791 3517 postea
831 3453 882 3501 in
918 3465 997 3503 ιι.
1028 3454 1169 3504 urbia
1207 3455 1439 3517 regione.
1505 3454 1667 3521 Psuta·

605 3538 698 3602 ²⁰¹2
734 3530 895 3583 fuisse
941 3533 1158 3596 primum
1199 3533 1324 3582 illud
1367 3532 1492 3585 Jani
1541 3542 1669 3582 tem-

605 3599 748 3675 plum
769 3610 862 3662 ubi
886 3623 1025 3660 nnnc
1049 3610 1211 3661 ruinoe
1238 3609 1366 3660 aedis
1379 3611 1453 3690 xS.
1479 3612 1669 3662 Catha-

609 3700 757 3735 rino.

671 3761 696 3796 ὓ
737 3762 947 3812 Iudicem
964 3761 1099 3826 pacis
1131 3761 1352 3829 bellique]
1389 3763 1510 3812 Non
1545 3777 1670 3815 con-

610 3840 802 3888 struxit
820 3839 1014 3902 primus
1039 3839 1244 3890 Numa:
1280 3840 1373 3891 sed
1398 3841 1560 3891 voluit
1581 3856 1672 3905 pa·

610 3915 687 3965 eis
727 3922 782 3964 et
841 3914 966 3965 belli
1007 3929 1119 3966 esse
1178 3916 1445 3966 indicium.
1536 3917 1674 3967 Nam

612 3992 876 4043 conditum
900 4000 1022 4043 ante
1045 4010 1076 4043 a
1105 3994 1327 4045 Romulo
1351 3992 1511 4044 fuisse
1543 4008 1674 4058 pace

612 4082 731 4118 cum
754 4069 910 4119 Tatio
930 4069 1070 4120 facta
1094 4079 1322 4124 testatur
1346 4087 1413 4121 ex
1437 4072 1673 4122 Varrone

610 4146 682 4195 D.
705 4145 1046 4209 Augustinus.
1079 4149 1218 4200 Hinc
1239 4151 1421 4200 volunt
1441 4151 1675 4201 nonnulli

612 4221 807 4272 facturn
832 4231 891 4273 nt
913 4225 1041 4274 duae
1063 4225 1096 4277 J
1103 4240 1230 4276 anus
1251 4225 1412 4276 facies
1433 4227 1675 4291 haberet,

616 4314 719 4370 qno
751 4299 970 4352 duorum
1012 4314 1194 4367 regum
1218 4303 1497 4355 concordia
1513 4303 1675 4369 signi·

1741 2302 2004 2354 licaretur.
2068 2303 2173 2354 Alii
2214 2301 2350 2368 qnod
2375 2300 2571 2351 bellum
2598 2309 2799 2361 suseep-

1741 2381 1846 2430 turi
1868 2381 2095 2429 debeant
2119 2379 2185 2429 de
2207 2394 2338 2443 pace
2359 2377 2618 2442 cogitare.

1806 2458 1821 2494 ¹
1852 2458 2063 2523 Aperta-³
2100 2462 2156 2507 ut
2195 2458 2250 2507 in
2284 2453 2453 2517 armis]
2503 2451 2642 2504 Inde
2676 2449 2799 2504 Jano

1742 2549 2035 2599 cognomen
2058 2535 2272 2600 duplex,
2311 2531 2530 2583 Patulcii
2552 2538 2615 2580 et
2641 2526 2800 2587 cmii,

1744 2611 1889 2676 apud
1923 2611 2084 2661 Ovid.

1756 2737 1767 2752 ,
1804 2687 1831 2722 ⁸
1863 2688 1958 2737 Bis
1978 2684 2176 2748 deinde]
2209 2685 2378 2736 Immo
2414 2692 2520 2748 ter,
2542 2683 2588 2731 ei
2612 2681 2802 2732 Velleio

1741 2764 1889 2815 fides.
1954 2764 2060 2814 Sed
2103 2777 2204 2811 non
2246 2770 2369 2812 tunc
2407 2776 2526 2811 cum
2569 2759 2687 2808 liaec
2725 2756 2801 2806 Li·

1745 2842 1857 2891 vius
1898 2841 2175 2904 scriberet,
2208 2852 2401 2902 nempe
2436 2838 2588 2887 circa
2626 2847 2800 2900 pugne

1742 2918 1977 2970 Actiacoe
2014 2926 2261 2982 lempna:
2318 2915 2398 2965 bie
2441 2916 2582 2965 enim
2627 2911 2802 2963 clausit

1743 2996 2049 3061 Augustum
2085 2995 2270 3059 primo,
2301 3000 2421 3057 post
2455 2989 2731 3040 victoriam
2752 2986 2804 3035 il·

1745 3074 1846 3123 lam
1892 3073 1958 3123 ad
2002 3072 2213 3122 Actium
2253 3083 2390 3119 anno
2423 3071 2540 3118 ⁷25.
2576 3066 2648 3114 ab
2686 3062 2805 3113 Urb.

1748 3150 1904 3200 cond.
1945 3149 2230 3200 Consulatu
2276 3160 2368 3195 suo
2411 3157 2466 3194 v.
2524 3157 2646 3193 cum
2692 3141 2807 3191 Sex·

1750 3227 1994 3292 Apuleio,
2019 3233 2076 3275 ut
2097 3233 2249 3275 notat
2271 3224 2416 3273 Dion
2450 3221 2677 3272 Cassius.
2722 3218 2805 3267 Se·

1747 3305 1933 3364 cundo,
1952 3312 2069 3367 post
2095 3315 2254 3352 annot
2276 3301 2438 3350 ferme
2464 3296 2669 3361 viginti.

1813 3380 1827 3414 ¹
1860 3380 1917 3430 Τ.
1953 3378 2141 3429 Manlio
2176 3376 2384 3440 concub]
2424 3374 2525 3425 Hic
2546 3373 2607 3422 Τ.
2632 3368 2806 3422 Manlii

1746 3457 1992 3522 Torquati
2033 3470 2149 3506 cnm
2182 3454 2244 3505 C.
2282 3452 2444 3503 Atilio
2486 3451 2662 3501 Bulbo
2684 3450 2807 3500 Con·

1747 3535 1945 3583 eulaius
1967 3532 2245 3596 conjicitur
2264 3545 2299 3580 a
2315 3529 2533 3594 sigonio
2554 3530 2607 3577 in
2628 3537 2806 3578 annum

1749 3614 1865 3660 518.
1886 3609 2016 3661 Urb.
2035 3607 2187 3659 cond.

1815 3695 1855 3721 ⁸¹¹
1887 3686 2231 3749 Iterumstuod
2247 3680 2595 3745 nomaeaetati]
2617 3681 2806 3731 Iterum

1750 3770 1874 3827 post
1913 3763 2161 3825 Numam,
2197 3759 2290 3810 sed
2324 3759 2538 3809 tertium
2576 3757 2642 3806 ab
2677 3754 2808 3805 urbe

1754 3840 1980 3891 condita.

1818 3924 1843 3950 ¹³
1876 3915 1956 3966 Aa
1998 3914 2351 3964 multitudinem
2397 3911 2693 3977 imperitare]
2738 3908 2809 3959 Aa

1757 4008 1851 4057 pro
1866 3994 1993 4056 apud
2016 3994 2098 4041 vel
2122 4006 2261 4055 erga,
2300 4000 2360 4040 ut
2398 3990 2540 4053 apud
2579 3989 2691 4040 Cic.
2731 3998 2808 4035 m.

1756 4070 1823 4118 de
1841 4069 1994 4119 Orat.
2017 4074 2033 4097 ‘
2049 4083 2210 4132 genus
2232 4067 2501 4122 orationis,
2531 4080 2631 4132 qno
2654 4063 2733 4114 uti
2750 4060 2809 4110 ad

1755 4147 1941 4212 vulgus
1964 4161 2116 4196 nemo
2140 4144 2342 4210 possit!

1818 4233 1843 4263 ⁰
1879 4225 1999 4274 Cum
2046 4223 2182 4287 Dea]
2215 4222 2536 4273 Fabulantur
2578 4227 2808 4281 congre*

1754 4316 1866 4353 sum
1912 4301 2100 4367 saepiu·
2166 4299 2392 4352 Numam
2453 4312 2571 4352 cum
2625 4291 2809 4358 Egerit
