3034 4925
561 368 692 436 212

477 535 490 551 '
564 537 804 596 ortum.
893 529 1274 606 FidenateS,
1318 529 1520 593 nimis
1571 529 1824 593 vicinas
1873 545 2083 610 prope
2132 545 2207 590 se
2247 524 2757 590 convalescere⁸

566 631 770 717 opes¹
800 635 950 711 rati,
982 632 1373 716 priusquam
1415 639 1672 697 tautum
1703 631 1964 697 roboris
1988 636 2193 707 esset,
2224 635 2544 712 quantum
2579 627 2762 692 futu-

563 757 707 800 rum
732 737 1122 820 apparebat,
1146 740 1485 817 occupant
1512 735 1761 800 bellum
1783 731 2051 798 facere?
2108 731 2154 796 J
2159 737 2479 796 uventute
2500 735 2763 794 armata

562 839 885 915 immissa,
914 843 1214 902 vastatur
1234 837 1394 918 agri,
1424 837 1612 920 quod
1641 839 1812 901 inter
1843 835 2096 901 Urbem
2134 854 2218 900 ac
2250 833 2542 899 Fidenas
2560 840 2602 867 ¹¹²
2636 840 2766 896 est.

566 941 734 1006 Inde
789 939 874 1004 ad
915 941 1155 1005 laevam
1204 941 1403 1018 versi,
1447 941 1610 1023 quia
1660 938 1897 1003 dextra
1946 937 2215 1002 Tiberis
2265 937 2562 1011 arcebat,
2611 954 2767 999 cum

564 1063 806 1126 magna
864 1041 1306 1126 trepidatione
1366 1040 1732 1125 agrestium
1790 1041 2237 1125 populantur:
2284 1039 2767 1120 tumultusque

564 1164 823 1229 repenS,
855 1164 941 1209 ex
976 1145 1152 1225 agris
1182 1145 1251 1207 in
1292 1144 1542 1211 Urbem
1578 1143 1835 1220 illatus,
1883 1163 2005 1226 pro
2040 1144 2274 1207 nuntio
2316 1141 2465 1206 fuit.
2558 1141 2769 1204 Exci-

565 1257 674 1312 tus
707 1247 1038 1319 Romulus
1066 1246 1317 1332 (neque
1345 1248 1522 1311 enim
1553 1247 1935 1311 dilationem
1961 1245 2101 1329 pati
2125 1254 2261 1309 tam
2291 1245 2587 1309 vicinum
2621 1243 2769 1307 bel-

562 1351 702 1415 lum
733 1348 1023 1434 poterat)
1052 1351 1417 1414 exercitum
1443 1349 1706 1414 educit:
1754 1353 1982 1413 castra
2011 1368 2051 1412 a
2090 1347 2364 1411 Fidenis
2389 1345 2573 1411 mille
2607 1365 2767 1429 pas-

564 1472 756 1518 suum
779 1453 981 1516 locat.
1036 1451 1144 1516 Ibi
1165 1451 1431 1517 modico
1456 1453 1772 1535 praesidio
1791 1452 2047 1527 relicto,
2069 1470 2372 1534 egressus
2398 1449 2721 1513 omnibus
2736 1455 2765 1497 ⁹

565 1554 832 1636 copiiS,n
862 1559 1115 1639 partem
1155 1555 1444 1619 militum
1482 1555 1653 1619 locis
1693 1554 1876 1618 circa
1913 1554 2121 1617 densa
2148 1551 2372 1616 obsita
2392 1560 2446 1590 ¹0
2479 1550 2765 1632 virgulta

560 1657 954 1722 obscuris00
1006 1657 1355 1721 subsidere
1394 1658 1464 1720 in
1509 1654 2065 1739 insidiisjussit3
2096 1673 2248 1719 cum
2288 1658 2480 1737 parte
2512 1651 2759 1736 majore

1490 384 1560 431 T·
1607 382 1794 431 Ltvu

629 1836 650 1860 ⁰
683 1830 746 1879 In
761 1832 879 1882 iocis
898 1833 1093 1884 occultis
1112 1834 1289 1905 circum
1307 1833 1458 1898 spissa
1479 1839 1529 1884 et
1551 1834 1747 1884 horrida
1767 1832 1961 1883 vimina.

1476 1979 1714 2000 ‘'eecce“
1718 1980 1836 2001 m&

629 2095 660 2139 8
691 2098 705 2120 ‘
729 2094 894 2142 Paene
918 2094 1093 2144 insana
1117 2102 1199 2146 est
1223 2097 1334 2145 haee
1365 2095 1612 2159 repetitio
1635 2096 1777 2145 vocis
1810 2111 1973 2159 prope,
2006 2095 2132 2145 licet
2172 2093 2384 2143 diversis
2409 2091 2677 2141 sensibus:
2712 2095 2765 2138 et

565 2169 667 2203 nou
694 2157 949 2207 immerito
973 2162 1205 2223 suspicer
1236 2159 1300 2209 τὰ
1324 2176 1466 2225 prope
1484 2178 1535 2211 se
1557 2161 1623 2210 ab
1645 2162 1993 2224 explicatione
2018 2161 2156 2211 vocis
2178 2159 2356 2208 vicinus
2378 2157 2614 2221 profecta
2634 2169 2763 2203 esse.

569 2219 725 2269 Certe
749 2222 981 2272 absoluta
1005 2233 1088 2274 est
1111 2225 1297 2284 oratio,
1319 2226 1501 2275 vicinus
1522 2241 1630 2289 opes
1651 2224 1792 2274 nimis
1812 2223 2162 2275 convalescere?
2194 2224 2310 2275 Jac.
2335 2223 2567 2272 Gronov.
2600 2223 2616 2249 ‘
2639 2219 2766 2266 Ver-

565 2284 633 2333 ba
664 2300 808 2348 prope
840 2302 888 2335 se
922 2290 1055 2337 male
1095 2290 1305 2352 adjecta
1338 2291 1452 2339 voci
1491 2290 1692 2352 vicinos,
1726 2292 1941 2355 ejusque
1979 2294 2146 2353 glossa
2168 2304 2283 2338 esse
2309 2287 2569 2336 videntur.
2639 2284 2766 2332 Per·

566 2363 744 2412 peram
783 2367 988 2417 quoque
1037 2357 1293 2416 repetitur
1331 2370 1444 2404 voc.
1480 2368 1641 2418 prope,
1681 2357 1780 2404 etsi
1823 2357 1961 2404 vario
1993 2354 2177 2403 sensu)
2208 2354 2510 2415 Rupert.—9
2544 2349 2766 2402 Quidam

564 2415 747 2479 legunt
784 2431 1001 2480 egressus
1030 2435 1138 2470 cam
1177 2420 1533 2471 onmium—10
1565 2422 1715 2471 ‘Duo
1745 2421 1952 2485 adjecta
1988 2423 2132 2470 ἀεηεα
2161 2419 2331 2473 obsita.
2354 2430 2677 2482 quocumque
2713 2422 2765 2464 te

565 2490 761 2546 vertas,
780 2482 1066 2536 offendunt.
1133 2487 1318 2542 Porro.
1342 2483 1400 2536 ut
1440 2494 1586 2537 recte
1622 2489 1818 2537 monuit
1844 2486 2102 2543 Dukerus,
2136 2486 2237 2534 locu
2261 2484 2470 2547 proprie
2493 2483 2649 2532 obsita
2669 2481 2767 2529 vir·

561 2548 715 2606 gultis
751 2549 1011 2608 dicuntur,
1050 2566 1148 2600 uon
1182 2553 1395 2614 virgulta
1422 2552 1574 2601 obsita
1610 2553 1744 2602 locis.
1811 2553 1938 2601 Rem
1961 2551 2169 2616 quidem
2194 2549 2465 2613 expedivit
2488 2549 2562 2599 N.
2584 2546 2764 2595 Heins-

565 2612 616 2659 in
642 2612 763 2662 Cur.
783 2615 899 2663 Sec.
923 2615 987 2664 ad
1011 2616 1194 2667 Vellei.
1219 2618 1427 2667 Patere.
1452 2631 1491 2665 ι.
1521 2621 1595 2667 17.
1634 2618 1728 2666 hac
1753 2617 2142 2666 emendatione:
2179 2616 2292 2665 locis
2312 2614 2442 2663 circa
2469 2616 2614 2663 denso
2644 2610 2765 2659 obsi-

563 2677 629 2725 tis
662 2677 871 2739 virgulto
901 2685 949 2729 et
986 2681 1213 2743 obscuris,
1254 2683 1343 2731 sed
1377 2682 1529 2731 nimis
1566 2689 1808 2747 quiantum
1845 2682 1954 2731 haec
1979 2682 2043 2730 ab
2077 2680 2280 2744 antiqua
2306 2679 2530 2728 lectione
2554 2675 2767 2726 recedit.

564 2742 818 2819 Equidem
862 2743 923 2791 τὸ
960 2746 1129 2809 obsita,
1172 2762 1237 2795 ex
1282 2749 1719 2809 interpretatione
1766 2749 1816 2795 in
1852 2747 2085 2809 margine
2128 2744 2437 2808 appositum,
2472 2744 2522 2791 in
2566 2749 2766 2790 textum

566 2819 813 2870 migrasse
852 2809 1016 2873 puto.’
1060 2812 1297 2874 Doering.
1367 2813 1651 2870 “Deleuda
1701 2827 1802 2862 vox
1846 2812 1997 2861 obsita
2041 2819 2280 2876 tanquam
2325 2807 2534 2874 glossa.'
2569 2808 2767 2869 Rupere.

1560 2957 1772 3008 NOTAE

638 3048 651 3082 ¹
680 3050 846 3100 Nimis
877 3053 1057 3103 vicinas
1085 3068 1231 3117 prope
1250 3068 1299 3103 se
1318 3056 1631 3104 convalescere

567 3126 697 3189 opes]
743 3126 858 3175 Alia
896 3129 1038 3191 liujus
1078 3129 1197 3179 belli
1234 3144 1393 3179 causa
1425 3132 1630 3193 prodita

570 3208 649 3249 est
680 3215 710 3248 a
747 3202 965 3274 Dionys.
1000 3204 1138 3268 quod
1163 3219 1278 3253 eum
1307 3206 1472 3254 Roma
1496 3205 1630 3256 fame

566 3278 849 3343 laboraret,
887 3290 1245 3344 commeatum,
1278 3298 1305 3331 a
1330 3284 1627 3333 Crustume-

567 3355 694 3404 rinis
718 3372 881 3420 prono
905 3374 1052 3407 amne
1086 3358 1312 3416 missum,
1350 3359 1628 3410 Fidenates

567 3431 907 3496 diripuerant.

632 3509 658 3535 ⁶
691 3511 757 3561 A.
777 3514 843 3562 U.
864 3513 925 3562 C.
948 3516 1029 3564 28.

631 3595 665 3621 ¹¹¹
701 3589 931 3655 Fidenas]
966 3590 1129 3640 Paulo
1164 3590 1295 3641 infra
1331 3593 1628 3644 Crustumess

567 3668 695 3716 rium
738 3667 802 3715 ad
843 3670 1023 3717 iaevam
1061 3669 1256 3718 Tiberis
1294 3669 1435 3720 fluvii
1478 3671 1627 3720 fuere

547 3735 783 3809 ‘Fidenoe,
799 3760 984 3808 magna
1001 3753 1125 3794 tnnc
1147 3753 1200 3794 et
1221 3749 1468 3811 populosa
1485 3748 1627 3811 urbs,

569 3821 704 3868 ultra
730 3821 976 3869 Anienem
994 3838 1008 3882 ;
1032 3823 1083 3869 in
1102 3820 1285 3871 tinibus
1304 3823 1630 3885 Sabinorum,

569 3895 657 3944 ubi
682 3910 817 3944 nnnc
841 3897 999 3945 ruinae
1036 3899 1290 3960 ingentes,
1326 3915 1425 3948 non
1452 3901 1630 3962 procul

570 3971 704 4034 loco,
746 3972 830 4020 cui
875 3974 1028 4037 vulgo
1065 3989 1249 4024 nomen
1298 3978 1459 4026 costel
1506 3971 1630 4025 Giu‘·

569 4048 704 4097 bileo.

579 4148 592 4155 1
633 4132 657 4157 ¹¹
698 4126 926 4185 Egressus
944 4126 1151 4175 omnibus
1172 4128 1341 4192 copiis]
1381 4128 1464 4178 Ab
1486 4129 1630 4193 Sigo-

569 4201 656 4249 nio
693 4201 868 4250 addita
903 4209 985 4250 est
1037 4204 1295 4266 particula
1327 4220 1449 4261 cum,
1483 4207 1630 4270 quasi

568 4277 734 4327 miuus
759 4277 946 4329 Latine
970 4277 1230 4331 diceretur
1249 4295 1465 4343 egressus
1484 4275 1632 4333 omni·

1710 3057 1794 3105 bus
1831 3055 1992 3118 copiis.
2067 3055 2195 3105 Eam
2242 3061 2416 3103 tamen
2467 3039 2767 3116 particulam

1711 3147 1887 3181 omues
1911 3130 2150 3181 meliores
2185 3130 2300 3179 libri
2335 3130 2597 3192 ignorant,
2635 3134 2769 3177 teste

1703 3210 1996 3259 Gronovio.
2058 3208 2161 3258 Sed
2188 3207 2443 3272 quomodo
2464 3207 2674 3255 omnibus
2694 3220 2770 3252 co·

1707 3286 1823 3349 piis,
1857 3285 1898 3334 si
1925 3284 2220 3348 praesidium
2246 3284 2294 3331 in
2319 3285 2506 3332 castris
2529 3282 2770 3345 reliquit?

1707 3355 1849 3414 Quia
1866 3375 2052 3424 nempe
2071 3359 2326 3409 modicum
2343 3358 2441 3407 fnit
2460 3360 2770 3422 praesidium,

1711 3439 1826 3502 ejus
1862 3439 1948 3486 vix
1978 3437 2266 3486 habendam
2292 3437 2547 3484 rationem
2573 3434 2770 3483 Auctor

1709 3515 1932 3579 putavit.
1998 3512 2194 3562 Eduxit
2218 3512 2377 3575 igitur
2397 3511 2645 3560 Romulus
2666 3523 2768 3557 om·

1670 3581 1676 3588 ⁵
1708 3605 1805 3639 nes
1837 3591 1947 3640 fere
1980 3589 2174 3652 copias,
2210 3602 2402 3653 easque
2438 3587 2671 3637 bifariam
2696 3585 2770 3634 di·

1711 3668 1866 3717 visit:
1899 3674 2098 3731 partem
2122 3666 2355 3728 exiguam
2382 3663 2435 3713 in
2467 3664 2667 3713 insidiis
2702 3659 2768 3710 1οέ

1711 3745 1891 3793 cavit:
1943 3743 2121 3806 majori
2163 3743 2363 3792 hostem
2406 3742 2669 3789 incautum
2708 3738 2768 3786 ad

1707 3820 1877 3869 locum
1901 3819 2197 3874 insidiarum
2222 3817 2502 3880 pertraxit.

1774 3904 1798 3930 ⁰
1830 3896 1974 3944 Locis
2016 3896 2144 3945 circa
2184 3896 2328 3943 densa
2370 3893 2524 3942 obsita
2563 3891 2770 3952 virgula

1709 3972 1940 4036 obscuris]
1990 3972 2121 4022 Haec
2143 3969 2320 4040 verba,
2348 3970 2489 4018 velut
2516 3969 2567 4016 in
2594 3982 2772 4031 paren-

1713 4051 1844 4100 thesi
1881 4049 2067 4114 p‘osita,
2114 4047 2386 4097 obscurum
2424 4045 2623 4094 habent
2660 4058 2770 4093 seu-

1710 4142 1841 4190 sum,
1873 4127 2115 4189 varieque
2141 4125 2205 4174 ab
2224 4122 2601 4187 interpretibus
2624 4127 2679 4171 et
2702 4122 2772 4170 le·

1713 4210 1923 4267 guntur,
1937 4208 1992 4251 et
2006 4202 2346 4264 explicantur.
2389 4199 2630 4261 Sigonius
2649 4198 2771 4270 scri-

1712 4281 1792 4332 bit
1815 4282 1958 4331 densa
1979 4278 2035 4329 ob
2051 4278 2149 4328 sita
2169 4277 2400 4340 virgulta,
2421 4274 2473 4326 id
2498 4280 2596 4332 est,
2619 4279 2773 4341 prop·-
