3034 4925
570 399 703 470 158
1513 419 1833 471 nnuma
1872 433 1879 440 ·

574 582 723 643 tum,
759 580 823 632 et
854 572 1135 651 Equitum
1164 581 1226 632 et
1253 571 1555 634 Peditum.
1636 572 2018 644 Patriciatus,
2057 570 2560 649 Nobilissimatus,
2602 574 2753 634 alioe-

572 689 690 748 que
722 668 1066 747 dignitates.
1147 669 1426 739 Quaestor
1467 668 1685 729 Palatii
1720 680 1783 730 et
1808 668 2071 730 Comites
2109 668 2334 728 ordinis
2361 669 2549 750 primi,
2576 671 2748 747 (Con-

572 765 893 843 sistoriani)
931 767 1201 841 secundi,
1242 768 1536 848 tertiique.
1636 767 1938 827 Institutio
1987 767 2145 829 follis
2186 777 2249 827 et
2294 766 2661 847 chrysargyri
2705 786 2752 826 s.

573 863 700 922 auri
725 864 1004 939 lustralis,
1042 866 1408 926 tributorum.
1483 863 1740 925 Indictio
1774 864 2165 944 (computatio
2189 871 2517 942 temporum
2548 882 2751 924 secun-

575 960 717 1021 dum
744 962 937 1041 spatia
963 961 1137 1022 trium
1164 960 1718 1041 quinquennalium)
1735 960 1862 1040 jam
1892 961 1968 1018 ab
1996 978 2054 1020 a.
2086 960 2227 1019 312.
2254 959 2315 1017 in
2343 979 2455 1019 usu
2482 979 2616 1020 esse
2645 980 2752 1020 coe-

573 1067 761 1136 perat.
831 1059 971 1118 335.
1016 1058 1347 1140 Dexippus.
1403 1058 1659 1118 Gabrias
1687 1078 1739 1117 s.
1771 1056 2058 1117 Babrias?
2140 1058 2280 1119 336.
2321 1056 2515 1116 Julius
2559 1057 2753 1118 Firmi·

571 1174 680 1215 cus
708 1155 1037 1218 Maternus.
1121 1157 1355 1217 Nonius
1374 1153 1742 1218 Marcellus?
1784 1155 2108 1215 Charisius.
2174 1154 2499 1234 Gregorius
2530 1175 2583 1216 s.
2612 1156 2750 1217 Gre-

573 1252 853 1333 gorianus
879 1261 943 1313 et
969 1253 1491 1333 Hermogenianus
1515 1253 1553 1313 J
1559 1253 1658 1313 Cti
1668 1264 1731 1314 et
1759 1263 2033 1316 auctores
2055 1251 2368 1315 Codicum.

753 1430 1044 1490 337-361.
1090 1430 1521 1490 Constantinus
1549 1428 1641 1489 ΙΙ.
1674 1429 1968 1489 Constans
1994 1438 2057 1489 et
2079 1430 2468 1491 aurantius
2492 1428 2585 1489 II.

657 1556 885 1619 Divisio
911 1545 1157 1639 imperii,
1182 1557 1434 1638 gignens
1459 1557 1684 1618 bellum
1721 1559 2067 1618 fraternum.
2154 1561 2295 1618 340.
2338 1556 2752 1619 Constantinus

567 1672 615 1738 *a
643 1654 977 1714 Constante
1024 1656 1194 1715 fusus
1222 1655 1392 1735 perit.
1478 1657 1617 1714 341.
1647 1674 1742 1734 sq.
1771 1655 2085 1718 Photinus.
2170 1658 2461 1716 347-407.
2500 1656 2751 1715 Joannes

553 1741 1064 1831 -Chrysostomus.
1149 1754 1289 1813 350.
1330 1753 1755 1833 Magnentius,
1801 1752 1905 1831 qui
1950 1753 2011 1811 in
2042 1752 2277 1814 Rhaetia
2305 1753 2588 1813 exercitui
2612 1770 2750 1831 prae·

574 1858 690 1921 est,
717 1849 1049 1910 Constante
1093 1848 1326 1909 insidiis
1367 1848 1701 1922 interemto,
1753 1850 2076 1929 Imperator
2102 1850 2415 1923 salutatur,
2439 1851 2752 1928 fratresque

575 1944 928 2007 Decentium
957 1957 1019 2006 et
1061 1946 1437 2010 Desiderium
1466 1948 1741 2007 Caesares
1786 1947 2314 2008 dicit.—Aurelius
2342 1948 2568 2009 Victor.
2598 1945 2749 2005 Hila-

572 2040 716 2102 rius.
799 2045 1088 2103 350·414.
1132 2044 1415 2123 Hypatia.
1499 2046 1641 2104 351.
1669 2043 1908 2118 Gallus,
1937 2044 2275 2105 Constantii
2301 2044 2601 2125 patruelis,
2629 2042 2752 2101 Cae·

575 2157 694 2199 sar.
764 2142 904 2200 353.
947 2139 1354 2219 Magnentius,
1390 2161 1428 2201 a
1468 2141 1826 2201 Constantio
1876 2140 2229 2216 debellatus,
2285 2142 2653 2203 Desiderium
2701 2145 2755 2198 et

575 2235 791 2296 deinde
819 2247 1009 2296 semet
1046 2237 1195 2314 ipse,
1223 2245 1290 2297 ut
1329 2256 1468 2296 mox
1507 2236 1858 2312 Decentius‚
1884 2240 2181 2301 interficit.
2265 2241 2564 2301 353-361.
2602 2236 2750 2298 solus

574 2344 787 2413 regnat
829 2334 1238 2406 Constantius,
1265 2334 1618 2393 Arianorum
1665 2335 1857 2396 fautor
1902 2348 1966 2397 et
2008 2337 2186 2397 homo
2212 2337 2542 2417 flagitiosus
2590 2346 2752 2414 atque

575 2430 854 2503 crudelis,
879 2431 981 2511 qui
1028 2439 1093 2490 et
1116 2429 1283 2492 initio
1319 2431 1543 2512 imperii
1585 2431 1948 2494 Dalmatium
1977 2434 2325 2516 patruelem,
2353 2431 2752 2495 Constantium

574 2540 850 2607 patruum
896 2537 960 2588 et
1006 2529 1555 2602 Hanniballianum,
1613 2532 2024 2593 Nobilissimos
2077 2553 2148 2593 ac
2177 2535 2471 2605 Caesares,
2516 2543 2578 2592 et
2626 2531 2749 2591 354.

577 2626 820 2687 Gallum
841 2626 1155 2688 interemit.
1237 2631 1379 2689 354.
1424 2629 1617 2690 AElius
1660 2630 1956 2691 Donatus.
2040 2633 2333 2691 354-430.
2374 2628 2750 2710 Augustinus.

579 2726 719 2784 355.
756 2723 1056 2796 Julianus,
1083 2724 1245 2787 Galli
1271 2728 1472 2799 frater,
1515 2727 1744 2787 Caesar.
1829 2730 1970 2789 358.
2015 2728 2407 2789 Aristaenetus
2436 2729 2584 2790 obit.
2625 2728 2750 2786 360.

580 2818 925 2887 Himerius3
1003 2821 1409 2890 Themistius;
1495 2824 1802 2885 Oribasius
1839 2844 1858 2893 ς
1948 2824 2378 2904 Diophantus3
2451 2824 2750 2886 Sallustius

579 2914 798 2994 philos.
851 2914 959 2974 Gr.
1023 2916 1379 2986 Eunomius;
1444 2920 1793 2982 Ammianus
1865 2921 2273 2984 Marcellinus.
2375 2921 2750 2983 Macedonian

581 3009 843 3075 decedit.
943 3012 1236 3073 360-398.
1277 3015 1647 3078 Ambrosius·
1755 3020 1898 3079 361.
1963 3020 2241 3081 Julianus
2292 3020 2542 3080 Lutetiae
2579 3016 2751 3079 Paris.

582 3126 802 3168 nomen
829 3108 1086 3187 Augusti
1127 3112 1326 3186 sumit,
1354 3123 1417 3174 et
1446 3115 1858 3190 Constantius,
1887 3116 2173 3179 adversus
2200 3137 2334 3178 eum
2372 3117 2752 3197 proficiscens,

583 3224 645 3265 m
673 3205 878 3266 itinere
905 3207 1167 3268 moritur.

1222 3353 1516 3416 361-363.
1556 3355 1848 3417 Julianus
1866 3355 2180 3436 Apostata,

581 3479 670 3539 vir
696 3478 909 3539 doctus
938 3490 998 3538 et
1026 3480 1108 3540 rei
1148 3482 1415 3543 militaris
1461 3485 1709 3565 peritus,
1737 3486 1859 3566 qui,
1908 3486 2195 3566 religione
2222 3511 2327 3570 per
2353 3492 2751 3553 Taurobolium

578 3577 829 3658 ejurata,
848 3587 1088 3638 auctore
1119 3579 1378 3641 Maximo
1406 3582 1618 3661 philos,
1649 3583 1881 3644 scholas
1911 3584 2376 3648 Christianorum
2405 3590 2600 3650 claudi
2627 3606 2753 3667 gen·

581 3674 889 3754 tiliumque
916 3675 1125 3754 aperiri
1141 3676 1346 3755 jussit,
1361 3679 1709 3761 Judaeisque
1733 3681 1899 3741 dedit
1925 3694 2281 3761 potestatem
2300 3687 2598 3747 reficiendi
2619 3696 2751 3745 tem·-

583 3769 668 3847 pli
697 3770 992 3832 Hierosol.
1029 3774 1192 3852 quod
1218 3784 1417 3836 tamen
1446 3776 1645 3838 divina
1672 3780 1729 3839 vi
1756 3777 2102 3858 impeditum
2149 3781 2430 3843 creditur.
2512 3786 2646 3843 362.
2672 3799 2750 3858 sq.

586 3866 968 3945 Apollinaris.
1041 3873 1179 3931 363.
1218 3872 1496 3934 Julianus
1528 3895 1564 3934 a
1594 3874 1789 3936 Persis
1817 3897 2030 3953 caesus.
2112 3878 2395 3939 Succedit
2421 3880 2471 3939 ei
2500 3877 2750 3960 primice-

586 3963 706 4025 rius
729 3975 1123 4042 protectorum
1148 3968 1603 4033 domesticorum

1328 4130 1467 4188 363.
1496 4129 1638 4188 264.
1679 4128 1988 4192 Jovianus.

669 4235 797 4297 Pax
823 4257 958 4299 cum
988 4237 1185 4300 Persis
1227 4242 1407 4315 facta,
1441 4252 1503 4304 et
1530 4242 1859 4304 restitutum
1888 4243 2190 4325 religionis
2222 4245 2578 4306 Christianae
2605 4259 2749 4305 exer·

588 4332 811 4396 citium.
