3034 4925
2290 396 2421 463 227

246 553 366 635 egit
422 553 638 618 verbis
690 552 1020 637 auspicia,
1067 574 1220 639 quae
1272 554 1444 619 mitti
1494 552 1754 621 vellet.b
1844 553 2118 634 Quibus
2163 554 2421 635 missis,

244 655 606 720 declaratus
633 667 757 721 ‘rex
789 656 1020 722 Numa
1049 658 1134 722 de
1165 657 1422 742 templo
1449 655 1846 723 descendit.⁰

318 758 438 824 19..
464 756 628 837 Qui,
668 778 875 842 regno
917 760 1015 824 ita
1056 760 1335 845 potituS,
1366 759 1643 825 urbemd
1688 781 1951 839 novam,
1983 761 2321 826 conditam
2353 761 2419 824 vi

243 869 305 925 et
328 863 541 938 armiS,
582 861 734 945 jure
760 881 908 926 earn
938 861 1329 946 legibusque
1380 881 1461 927 ac
1501 864 1805 929 moribus
1849 865 1933 929 de
1978 865 2233 946 integro
2266 882 2421 929 con·

242 963 379 1028 dere
428 955 680 1046 parat?
768 961 1040 1042 Quibus
1086 985 1237 1029 curn
1283 967 1456 1030 inter
1507 965 1686 1030 bella
1731 986 2116 1032 assuescere
2165 966 2422 1031 videret

242 1085 363 1130 non
408 1075 658 1150 posse,e
702 1069 954 1152 quippe
1008 1067 1318 1132 efferatos
1378 1067 1642 1147 militia,
1703 1068 2072 1148 animos;¹³
2119 1069 2422 1152 mitigan-

242 1169 382 1233 dum
435 1171 725 1236 ferocem
784 1171 1109 1254 populum
1162 1189 1496 1235 armornm
1551 1170 1988 1236 desuetudine
2035 1179 2247 1247 ratus,
2293 1169 2418 1234 Ja-

240 1268 425 1336 uumf
461 1273 546 1338 ad
590 1272 890 1338 infimum
918 1271 1337 1355 Argiletum,⁸
1378 1272 1671 1339 indicem
1716 1274 1910 1357 pacis
1942 1270 2281 1357 bellique,i¹
2324 1272 2419 1336 fe-

1017 409 1161 458 ms.
1208 409 1256 457 1.
1304 410 1468 460 cup.
1515 393 1621 460 19.

1134 1438 1496 1460 θθθθθθθθθθ

296 1560 350 1605 13
382 1554 398 1585 ¹
419 1557 604 1622 Quippe
627 1556 842 1622 efferatis
863 1557 1041 1607 militia
1076 1558 1267 1607 animis.
1320 1558 1461 1607 Flor.
1496 1556 1695 1622 efferari
1727 1557 1829 1606 mil.
1865 1555 2061 1605 animos.
2128 1555 2268 1603 Mur.
2292 1553 2413 1603 Hel.

244 1622 368 1688 Rott.
393 1623 528 1673 Gud.
549 1623 806 1686 Andreas,
824 1624 977 1674 Tarv.
1000 1622 1174 1689 efferos
1194 1623 1369 1673 militia
1385 1625 1583 1673 animos.
1647 1623 1846 1685 Scribe,
1870 1619 2090 1685 efferatos
2112 1620 2288 1669 militia
2309 1619 2415 1668 uni·

1206 1753 1428 1805 No'rAE

291 1860 309 1884 2
338 1852 394 1901 Si
427 1857 497 1901 est
524 1851 644 1915 sas]
678 1852 900 1917 Proprie
927 1853 1015 1914 sas
1060 1853 1271 1914 dicitur,

240 1930 355 1993 quod
372 1930 488 1992 jure
510 1931 691 1980 divino
715 1932 860 1981 licet.

249 2064 255 2070 ⁶
292 2013 314 2039 ²
344 2008 483 2057 Certa
534 2010 817 2059 «celmanis
859 2009 938 2073 [ac
980 2010 1111 2059 clara
1147 2009 1273 2074 siut]

239 2083 460 2146 Sigonius
500 2100 566 2136 ex
604 2088 835 2137 Vetusto
872 2087 1096 2152 quodam
1139 2088 1273 2138 libro

239 2161 442 2224 legebat,
462 2168 516 2212 ut
539 2170 623 2214 tua
648 2165 789 2226 signa
810 2165 943 2214 nobis
962 2171 1092 2215 certa
1119 2168 1271 2216 accla-

239 2239 414 2287 rassint.
476 2241 823 2306 Et0quamvis
869 2250 1128 2305 repugnet
1168 2242 1272 2291 Ro·

237 2312 478 2379 bortellus,
500 2332 604 2367 non
627 2318 814 2368 desunt
838 2319 1069 2383 codices,
1088 2321 1172 2385 qui
1195 2321 1272 2371 sic

236 2388 452 2442 habeant.
519 2395 584 2444 Iu
624 2393 742 2443 aliis
779 2395 1031 2458 scriptum
1071 2406 1170 2457 est,
1198 2399 1273 2447 att·

237 2470 283 2515 ta
300 2468 428 2530 cigna
455 2470 590 2521 nobis
623 2475 756 2520 certa
783 2472 1079 2531 accus-auio,
1116 2482 1173 2524 ut
1195 2491 1273 2524 cc·

237 2544 393 2594 clarore
415 2546 621 2597 dicatur
648 2561 741 2610 pro
775 2548 1067 2611 declarare,
1104 2557 1159 2600 et
1198 2566 1271 2600 ac·

236 2619 435 2669 clar-nasia
471 2639 563 2687 pro
598 2622 981 2675 declaraveris:
1016 2626 1158 2691 quod
1184 2642 1270 2677 ve-

237 2701 309 2744 tus
361 2698 563 2750 verbum
625 2700 680 2750 in
726 2702 925 2754 solenni
967 2704 1269 2766 precatione

237 2776 468 2839 usurpari,
490 2792 594 2827 non
619 2784 703 2827 est
724 2785 879 2828 extra
903 2779 1036 2829 Livii
1058 2795 1269 2832 morem.

237 2852 298 2903 Et
329 2857 501 2906 eiurare
534 2857 743 2923 quidem
784 2858 925 2922 apud
973 2861 1270 2911 Lticretium

236 2930 440 2996 aliosque
483 2934 748 2984 occurrit:
783 2935 922 2999 apud
962 2936 1073 2989 Cic.
1111 2938 1268 2987 etiam

234 3020 288 3056 ex
310 3011 467 3072 prisco
487 3013 674 3070 Po'e'ta,
695 3013 712 3041 ⁸
726 3013 937 3077 Jupiter
947 3014 1157 3065 excelsa
1167 3016 1270 3065 cla·

234 3083 364 3136 rabat
393 3096 600 3151 sceptra
621 3088 894 3139 columna.’
958 3090 1064 3141 Sed
1099 3092 1265 3141 acela·

239 3163 364 3239 randi
400 3166 609 3216 verbum
654 3181 719 3216 an
756 3165 883 3216 alibi
928 3175 1096 3232 extet,
1129 3168 1269 3218 haud

236 3241 447 3303 equidem
469 3244 597 3294 scio.

287 3316 310 3350 ὓ
336 3319 574 3384 Auspicia,
596 3335 703 3385 «με
736 3319 870 3370 mitti
898 3321 1068 3386 vellet]
1103 3321 1265 3375 Forte

239 3404 297 3441 ex
316 3408 410 3457 quo
428 3398 597 3447 avium
626 3405 919 3460 praepetum
944 3411 1155 3460 genere.

288 3478 307 3505 ⁰
335 3472 407 3522 De
422 3476 590 3538 tennplo
610 3473 870 3537 descendit]
893 3475 976 3525 De
989 3489 1132 3538 aree,
1153 3474 1267 3525 sive

234 3544 349 3611 loeo,
383 3550 470 3600 ubi
489 3565 656 3615 augur
688 3550 1069 3614 contemplatus
1090 3549 1267 3602 fuerat

237 3627 459 3690 auspicia.
506 3628 640 3679 Haec
660 3628 793 3677 enim
818 3627 1165 3692 auspiciorum
1189 3629 1266 3678 lo·

236 3715 290 3751 ca
331 3708 516 3769 templa
559 3706 684 3769 dici,
738 3706 1165 3771 quemadmodum
1209 3715 1265 3756 et

235 3780 335 3829 coeli
355 3784 586 3847 regiones
602 3785 654 3834 in
685 3784 738 3833 id
762 3783 1084 3848 designatas,
1109 3784 1268 3836 docet

235 3854 380 3908 Varro
400 3859 489 3910 lib.
512 3873 591 3911 v1.
625 3860 691 3909 de
727 3860 926 3922 Lingua
964 3861 1170 3917 Latina,
1206 3867 1267 3911 nt

236 3944 372 3996 supra
392 3950 505 4001 cap.
526 3941 576 3987 7.
610 3944 692 3987 est
711 3936 1068 3988 observatum.

288 4008 309 4045 ‘¹
339 4012 498 4076 Regno
528 4014 603 4064 ita
632 4016 816 4077 potitus
847 4015 1032 4078 urbem]
1064 4014 1127 4065 Id
1151 4015 1264 4066 sine

236 4081 629 4150 interpunctione
653 4090 728 4140 sic
768 4090 968 4155 accipe,
999 4097 1057 4140 ut
1094 4091 1264 4141 Numa

237 4164 363 4225 regni
386 4166 532 4216 titulo
568 4167 809 4232 regiaque
854 4173 1119 4231 potestate
1160 4168 1262 4217 Ro·

236 4250 353 4288 ruam
374 4243 545 4293 urbem
569 4257 750 4292 novam
777 4243 1033 4300 obtinens,
1054 4257 1167 4292 eam
1188 4244 1261 4293 le·-

237 4315 368 4378 gibus
387 4323 525 4373 velut
554 4321 723 4373 denuo
751 4321 977 4373 condere
1000 4323 1261 4374 statuerit.

1347 1852 1559 1918 Alioqui
1582 1851 1896 1901 redundabit
1921 1851 2100 1914 inepte
2123 1863 2408 1913 pronomen

1344 1946 1448 1982 eam
1464 1948 1480 1979 .-
1503 1929 1641 1996 quod
1665 1938 1719 1980 et
1739 1928 1877 1993 apud
1900 1926 2212 1978 Becharium
2236 1927 2404 1976 deest.

1411 2010 1437 2036 ⁶
1471 2010 1540 2062 A.
1554 2013 1620 2061 U.
1643 2012 1706 2062 C.
1727 2015 1810 2060 40.

1410 2097 1433 2124 Β
1465 2090 1748 2141 Ameseere
1786 2088 1970 2138 videret
1993 2103 2088 2137 noa
2114 2085 2277 2151 posse]
2315 2086 2412 2136 Ur·

1346 2168 1462 2229 bem
1487 2184 1691 2232 nempe,
1716 2167 1827 2217 sive
1853 2168 2130 2217 Romanos.

1410 2243 1662 2309 fJmnmt]
1693 2244 1962 2307 Templum
2006 2243 2147 2305 sani,
2194 2240 2259 2289 de
2306 2255 2411 2305 quo

1346 2336 1483 2370 mox.
1550 2321 1741 2373 Jauum
1785 2325 1958 2369 autem
1997 2317 2410 2382 antiquissimum

1348 2397 1684 2462 Aboriginum
1703 2398 1755 2445 in
1782 2395 1935 2445 Latio
1961 2409 2141 2458 regern
2164 2393 2411 2458 Apolline
2467 2400 2481 2415 ’

1345 2484 1401 2526 et
1423 2476 1623 2526 Creusa
1662 2474 1950 2524 Erechthei
1986 2472 2306 2522 Athenarum
2333 2485 2410 2518 re-

1345 2552 1423 2617 gis
1443 2551 1551 2600 filia
1573 2558 1770 2611 natum,
1802 2558 1856 2599 et
1880 2565 1911 2598 a
1935 2548 2142 2611 Xipheo
2175 2546 2409 2610 ejusdem

1346 2631 1560 2682 Creusae
1616 2628 1807 2678 marito
1854 2626 2163 2690 adoptatum
2214 2622 2412 2672 oraculi

1345 2708 1567 2768 monitu,
1610 2719 1728 2755 cum
1769 2704 1936 2753 classe
1983 2703 2035 2751 in
2077 2701 2279 2754 Italiam
2324 2714 2410 2747 ve·

1344 2783 1484 2832 nisse
1530 2780 1703 2830 refert
1737 2779 1902 2831 Auct.
1940 2777 2104 2829 libelli
2150 2778 2218 2826 de
2274 2776 2407 2839 orig.

1344 2866 1488 2923 gent.
1515 2860 1663 2909 Rom.
1733 2856 1893 2912 Quib.
1928 2856 1971 2905 si
2003 2870 2107 2920 qua
2141 2852 2288 2916 fides,
2311 2866 2409 2917 pro

1344 2935 1553 3000 Xipheo
1579 2934 1813 2984 Xuthum
1851 2932 2191 2997 reposuerim,
2226 2930 2409 2979 Helle·

1344 3012 1425 3063 nis
1447 3012 1655 3062 scilicet
1685 3009 1866 3069 filium,
1905 3008 1993 3073 qui
2027 3021 2210 3057 revera
2246 3006 2409 3055 Creu·

1344 3104 1451 3139 sam
1489 3089 1632 3139 illam
1666 3086 1719 3136 in
1755 3085 2085 3137 matrimonio
2120 3082 2316 3147 habuit,
2351 3088 2410 3132 et

1342 3168 1419 3218 sic
1454 3168 1623 3220 Janus
1662 3165 1962 3216 Latinorum
1999 3162 2137 3212 idem
2161 3160 2265 3210 erit
2287 3173 2406 3209 cum

1339 3245 1648 3295 Graecorum
1673 3243 1823 3305 Ioue,
1844 3240 2026 3292 Achai
2046 3238 2228 3289 fratre.
2296 3237 2409 3288 Hic

1341 3330 1515 3372 autem
1575 3320 1739 3372 Jauus
1801 3320 2081 3368 Saturnum
2140 3313 2407 3380 (Minoem

1341 3398 1479 3449 forte
1501 3395 1783 3460 seniorem)
1803 3409 1964 3459 regno
1982 3395 2180 3458 pulsum
2207 3392 2405 3446 aJove,

1340 3474 1587 3539 benigne.
1607 3473 1901 3538 excepisse,
1935 3482 2253 3533 regnumque
2289 3481 2408 3516 eum

1342 3566 1406 3603 eo
1445 3552 1733 3601 liberaliter
1767 3548 2178 3599 communicasse
2217 3543 2406 3594 fertur.

1341 3629 1487 3679 Idem
1510 3628 1767 3679 Geminus
1802 3621 2187 3689 appellabatur,
2223 3620 2404 3684 pinge·

1339 3699 1870 3770 baturque'Bifrons‚
1906 3713 1999 3749 seu
2037 3697 2252 3760 Biceps‚
2293 3695 2404 3744 sive

1340 3782 1477 3849 quod
1499 3795 1670 3832 mores
1710 3778 1888 3842 populi
1912 3775 2051 3826 feros
2096 3774 2149 3823 in
2172 3771 2403 3821 humani-

1338 3876 1482 3912 orem
1527 3865 1823 3909 mutaverat
1867 3854 2088 3917 cultum,
2110 3852 2217 3902 sive
2258 3850 2403 3916 quod

1339 3938 1611 4003 praeterita
1650 3944 1706 3985 et
1743 3932 1923 3982 futura
1962 3930 2197 3978 calleret.
2266 3929 2401 3977 Eum

1339 4014 1613 4066 Cluverius
1650 4012 1922 4070 Javanem,
1959 4005 2174 4070 Japbeti
2220 4003 2404 4067 filium,

1337 4089 1600 4152 Goropius
1625 4088 1864 4136 Becauus
1894 4083 2180 4146 Japhetum
2216 4081 2403 4146 ipsum,

1338 4167 1427 4216 alii
1472 4164 1739 4216 Noachum
1784 4162 2214 4223 interpretantur.
2279 4157 2401 4207 Hoc

1303 4259 1308 4270 ’
1345 4252 1517 4292 autem
1542 4239 1740 4304 duplici
1760 4238 1958 4289 ratione
1977 4235 2186 4286 defendi
2206 4241 2402 4299 potest,

1344 4328 1452 4370 tum
1471 4316 1607 4383 quod
1634 4316 1896 4374 Noachus‚
1918 4321 2033 4366 cum
2056 4320 2180 4364 ante
2201 4326 2262 4362 ac
2284 4316 2402 4375 post
