3034 4925
569 312 721 419 ‘552

1526 361 1595 415 '1'-
1642 360 1832 411 mvn

589 507 973 573 duumviros
1016 522 1352 572 sacrorum
1395 506 1562 572 aditi
1585 527 1602 573 ε
1624 516 1649 554 ⁸
1691 509 1996 592 pericula
2025 528 2069 574 a
2098 515 2436 576 conventu
2484 508 2797 593 alienige·

588 631 821 677 narum
841 607 866 647 ¹²
910 610 1250 694 praedicta,
1273 629 1358 673 ne
1387 611 1505 693 qui
1534 611 1604 674 in
1631 611 1780 676 loca
1808 632 2071 677 summa
2098 614 2288 678 urbis
2319 613 2642 696 impetuS,
2674 634 2801 679 cae·

582 715 847 801 desque
878 715 1032 781 inde
1060 714 1305 781 fierent.

591 818 1050 882 abstineretur.

1396 714 1578 780 Inter
1606 722 1825 783 cetera
1852 717 2198 794 monitum,
2229 722 2305 782 ut
2332 716 2799 781 seditionibus

1139 816 1226 881 Id
1276 816 1522 882 sactum
1577 818 1664 882 ad
1716 819 2208 901 impediendam
2259 820 2504 900 legem,
2554 819 2801 883 tribuni

585 920 1124 999 criminabantur,
1154 920 1521 1004 ingensque
1552 920 1780 986 aderat
1808 927 2174 986 certamen.

2263 921 2453 985 Ecce
2482 921 2597 1006 (ut
2627 922 2801 987 idem

1591 1088 1804 1140 No'rAE

595 1192 752 1249 pcctu
776 1185 1271 1251 mutatum,jacnit.’
1337 1186 1491 1250 Apud
1526 1186 1649 1237 Dio·
1717 1184 1948 1250 jusmodi
1973 1186 2341 1251 sacerdotibus,
2367 1188 2607 1236 omnium
2634 1202 2805 1236 mnne·

577 1263 794 1326 'nysiurn
818 1262 963 1312 initio
986 1261 1074 1311 lib.
1095 1277 1153 1313 x.
1184 1277 1246 1312 ea
1269 1277 1351 1312 res
1375 1263 1450 1312 ita
1473 1278 1649 1312 narra·

1732 1278 1841 1312 rum
1885 1264 2208 1328 publicorum
2252 1278 2415 1314 onere
2466 1264 2803 1327 immunibus,

598 1348 717 1390 tur:
765 1340 889 1389 Plus
930 1340 1120 1389 ceteris
1157 1340 1402 1405 prodigiis
1435 1340 1649 1397 terruit,
1728 1355 1917 1404 magna
1947 1341 2197 1404 religione
2236 1340 2497 1391 custodiri
2534 1340 2804 1399 voluit,ut

595 1417 725 1466 nivis
767 1417 817 1466 in
851 1431 1065 1480 morem,
1085 1416 1306 1466 demissa
1326 1431 1448 1468 caro
1471 1415 1652 1467 frustis

596 1494 901 1558 ntajoribus,
932 1495 1333 1559 minoribusque.
1420 1495 1552 1544 Haec
1585 1495 1651 1545 ab

597 1572 732 1620 omni
754 1586 942 1635 genere
977 1572 1147 1621 avium
1186 1572 1652 1623 intervolitantium

596 1647 800 1710 direpta
820 1653 955 1705 sunt,
980 1648 1274 1711 priusquam
1291 1657 1475 1698 terram
1496 1649 1654 1698 attin·

598 1729 800 1783 gerent.
869 1723 1138 1787 Reliquum
1184 1724 1320 1788 quod
1371 1724 1654 1788 intercidit,

597 1801 648 1848 iu
675 1799 817 1849 Urbe
839 1800 1071 1865 agrisque
1094 1814 1327 1863 sparsum
1340 1802 1509 1865 jacuit
1527 1803 1654 1851 mul·

598 1885 651 1925 to
676 1883 928 1940 tempore,
964 1892 1062 1927 nec
1097 1878 1271 1927 colore
1306 1885 1522 1942 mutuo,
1559 1892 1656 1929 nec

597 1953 776 2015 odore,
791 1961 976 2005 contra
997 1969 1192 2005 morem
1215 1956 1656 2009 veterascentium

598 2030 844 2081 carnium.
907 2031 1153 2082 Ceterum
1176 2031 1365 2083 frustra
1395 2043 1476 2082 est
1508 2034 1656 2095 Sigo-

595 2106 711 2155 nius
733 2122 849 2157 cum
874 2115 1026 2171 putat
1050 2110 1323 2172 legendum
1341 2109 1469 2160 nihil
1498 2110 1656 2159 odon-is

597 2188 817 2232 mitteret.
882 2184 1072 2235 Melius
1108 2193 1291 2250 postea
1310 2188 1533 2251 exeipit,
1556 2186 1655 2237 nisi

596 2266 781 2310 cantare
813 2262 894 2311 bic
917 2264 1116 2327 passive
1138 2271 1388 2328 sumatur,
1426 2272 1484 2314 ut
1515 2263 1654 2328 apud

595 2340 815 2391 Graecos
853 2340 1201 2402 μεταβάλλειν.
1289 2344 1374 2393 Ita
1413 2343 1654 2394 nimirum

598 2418 956 2483 accipiendum
978 2427 1058 2472 est
1079 2421 1176 2472 hcc
1195 2421 1428 2485 verbum,
1449 2426 1506 2470 ut
1529 2418 1655 2478 odor

599 2502 825 2546 mutatus
849 2512 947 2546 non
967 2495 1149 2549 fuerit.

662 2580 689 2616 s
726 2572 867 2621 Libri
884 2588 970 2636 per
985 2576 1258 2625 duumviros
1276 2590 1517 2627 sumerum
1549 2575 1654 2625 udi·

595 2646 666 2709 εἰ]
688 2647 816 2700 Cum
841 2650 1125 2714 prodigium
1147 2653 1271 2700 illud
1294 2659 1438 2702 vates
1455 2652 1654 2716 indige?

602 2739 681 2773 nae
701 2724 1036 2789 interpretari
1072 2743 1176 2777 uon
1216 2736 1448 2791 possent,
1483 2743 1655 2777 recur-

600 2801 815 2852 rendum
840 2801 939 2853 fuit
954 2803 1017 2854 ad
1035 2804 1195 2854 libros
1211 2805 1517 2869 Sibyllinos,
1530 2819 1657 2869 quos

599 2876 844 2928 librorum
889 2879 1091 2929 nomine
1135 2873 1334 2931 Noster
1373 2880 1656 2944 intelligit:

599 2960 657 3002 et
679 2954 755 3003 illi
779 2955 980 3018 quidem
1011 2955 1247 3007 fatalium
1280 2957 1530 3008 librorum
1567 2970 1656 3007 no·

600 3030 737 3080 mine
773 3031 1194 3098 continebantur,
1233 3040 1291 3083 nt
1328 3040 1553 3099 apparet
1591 3047 1657 3083 ex

602 3105 691 3156 lib.
714 3120 768 3157 v.
791 3121 908 3171 cap.
931 3113 1011 3159 14.
1035 3111 1224 3173 juncto
1251 3126 1366 3175 cap.
1405 3116 1486 3162 13.
1551 3109 1657 3161 Sed

573 3182 726 3231 -alios
747 3197 952 3247 qnoque
988 3184 1175 3235 fatales
1207 3186 1369 3235 fuisse
1403 3187 1561 3236 libros
1584 3185 1657 3237 fs-

599 3258 703 3306 cile
725 3258 999 3323 colligitur,
1022 3261 1103 3309 vel
1122 3276 1187 3309 ex
1210 3261 1439 3325 ejusdem
1459 3263 1548 3314 lib.
1566 3276 1658 3314 xv.

603 3333 687 3383 ubi
709 3336 807 3387 bac
827 3335 893 3384 de
915 3351 973 3387 re
996 3339 1303 3387 accuratim.
1368 3339 1537 3390 Porro
1571 3354 1660 3389 ne-

601 3410 791 3462 miuem
825 3410 959 3477 fugit
991 3411 1196 3475 novem,
1231 3419 1322 3464 aut
1355 3424 1503 3467 certe
1536 3422 1660 3477 tres,

600 3487 784 3540 linteos
802 3487 959 3539 libros
979 3490 1263 3563 Tarquinio
1284 3491 1537 3556 Superbe,
1557 3493 1659 3553 vel,

598 3562 765 3627 (quod
785 3565 901 3616 aliis
920 3567 1247 3622 verisimilius
1267 3568 1659 3634 videtur,)'1'ar·

601 3640 778 3703 quinio
805 3641 1013 3702 Prisco,
1033 3658 1064 3692 a
1094 3645 1295 3708 Sibylla
1318 3646 1548 3695 Cumana
1569 3644 1660 3695 ob-

602 3717 750 3779 latos,
771 3724 825 3768 et
849 3732 1033 3783 magno
1064 3722 1229 3783 pretio
1252 3721 1522 3784 indicatos,
1548 3729 1658 3770 tan-

597 3791 821 3858 demqne
854 3795 1059 3843 tertiam
1092 3810 1268 3846 eorum
1295 3805 1513 3859 partem,
1537 3798 1660 3847 reli-

604 3868 715 3928 quis
738 3871 953 3930 exustis,
981 3873 1163 3920 eodem
1189 3874 1362 3936 pretio
1390 3889 1659 3938 compara-

604 3950 739 3994 tam.-
790 3948 954 3997 creati
994 3947 1183 3999 deinde
1218 3950 1285 3999 ab
1323 3950 1506 4000 ecdem
1531 3951 1660 3999 Tar-

601 4017 773 4079 quinio
801 4018 953 4071 fuere
991 4025 1258 4074 Duumviri
1296 4039 1362 4075 ex
1407 4025 1656 4076 nobilium

602 4104 835 4155 numero,
856 4095 1055 4147 additis
1087 4100 1284 4150 dnobus
1305 4101 1529 4166 publicis
1562 4102 1655 4151 mi·

600 4165 811 4215 nistrisz
861 4169 998 4230 qnod
1036 4175 1254 4237 populus
1293 4183 1475 4241 postea
1504 4190 1654 4227 secu·

587 4249 689 4294 tus
702 4256 721 4308 3
758 4249 815 4294 et
834 4244 1088 4309 Sibyllina
1110 4251 1223 4302 haec
1244 4255 1451 4308 oracula
1473 4254 1540 4306 ab
1561 4255 1650 4307 ltu·

1732 1431 1826 1482 per
1870 1432 1958 1466 eos
1993 1418 2388 1467 consulerentur
2433 1431 2505 1466 ex
2549 1417 2804 1466 Senatus-

1733 1495 1991 1558 consulto‚
2048 1494 2249 1559 quoties
2300 1492 2685 1556 seditionibus,
2726 1500 2805 1542 ant

1734 1571 2050 1638 pestilentia,
2088 1572 2168 1621 vel
2203 1572 2348 1635 gravi
2376 1571 2523 1621 bello
2547 1586 2701 1635 resp.
2723 1586 2805 1635 pe-

1731 1652 2069 1712 riclitaretur,
2087 1650 2168 1699 vel
2191 1650 2431 1714 prodigia
2456 1649 2709 1712 quedam
2726 1663 2806 1698 nc-

1733 1743 1797 1777 va
1820 1736 1876 1778 et
1895 1728 2052 1778 dubia
2075 1727 2474 1788 nuntiarentur-3
2499 1741 2565 1776 ac
2585 1740 2690 1789 per
2705 1740 2808 1775 eos·

1736 1804 1853 1854 dem
1877 1805 2044 1855 curari
2066 1818 2232 1868 sacra,
2255 1818 2482 1868 quaeque
2508 1802 2621 1852 alia
2646 1803 2807 1867 Sibyl·

1733 1880 1957 1930 linorum
1976 1881 2257 1931 carminum
2271 1881 2423 1944 jussu
2450 1878 2711 1929 facienda
2733 1895 2806 1927 es·

1735 1965 1867 2008 sent.
1931 1959 2041 2008 Pro
2086 1958 2407 2019 Duumviris,
2457 1956 2804 2007 Decemviros

1734 2035 1894 2084 sacris
1918 2033 2172 2084 faciundis
2206 2049 2270 2084 ex
2293 2033 2533 2098 patriciis
2570 2039 2635 2084 et
2661 2032 2803 2096 plebe

1736 2110 1901 2160 creari
1945 2111 2143 2175 placuit
2183 2126 2265 2160 an.
2303 2114 2416 2160 388.
2441 2118 2506 2159 ut
2540 2108 2690 2159 infra
2724 2109 2804 2159 lib.

1743 2201 1819 2238 vr.
1865 2202 1983 2251 cap.
2021 2192 2102 2237 3⁷.
2142 2188 2386 2236 traditur.
2457 2185 2567 2236 Hic
2618 2186 2805 2235 deinde

1735 2277 1977 2313 numerus
2018 2278 2122 2313 nou
2165 2264 2323 2313 semel
2376 2268 2568 2312 auctus
2618 2273 2712 2313 est
2748 2260 2805 2310 ad

1736 2340 2191 2391 Quindecimviros
2212 2356 2227 2389 z
2263 2340 2416 2388 immo
2441 2338 2508 2387 ad
2526 2339 2807 2403 sexaginta

1738 2432 1919 2482 usque,
1956 2424 2160 2468 servato
2196 2424 2373 2467 tamen
2409 2414 2806 2468 Quindecimvi·

1736 2508 1909 2544 rorum
1942 2497 2168 2556 nomine,
2193 2493 2349 2543 etiam
2382 2499 2669 2557 postquam
2700 2492 2807 2539 libri

1734 2568 1972 2634 Sibyllini
2009 2586 2122 2619 cum
2160 2570 2440 2632 Capitolio,
2468 2569 2558 2618 ubi
2589 2582 2723 2617 arca
2744 2569 2807 2616 la·

1736 2647 1892 2711 pidea
1910 2646 2092 2696 inclusi
2126 2647 2177 2695 in
2211 2646 2362 2697 Jovis
2384 2645 2518 2694 cella
2539 2643 2807 2694 subterra·

1737 2736 1835 2771 nea
1879 2722 2241 2777 servabantur,
2284 2719 2545 2771 combusti
2594 2718 2804 2768 fueruat

1736 2799 1915 2849 sociali
1933 2798 2087 2856 bello,
2105 2799 2164 2848 L.
2182 2798 2449 2862 Scipione,
2467 2797 2529 2846 C.
2545 2795 2806 2845 Norbano

1737 2891 1873 2927 coss.
1899 2883 2035 2928 teste
2055 2877 2243 2926 Tacito
2264 2875 2357 2924 lib.
2381 2888 2463 2924 tv.
2514 2873 2737 2923 Histor.
2758 2872 2803 2920 id

1737 2962 1837 3017 est,
1873 2969 1958 3003 an.
1984 2954 2051 3003 U.
2076 2953 2137 3004 C.
2168 2957 2281 3003 67⁰.
2311 2964 2532 3016 qnorum
2564 2950 2698 3001 loco
2730 2949 2805 2999 alii

1737 3030 2081 3096 undequaque
2104 3028 2395 3095 conquisiti.

1800 3106 1825 3140 ¹²
1879 3108 2102 3158 Pericula
2154 3123 2186 3155 a
2238 3108 2469 3155 conventu
2511 3104 2803 3166 alienigena·

1737 3182 1866 3247 rum]
1901 3185 2102 3234 Fictum
2138 3182 2209 3239 id,
2250 3181 2546 3245 composito
2590 3180 2664 3230 ad
2689 3187 2805 3231 tem·

1739 3275 1837 3324 pus
1861 3274 2126 3324 responso,
2155 3265 2213 3308 nt
2235 3258 2406 3323 questi
2431 3263 2560 3306 sunt
2584 3257 2804 3316 tribnui3

1740 3338 1803 3387 ain
1844 3352 1909 3385 ex
1949 3346 2084 3395 arte,
2120 3342 2176 3385 et
2214 3349 2396 3384 revera
2433 3348 2504 3383 ex
2536 3333 2804 3398 Sibylli-is

1738 3414 2048 3465 carminibus
2069 3421 2294 3469 erutum,
2308 3410 2525 3461 difficile
2542 3410 2701 3462 dictu
2718 3417 2802 3460 est.

1738 3493 2024 3542 Externum
2071 3493 2290 3552 bostem,
2333 3496 2500 3553 atque
2545 3502 2623 3537 ex
2671 3502 2804 3551 sape·

1739 3571 1958 3620 rioribus
2002 3567 2128 3618 locis
2182 3572 2521 3630 grassantem,
2571 3565 2802 3615 volucres

1738 3659 1955 3709 rapaces
1995 3659 2092 3709 per
2124 3643 2259 3692 aeris
2295 3641 2472 3705 spatia
2507 3641 2802 3696 volitantes,

1740 3720 2121 3785 periclitantem
2163 3718 2462 3768 libertatem
2502 3716 2645 3783 (qua
2678 3717 2804 3767 velut

1737 3795 1950 3861 proprio
1979 3793 2095 3845 cibo
2133 3794 2356 3858 populns
2387 3793 2664 3859 aleretur)
2696 3806 2802 3843 earo

1740 3874 1960 3936 depasta
1981 3869 2272 3934 significare
2293 3869 2488 3932 potuit.
2556 3869 2638 3920 Et
2661 3868 2800 3918 fide·

1738 3951 1892 4015 liujus
1933 3945 2165 4012 responsi
2219 3944 2603 4008 comprobasse
2652 3943 2802 3996 videri

1741 4032 1917 4091 potest
1939 4023 2102 4090 Appii
2136 4020 2397 4069 Herdonii
2429 4022 2596 4083 paulo
2623 4031 2737 4085 post
2757 4021 2800 4068 ia
2828 4013 2835 4020 ’

1738 4100 2053 4166 Capitolium
2090 4096 2335 4162 irruptio,
2372 4110 2495 4161 quae
2529 4095 2676 4148 infra
2700 4110 2799 4158 cap·

1735 4184 1817 4232 15.
1842 4176 2178 4230 describitur,
