3034 4925
2296 373 2427 445 w
2486 343 2489 348 ,

212 541 465 609 decem
518 531 755 607 deinde
808 541 1057 608 tribuni
1107 539 1332 625 plebis
1388 544 1786 608 crearentur.
1899 536 2253 622 Expressit
2302 538 2431 603 hoc

209 645 603 712 necessitas
633 645 976 711 Patribus.
1035 643 1120 709 Id
1142 642 1345 709 modo
1378 660 1835 725 excepere,ne
1857 648 2093 726 postea
2113 642 2425 708 eosdem⁸

213 751 542 814 tribunos
562 749 937 833 juberent-³
1022 745 1409 812 Tribunicia
1437 745 1709 810 comitia
1727 743 1846 831 (ne
1874 746 1944 810 id
1978 763 2245 830 qnoque
2274 749 2434 828 post

211 850 505 930 bellum,
544 858 621 915 ut
666 855 905 928 cetera,
933 869 1178 916 vanum
1222 845 1437 931 esset)
1480 848 1821 929 extemplo
1865 847 2117 913 habita.
2202 848 2433 912 Trice-

218 954 411 1019 simo
465 961 664 1019 sexto
712 973 887 1019 anno
906 961 948 990 ¹¹·
1000 973 1043 1019 a
1085 951 1318 1037 primis
1362 950 1637 1015 tribunis
1675 949 1914 1034 plebiS,
1952 950 2183 1015 decem
2227 950 2434 1015 creati

224 1063 419 1136 sunt,
461 1057 608 1122 bini
654 1075 743 1121 ex
789 1056 1067 1140 singulis
1114 1054 1507 1120 classibus?
1594 1045 1834 1136 Itaque
1880 1061 2150 1119 cautum
2193 1058 2314 1129 est,
2358 1059 2437 1118 ut

221 1165 478 1242 postea
507 1165 923 1225 crearentur!
1010 1158 1300 1230 Delectu
1332 1156 1569 1221 deinde
1596 1155 1854 1236 habito,
1886 1156 2256 1232 MinuciuS,
2281 1175 2437 1219 con-

224 1267 349 1327 tta
377 1262 666 1327 Sabinos
701 1261 1062 1345 profectuS,
1090 1280 1226 1326 non
1253 1259 1508 1324 invenit
1537 1258 1816 1323 hostem.
1906 1258 2251 1336 HoratiuS,
2283 1276 2437 1322 cum

214 1360 376 1446 jam
415 1362 648 1446 AEqui,
680 1362 1011 1428 Corbione
1046 1361 1392 1427 interfecto
1438 1359 1779 1443 praesidio,
1825 1359 2147 1426 Ortonam
2166 1368 2194 1411 ⁹
2238 1360 2451 1440 etiam¹

232 1463 602 1548 cepissent,
631 1465 699 1528 in
729 1462 980 1547 Algido
1013 1468 1289 1547 pugnat.
1357 1461 1636 1527 ‘Multos
1665 1464 1978 1529 mortales
2011 1462 2292 1528 occidit:
2335 1455 2444 1526 su-

233 1574 362 1649 gat
409 1566 675 1632 hostem
718 1586 854 1636 non
902 1586 990 1630 ex
1035 1553 1289 1647 Algido
1331 1564 1563 1641 modo,
1609 1564 1728 1629 sed
1773 1587 1816 1631 a
1861 1564 2196 1639 Corbione
2241 1564 2443 1630 Orto-

232 1688 489 1752 naque.
578 1668 982 1734 Corbionem
1025 1668 1223 1750 etiam
1268 1666 1474 1732 diruit
1513 1672 1789 1751 propter
1831 1667 2170 1752 proditum
2209 1666 2447 1751 praesia

235 1770 454 1836 dium.
2056 1809 2061 1816 -

255 1931 260 1938 .
333 1873 439 1939 31.
500 1873 765 1940 Deinde
813 1872 915 1938 M.
965 1864 1308 1951 ValeriuS,
1368 1871 1488 1957 Sp.
1538 1871 1891 1956 Virginius
1951 1853 2261 1938 consules
2304 1872 2445 1937 fac-

239 1967 358 2043 ti?
458 1977 663 2042 Domi
720 1975 1015 2061 forisque
1067 1977 1277 2041 otium
1327 1975 1477 2040 suit.
1565 1974 1860 2040 Annona
1910 1982 2182 2059 propter
2234 1993 2448 2072 aqna-

242 2098 395 2144 rum
423 2078 925 2163 intemperiem⁰
967 2077 1338 2143 laboratum
1383 2083 1503 2141 est.
1594 2076 1702 2141 De
1731 2075 2067 2141 Aventino
2101 2075 2446 2159 publican-

989 383 1135 443 us.
1186 386 1301 443 111.
1349 390 1515 442 ose.
1558 377 1666 443 31.

275 2271 279 2276 .
315 2240 342 2274 v
363 2229 426 2281 Id
443 2232 698 2281 necessitas
715 2245 746 2281 a
770 2231 948 2281 &nutu
969 2230 1204 2281 extorsit.-
1236 2230 1317 2293 qui
1340 2233 1496 2279 tamen
1516 2229 1636 2279 lianc
1658 2228 1974 2292 exceptionem
1989 2226 2144 2293 pactis
2165 2225 2373 2289 addidit,
2393 2239 2451 2275 ne

240 2297 379 2362 plebs
397 2299 577 2346 eosdem
598 2298 812 2346 tribunos
832 2297 1037 2346 comitiis
1057 2296 1156 2345 sais
1177 2297 1307 2345 ultra
1325 2299 1527 2345 crearet.

315 2368 340 2398 ⁸
373 2363 443 2414 Et
463 2362 770 2413 constitutum
788 2367 861 2412 est
881 2367 937 2412 ut
957 2363 1010 2412 in
1028 2367 1266 2426 posterum
1287 2362 1359 2409 ita
1379 2364 1674 2423 crearentur,
1695 2373 1858 2422 nenrpe
1878 2360 2054 2420 decem,
2071 2360 2153 2420 ⁸50·

1173 2479 1538 2512 veteretum

248 2578 351 2623 -τ
386 2542 756 2624 Pe'rcumEdd.
779 2580 900 2625 ame
926 2573 1100 2623 Drak.
1127 2575 1329 2638 pertulit
1363 2574 1468 2625 Ma.
1489 2572 1667 2624 vam.
1716 2571 1840 2623 vid.
1867 2570 1995 2622 Not.
2015 2570 2244 2620 Vana-s
2280 2567 2454 2618 peria.

1246 2686 1459 2738 No'rAE

320 2794 359 2819 ¹³
383 2777 637 2835 Tricesimo
652 2791 790 2836 sexto
810 2784 956 2849 anno]
979 2787 1148 2837 Notat
1164 2786 1313 2837 Glar.

248 2861 499 2926 Dionysii
519 2863 889 2925 supputatione
918 2863 1053 2912 hanc
1077 2862 1211 2912 Livii
1237 2877 1316 2911 ra·

250 2938 450 3007 tionem
475 2937 608 2987 bene
629 2938 841 2989 habere.
910 2939 1047 2989 Nam
1077 2954 1213 2988 anno
1237 2943 1317 2990 17.

255 3015 326 3066 ab
349 3015 548 3065 exactis
583 3016 792 3080 regibus
827 3016 995 3067 creati
1025 3024 1146 3068 s'unt
1170 3017 1321 3081 primi

252 3093 483 3144 tribuni:
506 3100 562 3142 at
585 3093 666 3142 hic
689 3108 853 3143 annus
878 3093 944 3143 ab
961 3094 1089 3143 urbe
1108 3094 1323 3160 Tarqui·

256 3171 460 3220 nicrum
484 3168 701 3233 imperio
724 3171 941 3220 liberata
966 3178 1045 3219 est
1073 3173 1320 3236 quinqua-

257 3248 482 3310 gesimus
526 3238 747 3308 tertius3
795 3261 826 3297 e
870 3262 973 3313 quo
1016 3254 1231 3299 numero
1276 3250 1320 3299 si

259 3324 579 3374 subtraxeris
624 3322 1019 3389 septemdecim,
1061 3324 1322 3390 reliquen-

260 3407 353 3449 tur
375 3401 494 3448 anni
532 3414 624 3449 sex
662 3406 717 3449 et
745 3401 977 3464 triginta.
1042 3392 1236 3450 Verum
1271 3400 1323 3451 in

260 3475 413 3526 Livio
448 3483 554 3526 tres
588 3476 774 3526 desunt
817 3477 955 3536 anni,
992 3474 1128 3540 quod
1172 3490 1325 3541 supra

262 3550 571 3611 indicatum,
595 3556 709 3603 248.
730 3555 846 3602 264.
871 3559 927 3602 et
950 3555 1063 3602 265.

330 3635 357 3661 ⁸
388 3629 512 3679 Bini
547 3644 609 3679 ex
644 3628 848 3690 singulis
882 3624 1136 3689 elassibus]
1167 3625 1330 3690 Atqui

263 3718 358 3754 sex
378 3704 563 3754 civium
583 3705 931 3775 Romanorum
950 3704 1138 3753 classes
1161 3716 1191 3752 a
1212 3704 1329 3752 Ser·

263 3778 355 3829 vio
379 3778 642 3829 institutas
668 3779 1005 3830 certissimum
1024 3787 1100 3828 est
1121 3793 1186 3827 ex
1206 3779 1330 3829 Dio·

264 3854 416 3920 nysio
460 3852 677 3920 ipsoque
721 3855 890 3906 Livio.
954 3852 1059 3904 Sed
1096 3855 1330 3918 quoniam

267 3936 434 3988 sextae
473 3931 652 3981 classis
689 3944 948 3995 nunquam
982 3930 1034 3978 in
1077 3927 1331 3995 suffragiis

268 4006 410 4056 ratio
430 4004 734 4069 habebatur,
770 4012 828 4056 ut
864 4004 953 4055 lib.
978 4019 1018 4057 1.
1049 4021 1097 4054 c.
1118 4008 1200 4055 43.
1243 4006 1333 4057 ob-

268 4093 532 4136 servatum
558 4092 661 4142 est,
693 4083 887 4135 idcirco
926 4084 1231 4149 plerumque
1270 4098 1334 4149 ne

265 4161 414 4209 inter
452 4159 640 4229 classes
679 4160 884 4224 quidem
907 4160 1165 4211 numerari
1201 4162 1333 4210 sole·

270 4236 383 4286 bat.
448 4235 636 4300 Itaque
660 4236 860 4286 nonnisi
886 4250 951 4286 ex
984 4237 1207 4302 quinque
1232 4237 1335 4301 pri-

274 4317 371 4366 mis
427 4316 677 4368 classibus
731 4317 926 4368 tribuni
990 4316 1333 4382 eligebantur.

1398 2786 1716 2851 Duplicatus
1757 2791 1930 2851 autem
1968 2789 2049 2832 est
2081 2795 2258 2832 eorum
2281 2793 2457 2829 nume-

1398 2879 1485 2913 rus
1502 2864 1614 2914 solo
1631 2860 1739 2912 fere
1758 2863 1862 2928 ᾼρ.
1879 2859 2094 2911 Claudio
2113 2865 2460 2925 repugnante,

1399 2939 1594 2990 ceteris
1639 2937 1946 3006 primoribus
1990 2950 2107 2986 cum
2149 2935 2211 2984 L.
2243 2924 2459 2986 Quintio

1399 3015 1538 3065 haud
1564 3028 1701 3079 aegre
1726 3011 2147 3074 concedentibus,
2170 3008 2307 3077 qnod
2344 3024 2461 3072 spe·

1402 3100 1579 3142 rarent
1605 3082 1777 3155 plures
1800 3091 1964 3139 minns
1988 3085 2126 3139 inter
2155 3102 2211 3137 se
2245 3098 2463 3137 consen-

1403 3184 1570 3229 suros,
1593 3168 1919 3234 ipsorumque
1941 3167 2040 3216 vim
2067 3164 2300 3215 dissensu
2319 3162 2462 3213 labe-

1402 3246 1718 3299 sectandam.

1467 3319 1492 3349 ·
1530 3324 1595 3374 A.
1620 3324 1686 3373 U.
1709 3322 1772 3373 c,
1793 3312 1907 3372 2'97.

1467 3410 1491 3434 ⁰
1526 3394 1735 3463 Propter
1754 3413 1980 3462 aquarum
2000 3393 2346 3459 intemperiem]
2370 3393 2471 3449 Im,

1405 3477 1685 3539 temperies
1736 3473 1787 3522 in
1833 3473 2040 3521 homine
2094 3468 2466 3519 immodestiam

1407 3552 1519 3601 sive
1542 3549 1918 3614 procacitatem
1941 3544 2228 3609 significan
2259 3543 2313 3592 in
2335 3543 2467 3592 coelo

1408 3629 1517 3679 sive
1549 3625 1669 3675 ae're
1701 3625 1953 3674 insuetam
1978 3629 2034 3672 et
2068 3621 2304 3671 vitiosam
2339 3623 2468 3668 tem-

1409 3709 1727 3770 peraturam,
1746 3698 1984 3750 ardorem
2018 3704 2146 3762 puta
2168 3694 2468 3747 immodera-

1411 3787 1543 3843 tum,
1563 3777 1750 3843 frigus,
1770 3776 2055 3837 humorem,
2078 3772 2372 3822 siccitatem
2394 3770 2472 3820 ni-

1412 3858 1585 3908 miam.
1636 3854 1709 3905 At
1727 3867 1971 3919 aquarum
1990 3849 2343 3912 intemperies,
2364 3845 2470 3897 frn-

1415 3933 1566 3997 gibns
1589 3931 1762 3987 noxia,
1785 3945 1852 3979 au
1875 3924 1939 3977 ad
1977 3940 2189 3988 magnos
2214 3922 2470 3974 assiduos-

1413 4026 1513 4077 que
1531 4008 1741 4072 imbres,
1760 4022 1824 4056 an
1849 4005 1914 4054 ad
1937 4003 2200 4053 fluminum
2225 4001 2471 4078 rivorum-

1414 4103 1513 4153 que
1551 4084 1781 4134 insolitas
1813 4080 2206 4142 exundationes,
2241 4093 2305 4128 an
2334 4077 2472 4128 forte

1417 4165 1481 4214 ad
1505 4162 1811 4228 pestilentes
1834 4173 1898 4210 ex
1923 4157 2117 4223 stagnis
2146 4164 2237 4206 aut
2259 4154 2471 4206 lacubus

1415 4253 1637 4303 vapores
1676 4236 1952 4290 referenda
1985 4236 2070 4292 sit,
2103 4250 2204 4286 non
2243 4228 2471 4296 explieat

1414 4315 1614 4367 Liviusae
