3034 4925
1094 347 1239 396 mu.
1285 347 1399 396 ιιι.
1443 348 1606 398 cn.
1648 334 1758 399 63.
2398 339 2536 404 669

320 510 641 579 agrorum
676 493 991 568 amissaS‚
1024 492 1289 575 recipit.
1377 492 1668 560 Gemina
1715 495 1995 562 victoria
2045 497 2315 562 duobus
2362 498 2531 564 bifaae-

317 603 508 665 riam
540 597 792 683 praeliis
822 603 1038 679 parta,
1068 595 1355 677 maligne
1385 604 1664 662 senatus
1693 598 1762 660 in
1813 618 2014 663 unum
2055 599 2231 665 diem
2261 601 2526 683 suppli-

324 703 683 768 cationes¹
725 700 1074 764 consulum
1105 697 1374 762 nomine
1398 697 1715 763 decrevit.
1805 699 2110 784 Populus
2159 702 2423 787 injussu
2455 712 2527 766 et

323 805 547 868 altero
577 804 683 868 die
710 802 1090 887 frequentes
1118 800 1200 864 iit
1228 801 1708 884 supplicatum.
1797 802 1883 866 Et
1930 802 2079 869 haec
2110 825 2283 887 vaga
2313 825 2527 890 popu-

322 905 635 990 larisque
686 904 1098 988 supplicatio
1145 903 1388 968 studiis
1437 923 1650 988 prope
1696 907 2082 973 celebratior
2111 908 2261 973 fuit.
2351 907 2524 974 Con-

329 1007 521 1071 sules
552 1027 641 1071 ex
666 1007 1051 1090 composito
1081 1006 1321 1070 eodem
1342 1006 1548 1071 biduo
1571 1016 1598 1043 ⁸
1643 1009 1731 1074 ad
1759 1009 1986 1074 urbem
2029 1030 2394 1088 accessere,
2424 1030 2528 1075 se·

327 1115 697 1194 natumque
720 1111 786 1175 in
816 1109 1129 1174 Martium
1156 1128 1467 1192 campum
1492 1130 1874 1176 evocavere.
1962 1111 2101 1177 Ubi
2132 1132 2281 1177 cum
2316 1112 2397 1176 de
2427 1132 2527 1176 re-

327 1210 469 1275 bus
498 1212 585 1276 ab
618 1232 692 1276 se
723 1212 928 1294 gestis
957 1220 1249 1293 agerent,
1277 1214 1503 1295 questi
1535 1214 1858 1297 primores
1888 1214 2190 1300 Patruin,
2224 1219 2524 1279 senatum

329 1312 508 1377 inter
551 1315 800 1379 milites
847 1313 1074 1378 dedita
1120 1334 1332 1396 opera
1370 1317 1639 1379 terroris
1691 1335 1906 1381 causa
1952 1316 2199 1396 haberi.
2290 1315 2530 1400 Itaque

333 1413 494 1478 iude
522 1418 851 1493 consuleS,
881 1437 962 1481 ne
992 1418 1435 1482 criminationi
1482 1418 1674 1484 locus
1700 1427 1903 1498 esset,
1943 1420 2013 1484 in
2043 1426 2236 1502 prata
2279 1419 2531 1484 Flami-

332 1516 476 1594 nia,
526 1518 644 1581 ubi
690 1538 863 1583 nunc
906 1518 1089 1583 aedes
1141 1517 1487 1601 Apollinis
1535 1528 1662 1598 est,
1712 1519 1887 1606 (J‘am
1917 1527 2058 1585 tum
2078 1519 2130 1560 ¹⁶
2171 1519 2529 1605 Apollina-

332 1636 473 1682 rem
496 1616 524 1655 ¹³
565 1618 1058 1704 appellabant,)
1100 1639 1468 1685 avocavere
1507 1629 1830 1688 senatum.
1920 1622 2061 1689 Ubi
2092 1643 2241 1688 cum
2274 1622 2528 1705 ingenti

1251 1802 1610 1825 OONOOO‘OOOO

337 1919 470 1964 -16
505 1916 700 1965 Circum
716 1916 823 1977 jam
856 1922 957 1966 tum
976 1917 1113 1966 Edd.
1138 1917 1202 1967 ab
1228 1918 1347 1968 Ald.
1365 1881 1438 1968 «ad
1471 1920 1633 1970 Drak.
1704 1922 1812 1979 Est,
1831 1922 2010 1969 circum
2031 1921 2353 1983 Apollinarem
2371 1922 2530 1983 appel-

338 1979 500 2029 labam
523 1981 627 2032 Ms.
651 1982 824 2031 Veith.
876 1981 1021 2045 Conj.
1044 1981 1098 2033 J.
1123 1983 1181 2031 F.
1207 1982 1440 2034 Gronov.
1473 1984 1770 2047 Appollinor.
1791 1985 1916 2034 vid.
1939 1986 2062 2035 Not.
2086 1986 2207 2033 Var.

1326 2130 1542 2182 NOTAE

402 2248 423 2273 ²
457 2242 675 2304 Maligne
693 2249 891 2293 senatus
905 2243 958 2294 in
978 2259 1122 2294 snam
1141 2243 1264 2296 diem
1283 2261 1393 2309 σιφ-

330 2319 634 2382 plicationes]
670 2321 845 2371 Rebus
865 2321 1092 2371 feliciter
1112 2324 1268 2386 gestis
1304 2323 1393 2371 de·

337 2395 482 2442 cerni
511 2394 674 2444 solitae
710 2397 1072 2458 gratulationis
1096 2412 1250 2446 causa
1273 2413 1391 2461 sup-

337 2471 649 2534 plicationes
684 2473 749 2522 ad
793 2475 984 2536 templa
1017 2474 1261 2534 Deorum,
1283 2474 1393 2524 sive

336 2547 406 2596 ad
442 2548 611 2597 omnia
646 2548 953 2613 pulvinaris,
982 2551 1041 2599 de
1070 2550 1325 2615 sacrifices,
1345 2555 1393 2601 et

334 2626 419 2673 des
445 2625 630 2688 prieres
657 2626 928 2690 publiques:
977 2626 1070 2676 sed
1085 2629 1192 2678 boc
1213 2630 1393 2693 malig-

335 2715 427 2766 ne,
451 2699 588 2765 quod
623 2717 735 2750 cum
759 2702 878 2752 duae
913 2718 978 2752 ex
1000 2702 1221 2754 diversis
1238 2706 1393 2754 hosti-

334 2775 435 2825 bus
473 2776 700 2826 victoriae
736 2785 910 2828 essent
950 2786 1253 2841 reportatae,
1292 2794 1393 2830 non

333 2852 438 2900 nisi
460 2854 510 2901 in
537 2867 688 2902 unum
712 2852 847 2901 diem
870 2853 1081 2904 indictas
1104 2863 1252 2905 erant
1275 2871 1393 2921 sup·

333 2929 660 2993 plis-stiones,
701 2944 817 2978 cum
855 2929 921 2979 de
956 2944 1098 2979 more
1136 2946 1231 2994 pro
1264 2948 1395 2982 una-

339 3019 543 3068 quaque
567 3006 805 3066 victoria,
826 3020 928 3055 non
948 3006 1098 3057 modo
1113 3009 1280 3066 unius,
1299 3010 1398 3060 sed

336 3081 715 3143 posterioribus
754 3083 1072 3145 temporibus
1105 3099 1245 3148 saepe
1282 3088 1391 3149 plu.

336 3158 468 3207 riom
504 3159 701 3213 dierum
740 3159 1050 3223 supplicatio
1087 3160 1394 3215 decernere·

338 3240 460 3285 tur:
496 3233 627 3285 adeo
659 3241 717 3284 ut
750 3236 932 3285 decem
963 3235 1165 3305 dierum·
1198 3239 1393 3304 suppli·

335 3309 477 3369 catio
516 3310 769 3375 Pompeio
805 3313 1021 3363 decreta
1048 3314 1119 3363 sit
1151 3315 1395 3366 confecto

337 3386 697 3436 Mithridatico
732 3387 904 3448 bello;
954 3389 1146 3439 Caesari
1179 3391 1395 3454 quinde-

338 3464 459 3526 cim,
483 3462 636 3512 immo
658 3470 717 3512 ut
737 3464 847 3527 ipse
863 3464 1042 3524 tradit,
1058 3465 1238 3527 viginti
1259 3473 1397 3530 post·

341 3553 403 3589 es
427 3540 644 3589 dierum.

405 3622 430 3648 ⁸
461 3617 643 3663 Eodem
681 3614 845 3678 biduo]
894 3614 1092 3665 Eodem
1137 3625 1395 3683 tempore,

338 3697 400 3740 ut
416 3704 548 3738 unus
565 3690 753 3754 pridie,
773 3690 908 3740 alter
930 3692 1180 3754 postridie
1204 3695 1269 3744 ad
1295 3695 1393 3744 Ur·

336 3766 460 3817 bem
485 3766 780 3817 accederet.

404 3841 427 3874 b
458 3843 578 3890 Jam
596 3847 700 3892 lum
719 3843 1065 3909 Apollinarem]
1113 3845 1269 3911 Apud
1302 3846 1395 3898 Al·

337 3918 461 3967 dum
485 3920 714 3983 aliosque
736 3935 855 3970 eum
876 3929 1087 3976 secutos
1107 3930 1203 3979 est,
1218 3923 1397 3974 cir-cuns

324 3995 434 4055 ,iam
452 3999 552 4043 tm
572 3994 910 4056 Apollinarem.
975 3997 1046 4047 Et
1068 4011 1190 4048 vero
1207 3999 1392 4049 Circus

337 4086 404 4123 eo
427 4071 542 4120 loco
562 4078 746 4135 postea
766 4071 887 4135 fuit,
901 4072 1181 4129 Flaminius
1203 4075 1394 4133 dictus.

339 4162 371 4196 a
393 4147 455 4198 C.
479 4148 728 4199 Flaminio
761 4163 973 4199 censore
1002 4149 1245 4205 ducentis
1279 4151 1395 4204 fere

340 4232 463 4295 post
487 4226 629 4279 annis
649 4233 964 4291 esstructus,
980 4240 1134 4295 quem
1155 4235 1211 4281 et
1227 4227 1393 4305 Apol,

1469 2245 1683 2294 linarem
1708 2244 1908 2299 dixere,
1924 2243 1990 2294 ab
2014 2244 2180 2293 vicina
2204 2243 2316 2293 aede
2335 2242 2533 2306 Apolli·

1468 2320 1567 2370 nis.
1631 2319 1734 2369 Sed
1758 2318 1977 2378 nonjom
1999 2323 2117 2367 lum.
2185 2318 2345 2367 Prata
2380 2325 2534 2368 erant

1473 2394 1744 2451 Flaminia,
1775 2387 1841 2445 ut'
1855 2403 2093 2444 extremo
2117 2408 2236 2458 cap.
2269 2396 2350 2443 54.
2373 2401 2531 2443 testa·

1471 2479 1557 2521 tur
1579 2473 1772 2523 Livius.
1805 2472 2059 2532 Iundjam
2082 2477 2184 2521 tum
2203 2470 2529 2520 referendum

1471 2549 1678 2614 quidem
1706 2550 1965 2599 videretur
1986 2548 2053 2599 ad
2088 2549 2314 2608 Circum,
2350 2547 2394 2597 si
2418 2549 2537 2612 jam·

1470 2640 1533 2675 eo
1579 2633 1813 2690 tempore
1854 2626 2038 2676 Circus
2081 2625 2156 2674 ibi
2199 2624 2408 2685 fuisset,
2442 2625 2529 2687 qui

1471 2709 1597 2754 tune
1633 2702 1972 2768 Apollinaris,
2020 2710 2204 2766 postea
2249 2701 2531 2751 Flaminius

1471 2779 1645 2831 dictus
1679 2786 1792 2830 est:
1827 2796 1859 2829 a
1890 2794 1993 2844 quo
2029 2779 2187 2829 Circo
2219 2790 2409 2826 nomen
2440 2774 2529 2824 de-

1471 2857 1596 2907 inde
1611 2860 1820 2922 accepit
1837 2858 1983 2922 regio
1996 2856 2154 2907 Urbis
2166 2869 2247 2904 rx.
2259 2862 2364 2904 tum
2381 2860 2533 2904 extra

1470 2933 1688 2996 Urbem,
1740 2948 1908 2999 neque
1962 2926 2099 2983 enim
2143 2930 2530 2994 magistratibus

1470 3011 1560 3074 qui
1595 3011 1910 3075 triumphum
1948 3015 2191 3074 peterent
2230 3007 2413 3056 moenia
2453 3007 2530 3055 in-

1472 3086 1620 3148 gredi
1645 3086 1854 3137 licebat.
1917 3085 2020 3135 Sed
2046 3097 2222 3134 vocem
2258 3083 2396 3132 illam
2423 3082 2532 3132 Cir·

1468 3175 1579 3211 cm
1595 3162 1646 3210 in
1670 3161 1801 3212 Mss.
1824 3160 2111 3211 desiderari
2138 3159 2417 3218 Rhenanus
2438 3173 2529 3208 no·

1471 3238 1640 3287 tavitz
1682 3238 2027 3301 Apollinarem,
2061 3236 2164 3298 vel,
2203 3242 2260 3285 ut
2297 3235 2529 3286 Gronov.

1470 3315 1691 3378 mavult,
1709 3316 1882 3363 nescio
1906 3328 1969 3362 au
1989 3320 2154 3372 recte,
2167 3310 2441 3373 Apolliaor,
2451 3323 2530 3359 re·
2608 3340 2613 3345 -

1471 3387 1555 3439 fer
1576 3390 1640 3438 ad
1664 3389 1830 3439 aedem
1854 3388 1997 3437 illam
2023 3386 2301 3449 Apollinis.

1534 3466 1650 3515 Jom
1695 3470 1796 3514 tm
1835 3461 2183 3526 Apollinarem]
2239 3460 2529 3524 Legebamu-

1470 3541 1650 3590 circum
1669 3539 1779 3600 jam
1807 3543 1940 3596 tum
1974 3538 2067 3588 sed
2098 3553 2214 3587 cum
2245 3537 2532 3587 ostenderit

1470 3614 1764 3667 Gronovius
1807 3614 2036 3664 additam
2075 3613 2260 3673 fuisse,
2282 3613 2348 3663 ab
2390 3611 2531 3665 Aldu

1473 3706 1654 3741 vocem
1677 3691 1874 3754 circum
1890 3706 2111 3757 cumque
2134 3705 2165 3739 a
2189 3689 2459 3740 codicibus
2475 3697 2531 3740 et

1471 3767 1789 3818 editionibus
1812 3766 2185 3833 antiquioribus
2213 3765 2367 3825 absit,
2389 3763 2530 3815 dele·

1473 3846 1660 3896 vimus.
1742 3844 1887 3894 Nihil
1933 3858 2063 3908 opus
2105 3848 2187 3892 est
2223 3848 2527 3891 contextum
2611 3845 2620 3855 '

1473 3922 1777 3971 mendosum
1808 3920 1986 3985 edere,
2027 3927 2087 3970 ut
2128 3920 2295 3967 lector
2327 3919 2531 3971 herens.

1472 4006 1690 4061 cogatur
1708 3996 1776 4045 ad
1798 4003 1946 4045 notas
1976 3993 2276 4058 confugere.
2296 4009 2422 4060 quas
2454 3995 2530 4043 le·

1472 4088 1598 4137 gere
1642 4071 1904 4122 interdum
1942 4085 2117 4139 operoe
2160 4071 2384 4136 pretium
2426 4084 2533 4121 nou

1473 4157 1574 4202 est.
1602 4152 1658 4203 J.
1683 4150 1913 4203 Clericus.
