3034 4925
544 387 677 454 286
1495 394 1562 441 Τ.
1613 391 1807 441 mvn

634 547 744 615 39.
787 547 891 613 Eo
947 549 1290 628 temporer
1346 539 1418 604 in
1470 538 1657 622 regia
1713 533 2086 621 prodigium
2149 532 2302 600 visu
2356 537 2712 615 eventuque

548 650 854 720 mirabile
897 645 1080 714 suia·
1164 645 1380 710 Puero
1424 641 1798 719 dormienti,
1855 638 1967 705 cui
2024 636 2166 709 Ser,
2215 633 2445 701 Tullio
2497 651 2718 698 nomeu

548 757 703 834 fuit,
734 758 935 838 caput
963 749 1209 816 arsisse
1238 748 1453 813 ferunt
1467 754 1488 782 ⁸
1528 746 1883 810 multorum
1933 743 2001 806 in
2047 746 2438 823 conspectu.
2525 736 2720 802 Pluri-

551 878 665 923 mo
695 859 895 941 igitur
920 856 1210 955 clamore
1231 851 1385 916 inde
1414 849 1500 916 ad
1531 856 1743 914 tantae
1773 848 1868 912 rei
1897 844 2284 910 miraculum
2309 847 2455 907 orto
2475 840 2723 905 excitos

553 980 765 1045 reges.
766 972 794 1010 ὅ
812 966 843 1007 4
902 959 989 1024 Et
1016 978 1167 1023 cum
1196 955 1464 1042 quidam
1493 952 1917 1020 familiarium
1950 969 2195 1036 aquam
2226 947 2309 1012 ad
2333 945 2727 1026 restinguen-

557 1067 714 1132 dum
739 1064 951 1144 ferret,
984 1063 1068 1128 ab
1097 1061 1332 1144 regina
1357 1064 1717 1124 retentum:
1765 1054 2136 1138 sedatoque
2178 1071 2331 1116 eam
2370 1044 2731 1115 tumultus‘

554 1166 806 1234 moveri
839 1164 1146 1234 vetuisse
1194 1180 1516 1248 puerum3
1562 1159 1774 1225 donec
1829 1177 1958 1223 sua
1980 1141 2248 1240 sponte
2310 1158 2731 1237 experrectus

556 1276 750 1338 esset.
855 1268 1039 1334 Mox
1075 1287 1228 1333 cum
1272 1284 1505 1331 somno
1550 1269 1618 1329 et
1658 1264 1991 1328 flammam
2043 1259 2313 1324 abiisse.
2401 1257 2580 1321 Tum
2628 1254 2737 1318 ab·

564 1374 820 1441 ducto
800 1394 867 1438 ιιι
903 1379 1229 1441 secretum
1258 1371 1406 1438 viro
1433 1367 1836 1453 Tanaquilf
1865 1363 2106 1430 Viden’
2129 1370 2202 1428 tu
2224 1381 2503 1447 puerum
2526 1357 2740 1435 hunc‚’

559 1479 803 1563 inquit,
850 1481 871 1511 ‘
893 1496 1088 1562 quem
1119 1482 1255 1541 tam
1298 1456 1534 1540 humili
1564 1473 1745 1538 cultu
1772 1469 2187 1535 educamus?
2250 1465 2440 1532 Scire
2485 1462 2670 1541 licet,
2673 1457 2742 1499 ⁸⁶

559 1581 759 1645 hunc
779 1580 997 1644 lumen
1029 1577 1418 1663 quondam¹³¹
1454 1577 1652 1642 rebus
1694 1571 1938 1641 nostris
1968 1571 2194 1636 dubiis
2235 1569 2549 1643 futurum,
2578 1584 2744 1650 prae-

564 1682 938 1765 sidiumque
965 1683 1162 1765 regiae
1195 1679 1482 1746 afflictae.
1558 1678 1852 1744 Proinde
1883 1670 2224 1742 materiem
2258 1671 2546 1756 ingentis
2575 1671 2747 1753 pub-

561 1785 689 1851 lice
742 1785 1187 1869 privatimque
1231 1783 1489 1849 decoris
1538 1780 1715 1849 omni
1766 1779 2171 1863 indulgentia.
2219 1783 2448 1844 nostra
2503 1772 2752 1839 nutria-

627 1946 656 1981 ἒ
697 1937 893 1989 vocatos
912 1951 1070 2000 regem
1089 1942 1137 1988 et
1158 1936 1388 2000 reginam.
1440 1965 1451 1975 -
1664 1933 1691 1968 ¹⁸
1722 1933 1970 1985 Sciendum
1988 1938 2078 1983 est.

1473 2066 1507 2087 O
1817 2063 1846 2083 O

634 2154 667 2200 4
702 2150 858 2216 Vulg-
878 2150 1085 2206 exciam
1100 2138 1367 2215 regemL--li
1403 2137 1525 2203 Vet.
1546 2151 1635 2202 lib.
1656 2149 2016 2214 sedatoquejam
2035 2151 2175 2198 t.—6
2205 2145 2441 2197 Malebat
2461 2143 2629 2194 Drak.
2649 2144 2747 2192 sei·

1554 2280 1776 2334 NOTAE

572 2387 694 2429 runt
715 2393 746 2429 a
765 2381 1045 2446 Tarquinio
1077 2381 1315 2446 Superbo
1348 2381 1484 2434 iufra
1504 2396 1624 2446 cap.
1699 2380 2018 2431 attribuunt:
2055 2379 2145 2429 sed
2181 2378 2348 2429 simile
2383 2374 2671 2441 prodigium
2696 2373 2765 2424 L.

570 2461 653 2507 55.
686 2458 1219 2524 Designavitpriscus
1232 2461 1408 2513 sedem
1426 2460 1627 2526 templi,
1699 2457 1926 2523 Marcio,
1963 2457 2016 2508 in
2058 2456 2311 2522 Hispania
2332 2456 2613 2507 exercitum
2646 2449 2767 2501 Ro-

575 2534 713 2598 quod
759 2536 900 2587 bello
942 2538 1134 2589 Sabino
1179 2548 1413 2602 voverat,
1452 2539 1506 2589 in
1548 2547 1627 2588 tu·
1700 2551 1908 2587 manum
1961 2536 2028 2587 ad
2071 2532 2415 2586 ulciscendam
2459 2529 2772 2595 Scipionum

571 2612 713 2662 mulo
733 2622 1022 2678 praerupto‚
1059 2630 1213 2692 quem
1250 2617 1516 2681 amplexus
1538 2615 1628 2666 ille
1702 2620 1920 2664 mortem
1965 2613 2217 2673 hortanti,
2256 2608 2534 2674 contigisse
2578 2613 2773 2658 narrat

574 2687 784 2778 quidem
808 2698 889 2741 est
911 2690 1389 2752 substructionibus,
1430 2703 1487 2744 et
1516 2709 1631 2744 ver·
1703 2706 1772 2742 ex
1798 2691 2008 2741 Valerio
2027 2689 2243 2741 Antiate
2270 2687 2486 2739 Plinius.
2550 2686 2673 2736 Nee
2696 2684 2775 2734 de

574 2771 730 2816 tieem
763 2775 1015 2833 congesto
1043 2783 1230 2835 aggere
1268 2770 1633 2836 complanavit,
1703 2770 1993 2820 hominibus
2015 2775 2239 2832 tantum,
2260 2766 2351 2817 sed
2369 2773 2423 2816 et
2437 2766 2501 2815 de
2503 2762 2773 2829 jumentis

577 2856 854 2907 areamque
893 2844 963 2895 ibi
994 2843 1160 2897 feeitz
1195 2845 1531 2899 fundamenta
1553 2859 1631 2900 ta·
1706 2847 1983 2897 Damasius
2032 2845 2171 2911 apud
2229 2842 2477 2895 Photium'
2516 2839 2777 2903 exempla

576 2934 696 3007 rnen
712 2920 896 2984 jacere
929 2921 1041 2973 fato
1074 2934 1368 2988 praeventus
1405 2941 1508 2976 non
1544 2940 1633 2993 po-
1707 2926 1972 2990 complura
1990 2930 2260 2974 memorat.
2307 2922 2500 2972 Causas
2522 2916 2781 2981 Physicis

580 3002 704 3058 tuit,
727 3003 862 3048 teate
888 2999 1104 3065 Dionys.
1708 3002 2043 3069 inquirendas
2098 2998 2444 3066 relinquimus.
2521 2995 2627 3046 Sed
2693 2994 2782 3044 iu·

642 3080 665 3107 r
700 3075 773 3124 Eo
806 3078 1034 3143 tempore]
1070 3077 1224 3129 Adde
1256 3093 1324 3129 ex
1359 3081 1634 3146 Dionysio,
1708 3081 1917 3132 noxiam
1955 3079 2211 3145 ejusmodi
2253 3077 2389 3128 circa
2421 3079 2580 3146 eaput
2615 3068 2784 3122 flam·

582 3149 723 3214 quod
770 3153 1020 3243 ’omissum
1073 3170 1104 3204 a
1147 3157 1310 3222 Livio,
1357 3159 1635 3224 collegium
1708 3173 1842 3210 mam
1891 3158 2131 3208 claritate
2183 3144 2278 3206 sua
2329 3155 2520 3203 claram
2573 3149 2785 3199 samm

582 3227 871 3279 Vestalium
895 3246 926 3280 a
945 3231 1223 3298 Tarquinio
1244 3241 1451 3285 auctum
1472 3251 1635 3302 usque
1711 3234 2074 3301 fortunamque
2126 3230 2436 3298 portendere
2478 3227 2786 3294 antiquitas

585 3303 653 3354 ad
700 3306 957 3395 senarium
995 3322 1281 3376 numerum,
1320 3311 1409 3378 qui
1449 3321 1635 3376 postea
1711 3311 1950 3364 eredidit.

582 3390 791 3433 mansit.
839 3382 963 3449 lpse
1006 3387 1144 3436 enim
1195 3388 1333 3454 quod
1386 3389 1636 3442 crevisset
1776 3390 1795 3424 ²
1844 3388 2111 3451 Sedatoque
2148 3401 2253 3437 eam
2292 3381 2517 3446 tamira]
2570 3380 2788 3434 Melina

581 3471 823 3548 numerus
838 3536 851 3549 ·
875 3461 1195 3525 publicorum
1249 3465 1637 3533 sacrificiorum,
1710 3483 1831 3530 eam,
1849 3480 2037 3530 nempe
2059 3466 2302 3529 reginam,
2325 3460 2618 3528 quamjemt
2657 3468 2792 3512 tum

580 3535 763 3601 quibus
803 3538 1031 3602 virgines
1070 3540 1170 3591 illae
1213 3540 1466 3594 interesse
1512 3558 1635 3595 con·
1712 3545 1853 3613 qaod
1878 3544 2066 3612 alioqui
2087 3559 2189 3595 nou
2211 3545 2339 3594 satis
2362 3547 2632 3607 appareret
2654 3540 2792 3604 quia

581 3622 892 3677 sueverant3
927 3616 1054 3666 duas
1089 3617 1284 3683 adjecit
1315 3619 1381 3670 ad
1412 3629 1637 3687 quatuor
1710 3626 1962 3677 vetuisset
1994 3624 2191 3676 moveri
2234 3623 2369 3684 loco,
2416 3627 2504 3671 aut
2546 3619 2797 3669 excitari

585 3692 992 3782 qum-hactenus
1029 3692 1256 3746 fuerant.
1318 3698 1467 3749 Idem
1510 3700 1638 3750 Tar·
1713 3717 1959 3767 puerumt
1984 3707 2092 3753 tum
2117 3699 2255 3766 quod
2278 3713 2376 3748 non
2397 3705 2512 3762 post
2529 3696 2795 3749 sedatum

584 3783 805 3860 quimus·
824 3779 1005 3861 auctor
1033 3770 1201 3834 fertur
1234 3776 1498 3840 supplicii,
1533 3792 1639 3843 quo
1715 3781 2007 3843 tumultum,
2047 3779 2140 3829 sed
2162 3777 2228 3828 ad
2249 3791 2364 3827 euru
2387 3774 2676 3826 sedandum
2702 3777 2794 3827 in·

585 3852 695 3896 tum
725 3863 948 3934 primum
984 3863 1035 3899 ιιι
1075 3851 1335 3902 Pinariam
1358 3854 1640 3912 Vestalem,
1714 3858 2008 3909 ter-veniens
2032 3856 2286 3922 Tanaquil
2307 3855 2361 3905 id
2383 3854 2553 3905 statim
2588 3855 2790 3918 proni·

588 3936 700 4008 quie
724 3937 777 3971 ru
805 3938 995 3989 corpus
1029 3939 1175 3976 snum
1209 3935 1540 3994 peccaverat,
1580 3945 1642 3981 ac
1716 3936 1886 3987 buisse
1907 3934 2163 3985 videatur.

589 3997 778 4047 derude
810 4001 862 4048 in
897 4002 1021 4051 alias
1063 4004 1232 4068 stupri
1268 4019 1383 4055 reas
1414 4006 1641 4058 animad·
1780 4021 1806 4047 ¹¹
1827 4012 2009 4063 Lam
2023 4008 2276 4075 quondum]
2300 4005 2543 4070 Ρΐῠᾶῑέῑθ
2563 4004 2803 4070 ‘ium²¹¹¹

588 4088 793 4183 ver-sum
818 4084 917 4126 est.
1716 4088 1935 4140 flammae
1973 4087 2220 4152 fulgentis
2259 4083 2536 4151 respondet
2558 4087 2799 4149 egregie

717 4150 783 4201 Α.
806 4154 873 4203 U.
897 4154 957 4204 C.
983 4159 1096 4206 155.
1719 4168 1890 4216 lumen
1914 4184 1926 4214 ι
1962 4180 2065 4216 ιιοιι
2087 4167 2232 4230 piget
2254 4169 2424 4214 tamen
2447 4175 2616 4210 eorum
2664 4176 2801 4213 aen·

651 4237 670 4265 ⁸
693 4231 893 4321 ‘Arangae
902 4232 1097 4322 ferum]
1128 4235 1193 4323 Id
1217 4252 1319 4288 nou
1342 4240 1504 4291 solum
1544 4238 1644 4290 As·
1726 4243 1907 4294 tentiae
1930 4240 2205 4306 accedere,
2226 4240 2313 4307 qui
2333 4240 2536 4304 colam
2556 4238 2803 4307 maluat,

595 4323 742 4364 camo
781 4310 1050 4377 Virgilius,
1087 4311 1304 4381 aliisque
1346 4317 1435 4369 alii
1475 4317 1647 4386 poetas
1729 4319 1785 4372 id
1807 4318 1945 4371 euim
1963 4318 2196 4372 hocloco
2217 4316 2380 4384 magis
2400 4313 2670 4368 convenit.
