3034 4925
1216 430 1727 482 MoNUMENTA.
2489 421 2579 488 65

359 584 661 646 transtuli
689 583 1030 647 Armeniam
1058 595 1320 667 gentem.
1402 587 1626 648 Postea
1657 584 1978 668 inquietam
2022 595 2261 670 gentem
2291 596 2353 651 et
2381 573 2594 655 rebel-'

342 683 609 758 -lantem,
638 682 919 746 domitam
939 704 1045 765 per
1071 683 1286 746 Caium
1305 682 1493 746 filium
1512 697 1762 759 meum,¹²
1802 687 1928 767 regi
1947 686 2337 750 Ariobarzani
2359 691 2579 772 gaber-

359 782 624 844 nandam
649 791 709 843 et
728 783 1099 865 frenandam
1129 783 1369 859 tradidi,
1396 793 1459 845 et
1483 795 1624 866 post
1652 788 1785 865 eim
1813 794 2065 847 mortem
2094 786 2218 847 filio
2239 786 2368 867 ejus
2397 790 2576 851 Arta·

358 881 553 957 vasdi,
573 882 830 964 quodam
839 886 989 964 jare
1011 885 1445 957 Ariobarzane,
1464 882 1568 963 qui
1587 891 1715 944 erat
1741 903 1817 944 ex
1837 884 2003 966 regio
2025 904 2243 968 genere
2263 885 2577 950 Armenio·

360 1000 491 1040 rum
550 979 860 1054 oriundus,
900 982 960 1040 in
999 982 1060 1042 id
1101 1001 1347 1062 regnum
1397 980 1700 1043 deducto.¹¹
1785 982 2133 1046 Provincias
2176 983 2389 1060 omnis,
2438 1006 2575 1067 quae

343 1089 526 1138 *trans
565 1078 938 1141 Hadrianum
985 1098 1146 1141 mare
1184 1088 1460 1159 vergunt,
1487 1087 1548 1140 et
1573 1079 1878 1142 Ponticas
1915 1081 2298 1162 Asianasque
2337 1082 2464 1163 jam
2500 1104 2576 1144 ex
2619 1085 2622 1090 ’

357 1188 528 1255 parte
558 1196 778 1256 magna
798 1177 1037 1258 regibus
1060 1197 1163 1239 eas
1191 1176 1644 1259 possidentibus
1673 1180 1978 1242 conces-'L‘
2062 1181 2328 1244 Siciliam
2348 1190 2408 1243 et
2436 1182 2575 1244 Sar-

358 1274 584 1335 diniam
615 1284 942 1356 occupatas
968 1276 1130 1337 bello
1158 1275 1390 1337 servili·
1430 1276 1772 1358 reciperavi.

442 1372 727 1433 Colonias
782 1373 845 1432 in
890 1374 1114 1448 Africa,
1165 1372 1391 1446 Sicilia,
1433 1374 1814 1449 Macedonia,
1853 1383 2106 1457 utraque
2146 1377 2461 1460 Hispania,
2507 1379 2575 1440 in

363 1471 569 1532 Gallia
602 1473 842 1534 Comata
903 1480 962 1533 et
1022 1471 1224 1535 Gallia
1274 1472 1674 1549 Narbonensi,
1714 1486 1930 1557 praeter
1975 1474 2258 1556 praesidia
2299 1476 2574 1551 rnilitum,

358 1569 603 1630 deduxi.
690 1571 869 1632 Italia
906 1582 1096 1634 autem
1134 1572 1422 1648 colonias,
1455 1592 1594 1652 quae
1640 1572 1775 1634 vivo
1804 1594 1899 1635 me
1942 1573 2343 1636 celeberrimae
2370 1585 2432 1638 et
2458 1575 2574 1636 fre-

355 1669 767 1750 quentissimae
793 1654 1056 1746 fuerunt,
1089 1671 1385 1733 IIXXX.
1416 1670 1709 1732 deductas
1736 1671 1963 1734 habet.t

440 1768 631 1848 Signa
652 1768 927 1831 militaria
952 1768 1257 1850 complura
1277 1789 1389 1851 per
1408 1778 1646 1832 nostros
1667 1769 1849 1833 daces
1872 1771 2095 1833 amissa
2115 1770 2368 1833 devictis
2392 1771 2575 1854 legio·

353 1867 533 1926 nibus
552 1880 578 1906 ¹¹
619 1870 813 1949 recepi
841 1888 918 1929 ex
947 1868 1245 1949 Hispania
1270 1878 1333 1930 et
1360 1871 1642 1951 gentibus
1664 1869 2051 1933 Delmateis.¹
2112 1869 2370 1932 Parthos
2396 1870 2573 1930 trium

354 1966 722 2026 exercituum
769 1966 1177 2029 Romanorum
1216 1968 1445 2050 spoliar
1488 1982 1551 2029 et
1592 1970 1768 2050 signa
1804 1969 2115 2032 restituere
2151 1968 2315 2042 mihi,
2347 1969 2575 2049 suppli-

354 2083 578 2143 cesque
625 2065 943 2127 amicitiam
984 2066 1190 2148 populi
1234 2067 1492 2127 Romani
1536 2077 1738 2148 petere
1779 2069 1970 2148 coligi.
2058 2068 2146 2129 Ea
2175 2079 2371 2130 autem
2402 2068 2575 2149 signa

351 2161 415 2221 in
446 2163 758 2244 penetrali,
786 2165 951 2245 quod
978 2176 1073 2226 est
1100 2166 1160 2226 in
1182 2166 1407 2247 templo
1440 2166 1653 2228 Martis
1686 2166 1954 2241 Ultoris,⁸
1994 2156 2254 2249 reposui.

441 2261 887 2351 Pannoniorum
918 2273 1153 2344 gentes,
1181 2283 1334 2345 quas
1365 2273 1503 2325 ante
1555 2284 1651 2325 me
1691 2265 2027 2346 Principem
2069 2265 2278 2348 populi
2314 2264 2575 2325 Romani

351 2362 652 2421 exercitus
683 2381 990 2443 nunquam
1018 2363 1175 2438 adIt,
1217 2354 1485 2425 devictas
1526 2384 1635 2446 per
1659 2364 1747 2424 Ti.
1782 2364 2109 2437 Caesarem,
2138 2365 2239 2444 qui
2270 2375 2393 2424 tum
2420 2382 2573 2443 prae-

349 2468 486 2521 erat
514 2462 887 2534 exercitibus,
917 2460 1161 2544 imperio
1187 2462 1393 2545 populi
1431 2464 1689 2525 Romani
1714 2462 1942 2543 subjeci
1965 2483 1981 2533 3
2004 2477 2029 2504 ⁸
2054 2462 2396 2544 protulique
2423 2462 2573 2523 fines

349 2561 595 2644 imperii
622 2562 706 2624 ad
733 2562 886 2623 Istri
913 2562 1170 2624 fluminis
1198 2565 1444 2643 ripam.¹’
1555 2594 1580 2607 -

417 2754 445 2788 Ρ
480 2745 547 2797 Α.
570 2747 639 2797 U.
662 2751 777 2798 ⁷55.
843 2749 948 2799 Res
971 2745 1084 2800 fuse
1105 2757 1350 2801 narratur
1369 2749 1424 2799 in

349 2825 542 2877 Cenot.
567 2825 681 2875 Pis.

341 2929 346 2934 -
417 2909 443 2945 ‘¹
481 2901 564 2954 Cf.
587 2909 828 2960 auctores
850 2904 993 2955 laud.
1033 2911 1090 2955 et
1116 2904 1246 2956 Tac.
1283 2902 1420 2957 Anu.

347 2993 421 3029 ιι.
442 2984 493 3029 8.
517 2985 567 3030 4.

415 3066 437 3093 ¹
461 3058 545 3108 cf.
567 3058 709 3109 Suet.
729 3074 778 3111 c.
793 3063 877 3111 48.
899 3064 954 3110 et
976 3059 1043 3109 de
1067 3059 1281 3124 singulis
1304 3074 1419 3126 reg·

345 3136 432 3187 nis
470 3138 537 3187 ab
570 3137 809 3203 Augusto
845 3138 1068 3188 redditis
1101 3139 1272 3204 intpp.
1310 3140 1420 3203 ejus

347 3215 452 3265 loci
477 3223 532 3265 et
557 3216 610 3266 in
629 3217 805 3281 primis
822 3217 999 3270 Noris.
1018 3217 1084 3267 ad
1103 3219 1288 3269 Cenot.
1309 3218 1419 3269 Pis.

349 3309 402 3357 p.
426 3297 543 3344 224.
568 3308 644 3358 sq.

415 3378 436 3404 ⁸
471 3370 555 3422 Cf.
580 3377 686 3422 not.
708 3370 762 3420 d.
795 3387 848 3437 p.
869 3377 952 3424 63.

413 3449 433 3481 ²
467 3448 555 3499 Cf.
578 3449 724 3499 Suet.
749 3464 797 3498 c.
820 3452 903 3501 46.
926 3449 1108 3513 ibique
1131 3449 1261 3500 Em.

416 3536 439 3561 ¹¹
463 3529 550 3578 Sc.
575 3527 838 3577 Romanis.
885 3527 984 3577 Sed
1009 3526 1191 3577 forsan
1214 3527 1318 3591 leg.
1339 3529 1419 3576 de-

313 3618 322 3622 *
345 3604 493 3655 victis
525 3605 592 3654 iis
623 3604 888 3668 provinciis
908 3605 992 3654 vel
1015 3605 1227 3654 hostibus
1248 3605 1420 3668 recepi,

258 3741 264 3745 ⁶
345 3681 488 3732 forte
512 3688 652 3732 etex
673 3681 916 3747 Hispania
936 3688 984 3731 et
1007 3681 1202 3732 Galatis
1220 3687 1268 3732 et
1298 3682 1421 3732 Dal·

347 3762 513 3811 matis.
570 3758 655 3809 cf.
677 3769 787 3810 not.
812 3760 861 3810 b.
881 3758 1037 3809 infra.

247 3873 272 3891 --
387 3848 441 3874 ⁴¹
476 3838 562 3891 Cf.
585 3839 775 3890 Vellei.
800 3853 861 3888 ιι.
880 3843 964 3890 90.
1017 3838 1125 3887 Dio
1161 3851 1314 3889 xmx.
1334 3841 1420 3890 43.

347 3915 583 3982 Appian.
607 3916 759 3980 Illyr.
783 3919 866 3965 28.

414 4003 437 4037 5
461 3995 548 4044 Sc.
569 3994 647 4043 Μ.
669 3993 863 4050 Crassi,
885 3992 1108 4042 Statiani
1130 3993 1292 4056 legati
1309 3991 1417 4042 An-

348 4070 551 4123 toniani
584 4079 642 4121 et
676 4070 835 4136 ipsius
854 4068 1090 4120 Antonii.
1146 4067 1231 4120 Cf.
1253 4069 1321 4120 de
1341 4070 1419 4119 his

348 4151 510 4215 signis
532 4155 591 4199 et
627 4148 794 4214 captis
827 4155 883 4199 et
915 4163 962 4197 a.
1000 4150 1119 4196 732.
1156 4146 1418 4197 restitutis

347 4228 498 4277 Suet.
534 4230 616 4275 21.
666 4225 859 4275 Vellei.
894 4239 959 4276 ιι.
990 4228 1072 4274 82.
1095 4227 1180 4273 91.
1225 4224 1419 4281 Justin.

350 4304 742 4357 xL11.5.Strab.
758 4308 902 4355 vr.4.
926 4310 977 4354 2.
1001 4320 1053 4370 p.
1076 4308 1192 4355 288.
1216 4304 1419 4355 Eckhel

350 4384 525 4434 doctr.
552 4382 842 4433 NN.T.v1.
863 4385 1011 4448 p..94.
1032 4397 1110 4449 sq.
1128 4381 1240 4449 (ubi
1257 4380 1415 4432 etiam

483 4465 664 4529 Delph.
686 4470 731 4515 et
759 4464 873 4517 Var.
895 4466 1026 4516 Clas.

1694 2596 1721 2608 -
1831 2560 2271 2640 quoda-u
2395 2596 2422 2610 -
2544 2593 2575 2609 -

1502 2748 1738 2813 supplices
1792 2747 2108 2800 exhibent-nr
2154 2744 2375 2804 .Parthi,
2439 2757 2576 2810 genu
2610 2762 2617 2766 ·

1501 2823 1643 2877 flexo
1665 2823 1947 2876 offerentes
1969 2821 2143 2889 signa)
2169 2823 2268 2874 Dio
2291 2827 2473 2873 mv.‘8.

1568 2911 1590 2936 ¹
1621 2903 1745 2953 Scil.
1768 2916 1851 2968 eo,
1874 2900 2014 2967 qnod
2036 2901 2089 2951 in
2115 2900 2380 2964 Capitolio
2403 2905 2572 2951 struc-

1504 2988 1615 3032 tum
1636 2988 1720 3032 est
1742 2996 1788 3032 a.
1809 2984 1926 3031 7³2.
1947 2993 2052 3046 qno
2073 2979 2222 3042 signa
2244 2969 2330 3028 illa
2348 2984 2471 3028 sunt
2494 2991 2576 3028 re·

1502 3066 1694 3124 cepta:
1724 3072 1846 3108 nam
1868 3057 2009 3108 aliud
2033 3056 2221 3107 Martis
2246 3058 2495 3121 ternplum
2519 3056 2573 3107 in

1500 3136 1617 3188 foro
1638 3135 1881 3201 Augusto
1904 3134 2171 3187 conditum
2196 3141 2250 3185 et
2274 3149 2322 3184 a.
2342 3138 2457 3185 750.
2482 3132 2572 3183 de·

1501 3215 1733 3266 dicatum
1756 3220 1855 3265 est.
1910 3212 1994 3263 cf.
2019 3218 2130 3264 not.
2152 3227 2203 3262 o.
2228 3226 2280 3275 p.
2298 3214 2383 3261 62.

1566 3300 1591 3328 ⁸
1623 3291 1708 3344 Cf.
1738 3293 1803 3343 ad
1846 3292 1959 3343 Liv.
1993 3291 2139 3356 Epit.
2164 3293 2281 3339 139.
2303 3295 2358 3338 et
2383 3288 2574 3340 Vellei.

1501 3383 1565 3421 ιι.
1585 3374 1671 3420 96.
1729 3367 1813 3418 Ad
1838 3368 2079 3419 victorias
2108 3366 2306 3418 Tiberii
2331 3371 2576 3430 spectant

1503 3461 1655 3496 arcus
1675 3446 2000 3511 triumphalis
2023 3444 2380 3494 Carnuntinus
2398 3443 2450 3494 in
2470 3445 2576 3495 Po-

1503 3523 1679 3574 cockii
1701 3524 1894 3573 Descr.
1919 3520 1982 3572 of
1998 3522 2086 3572 the
2109 3523 2256 3571 East.
2288 3521 2345 3570 T.
2367 3534 2430 3571 ιι.
2455 3535 2573 3588 pag.

1505 3606 1621 3652 100.
1654 3609 1710 3651 et
1746 3601 1967 3651 Kollarii
2007 3598 2162 3649 Anat.
2194 3596 2422 3647 Vindob.
2452 3598 2514 3646 T.
2536 3612 2576 3649 1.

1507 3697 1559 3746 p.
1575 3685 1724 3731 1019.
1746 3678 2036 3743 nobilisque
2059 3674 2292 3725 Achates
2311 3675 2362 3723 in
2386 3675 2574 3726 Museo

1501 3758 1726 3809 vindob.
1748 3773 1899 3823 quem
1923 3756 2202 3819 vulgarunt
2237 3751 2481 3805 Maffeius
2519 3755 2575 3805 in
2658 3743 2663 3756 ’

1500 3834 1748 3901 Append.
1771 3835 1836 3884 ad
1865 3835 2105 3885 Museum
2126 3832 2432 3881 Veronense
2456 3846 2575 3897 pag.

1499 3919 1617 3966 246.
1656 3914 1706 3963 le
1741 3912 1878 3977 Roy‚
1918 3911 2117 3962 Kollar.
2155 3915 2211 3959 et
2249 3907 2574 3961 Lambecins.

1499 3992 1608 4040 Pro
1642 3994 1852 4055 praerat
1887 3987 2179 4038 exercitibus
2216 3987 2382 4037 Gron.
2423 3986 2575 4037 dedit

1497 4073 1601 4118 erat
1623 4066 1875 4131 privignus
1894 4080 2038 4115 meus.
2087 4062 2174 4115 Cf.
2198 4068 2308 4114 not.
2331 4077 2442 4127 seq.

1562 4145 1588 4181 b
1623 4146 1765 4196 Ister
1787 4152 1842 4194 et
1866 4141 2158 4209 Euphrates
2190 4141 2397 4206 imperii
2422 4141 2572 4190 Rom.

1498 4224 1696 4275 limites
1719 4222 1875 4289 positi
1900 4236 1931 4271 a
1956 4228 2147 4270 natura
2166 4228 2223 4269 et
2244 4219 2311 4269 ab
2334 4217 2575 4282 Angusto

1502 4302 1705 4353 statuti.
1738 4298 1960 4352 Cf.Tac.
1983 4297 2122 4348 Anu.
2147 4312 2184 4347 ι.
2206 4299 2289 4347 11.
2313 4301 2369 4345 et
2393 4295 2572 4361 Agrlc.

1503 4384 1582 4430 13.
1617 4378 1789 4431 Strab.
1808 4381 2114 4438 vr.extr.‘et
2134 4387 2282 4424 xvn.
2299 4380 2434 4425 extr.
2472 4373 2573 4425 Dio

1385 4462 1572 4514 Livius.
2328 4456 2374 4504 E
