<?xml version="1.0" encoding="UTF-8"?>
<!DOCTYPE html PUBLIC "-//W3C//DTD XHTML 1.0 Transitional//EN"
    "http://www.w3.org/TR/xhtml1/DTD/xhtml1-transitional.dtd">
<html xmlns="http://www.w3.org/1999/xhtml" xml:lang="en" lang="en">
 <head>
  <title>
</title>
<meta http-equiv="Content-Type" content="text/html;charset=utf-8" />
  <meta name='ocr-system' content='tesseract 3.04.00' />
  <meta name='ocr-capabilities' content='ocr_page ocr_carea ocr_par ocr_line ocrx_word'/>
</head>
<body>
  <div class='ocr_page' id='page_1' title='image "./tliviipatavinih23unkngoog_0193.png"; bbox 0 0 3034 4925; ppageno 0'>
   <div class='ocr_carea' id='block_1_1' title="bbox 1115 398 2470 467">
    <p class='ocr_par' dir='ltr' id='par_1_1' title="bbox 1115 398 2470 467">
     <span class='ocr_line' id='line_1_1' title="bbox 1115 398 2470 467; baseline 0.004 -7"><span class='ocrx_word' id='word_1_1' title='bbox 1115 410 1563 461; x_wconf 69' lang='lat' dir='ltr'>HlsToRfflAE.</span> <span class='ocrx_word' id='word_1_2' title='bbox 2342 398 2470 467; x_wconf 71' lang='lat'>121</span> 
     </span>
    </p>
   </div>
   <div class='ocr_carea' id='block_1_2' title="bbox 757 563 1985 627">
    <p class='ocr_par' dir='ltr' id='par_1_2' title="bbox 757 563 1985 627">
     <span class='ocr_line' id='line_1_2' title="bbox 757 563 1985 627; baseline 0.002 -5"><span class='ocrx_word' id='word_1_3' title='bbox 757 565 832 627; x_wconf 91' lang='lat' dir='ltr'>U.</span> <span class='ocrx_word' id='word_1_4' title='bbox 854 566 926 626; x_wconf 88' lang='lat' dir='ltr'>C.</span> <span class='ocrx_word' id='word_1_5' title='bbox 949 564 1094 626; x_wconf 72' lang='lat'>649.</span> <span class='ocrx_word' id='word_1_6' title='bbox 1137 565 1210 625; x_wconf 88' lang='lat' dir='ltr'>A.</span> <span class='ocrx_word' id='word_1_7' title='bbox 1239 563 1313 626; x_wconf 89' lang='lat' dir='ltr'>C.</span> <span class='ocrx_word' id='word_1_8' title='bbox 1350 566 1484 626; x_wconf 87' lang='lat'><strong>103.</strong></span> <span class='ocrx_word' id='word_1_9' title='bbox 1526 563 1625 625; x_wconf 88' lang='lat' dir='ltr'>Ol.</span> <span class='ocrx_word' id='word_1_10' title='bbox 1652 582 1901 626; x_wconf 59' lang='lat' dir='ltr'>cmxix.</span> <span class='ocrx_word' id='word_1_11' title='bbox 1928 569 1985 624; x_wconf 81' lang='grc'>2.</span> 
     </span>
    </p>
   </div>
   <div class='ocr_carea' id='block_1_3' title="bbox 274 676 2471 1056">
    <p class='ocr_par' dir='ltr' id='par_1_3' title="bbox 274 676 2471 1056">
     <span class='ocr_line' id='line_1_3' title="bbox 360 676 2471 760; baseline 0.002 -23"><span class='ocrx_word' id='word_1_12' title='bbox 360 677 426 738; x_wconf 82' lang='lat' dir='ltr'>C.</span> <span class='ocrx_word' id='word_1_13' title='bbox 459 676 705 740; x_wconf 60' lang='lat' dir='ltr'>Marius</span> <span class='ocrx_word' id='word_1_14' title='bbox 731 677 856 740; x_wconf 88' lang='grc' dir='ltr'>ῙΙῙ.</span> <span class='ocrx_word' id='word_1_15' title='bbox 909 679 988 740; x_wconf 87' lang='lat' dir='ltr'>L.</span> <span class='ocrx_word' id='word_1_16' title='bbox 1016 676 1303 740; x_wconf 70' lang='lat' dir='ltr'>Aurelius</span> <span class='ocrx_word' id='word_1_17' title='bbox 1343 681 1597 741; x_wconf 69' lang='lat' dir='ltr'>Orestes.</span> <span class='ocrx_word' id='word_1_18' title='bbox 1680 678 1898 740; x_wconf 82' lang='lat' dir='ltr'>Cilices</span> <span class='ocrx_word' id='word_1_19' title='bbox 1926 679 2135 760; x_wconf 76' lang='lat' dir='ltr'>piratae</span> <span class='ocrx_word' id='word_1_20' title='bbox 2165 698 2203 740; x_wconf 85' lang='lat' dir='ltr'>a</span> <span class='ocrx_word' id='word_1_21' title='bbox 2229 677 2317 741; x_wconf 80' lang='lat' dir='ltr'>M.</span> <span class='ocrx_word' id='word_1_22' title='bbox 2346 682 2471 741; x_wconf 81' lang='lat' dir='ltr'>An·-</span> 
     </span>
     <span class='ocr_line' id='line_1_4' title="bbox 277 774 2470 863; baseline 0.004 -30"><span class='ocrx_word' id='word_1_23' title='bbox 277 774 439 833; x_wconf 72' lang='lat' dir='ltr'>tonio</span> <span class='ocrx_word' id='word_1_24' title='bbox 482 786 734 856; x_wconf 76' lang='lat' dir='ltr'>proetore</span> <span class='ocrx_word' id='word_1_25' title='bbox 786 776 1012 838; x_wconf 87' lang='lat' dir='ltr'>domiti.</span> <span class='ocrx_word' id='word_1_26' title='bbox 1097 776 1169 837; x_wconf 89' lang='lat' dir='ltr'>C.</span> <span class='ocrx_word' id='word_1_27' title='bbox 1229 777 1565 863; x_wconf 64' lang='lat' dir='ltr'>Memmiuq,</span> <span class='ocrx_word' id='word_1_28' title='bbox 1612 778 1684 837; x_wconf 87' lang='lat' dir='ltr'>T.</span> <span class='ocrx_word' id='word_1_29' title='bbox 1742 776 2045 851; x_wconf 73' lang='lat' dir='ltr'><strong>Albutius,</strong></span> <span class='ocrx_word' id='word_1_30' title='bbox 2097 778 2185 841; x_wconf 82' lang='grc' dir='ltr'>Μ.</span> <span class='ocrx_word' id='word_1_31' title='bbox 2252 781 2289 842; x_wconf 87' lang='lat' dir='ltr'>J</span> <span class='ocrx_word' id='word_1_32' title='bbox 2297 782 2470 841; x_wconf 77' lang='lat' dir='ltr'>unitis</span> 
     </span>
     <span class='ocr_line' id='line_1_5' title="bbox 274 872 2470 951; baseline 0.005 -21"><span class='ocrx_word' id='word_1_33' title='bbox 274 872 515 932; x_wconf 76' lang='lat' dir='ltr'>Silanus</span> <span class='ocrx_word' id='word_1_34' title='bbox 563 884 624 934; x_wconf 89' lang='lat' dir='ltr'>et</span> <span class='ocrx_word' id='word_1_35' title='bbox 653 873 741 936; x_wconf 81' lang='lat' dir='ltr'>M.</span> <span class='ocrx_word' id='word_1_36' title='bbox 769 875 1029 936; x_wconf 83' lang='lat' dir='ltr'>Scaurus</span> <span class='ocrx_word' id='word_1_37' title='bbox 1055 887 1438 937; x_wconf 72' lang='lat' dir='ltr'>accusantur.</span> <span class='ocrx_word' id='word_1_38' title='bbox 1517 876 1745 937; x_wconf 84' lang='lat' dir='ltr'>Cimbri</span> <span class='ocrx_word' id='word_1_39' title='bbox 1778 894 1813 936; x_wconf 87' lang='lat' dir='ltr'>a</span> <span class='ocrx_word' id='word_1_40' title='bbox 1842 874 2181 951; x_wconf 79' lang='lat' dir='ltr'>Celtiberis,</span> <span class='ocrx_word' id='word_1_41' title='bbox 2202 874 2470 940; x_wconf 68' lang='lat' dir='ltr'>&#39;ibraces</span> 
     </span>
     <span class='ocr_line' id='line_1_6' title="bbox 277 969 2173 1056; baseline 0.003 -26"><span class='ocrx_word' id='word_1_42' title='bbox 277 989 314 1030; x_wconf 77' lang='lat' dir='ltr'>a</span> <span class='ocrx_word' id='word_1_43' title='bbox 340 969 580 1046; x_wconf 83' lang='lat' dir='ltr'>Pisone,</span> <span class='ocrx_word' id='word_1_44' title='bbox 611 982 673 1033; x_wconf 89' lang='lat' dir='ltr'>et</span> <span class='ocrx_word' id='word_1_45' title='bbox 698 974 851 1033; x_wconf 81' lang='lat' dir='ltr'>servi</span> <span class='ocrx_word' id='word_1_46' title='bbox 878 993 916 1034; x_wconf 86' lang='lat' dir='ltr'>a</span> <span class='ocrx_word' id='word_1_47' title='bbox 944 972 1009 1032; x_wconf 89' lang='lat' dir='ltr'>L.</span> <span class='ocrx_word' id='word_1_48' title='bbox 1033 972 1282 1035; x_wconf 84' lang='lat' dir='ltr'>Lucullo</span> <span class='ocrx_word' id='word_1_49' title='bbox 1310 973 1445 1035; x_wconf 79' lang='lat' dir='ltr'>susi.</span> <span class='ocrx_word' id='word_1_50' title='bbox 1537 974 1942 1035; x_wconf 73' lang='lat' dir='ltr'>Artemidorus</span> <span class='ocrx_word' id='word_1_51' title='bbox 1968 993 2173 1056; x_wconf 77' lang='lat' dir='ltr'>geogr.</span> 
     </span>
    </p>
   </div>
   <div class='ocr_carea' id='block_1_4' title="bbox 700 1140 1990 1229">
    <p class='ocr_par' dir='ltr' id='par_1_4' title="bbox 700 1140 1990 1229">
     <span class='ocr_line' id='line_1_7' title="bbox 700 1140 1990 1229; baseline 0.002 -3"><span class='ocrx_word' id='word_1_52' title='bbox 700 1168 772 1228; x_wconf 91' lang='lat' dir='ltr'>U.</span> <span class='ocrx_word' id='word_1_53' title='bbox 805 1168 878 1229; x_wconf 91' lang='lat' dir='ltr'>C.</span> <span class='ocrx_word' id='word_1_54' title='bbox 911 1140 1050 1227; x_wconf 68' lang='lat'><strong>650.</strong></span> <span class='ocrx_word' id='word_1_55' title='bbox 1094 1167 1168 1228; x_wconf 83' lang='lat' dir='ltr'>A.</span> <span class='ocrx_word' id='word_1_56' title='bbox 1200 1168 1272 1228; x_wconf 88' lang='lat' dir='ltr'>C.</span> <span class='ocrx_word' id='word_1_57' title='bbox 1307 1170 1442 1228; x_wconf 94' lang='grc'><strong>102.</strong></span> <span class='ocrx_word' id='word_1_58' title='bbox 1529 1167 1626 1227; x_wconf 87' lang='grc'><strong>01.</strong></span> <span class='ocrx_word' id='word_1_59' title='bbox 1659 1187 1884 1229; x_wconf 78' lang='lat' dir='ltr'>anx.</span> <span class='ocrx_word' id='word_1_60' title='bbox 1932 1170 1990 1229; x_wconf 88' lang='lat'>3.</span> 
     </span>
    </p>
   </div>
   <div class='ocr_carea' id='block_1_5' title="bbox 274 1279 2474 1849">
    <p class='ocr_par' dir='ltr' id='par_1_5' title="bbox 274 1279 2474 1849">
     <span class='ocr_line' id='line_1_8' title="bbox 358 1279 2470 1365; baseline 0.002 -26"><span class='ocrx_word' id='word_1_61' title='bbox 358 1279 424 1340; x_wconf 84' lang='lat' dir='ltr'>C.</span> <span class='ocrx_word' id='word_1_62' title='bbox 462 1280 708 1341; x_wconf 71' lang='lat' dir='ltr'>Marius</span> <span class='ocrx_word' id='word_1_63' title='bbox 734 1281 844 1341; x_wconf 86' lang='lat' dir='ltr'>IV.</span> <span class='ocrx_word' id='word_1_64' title='bbox 905 1283 982 1353; x_wconf 86' lang='lat' dir='ltr'>Q.</span> <span class='ocrx_word' id='word_1_65' title='bbox 1014 1281 1307 1343; x_wconf 70' lang='lat' dir='ltr'>Lutatius</span> <span class='ocrx_word' id='word_1_66' title='bbox 1337 1283 1610 1345; x_wconf 74' lang='lat' dir='ltr'>Catulus.</span> <span class='ocrx_word' id='word_1_67' title='bbox 1695 1283 1789 1343; x_wconf 89' lang='lat' dir='ltr'>Ad</span> <span class='ocrx_word' id='word_1_68' title='bbox 1830 1282 2035 1363; x_wconf 88' lang='lat' dir='ltr'>Aquas</span> <span class='ocrx_word' id='word_1_69' title='bbox 2082 1282 2319 1344; x_wconf 86' lang='lat' dir='ltr'>Sextias</span> <span class='ocrx_word' id='word_1_70' title='bbox 2356 1283 2470 1365; x_wconf 86' lang='lat' dir='ltr'>pri-</span> 
     </span>
     <span class='ocr_line' id='line_1_9' title="bbox 276 1378 2472 1460; baseline 0.003 -25"><span class='ocrx_word' id='word_1_71' title='bbox 276 1394 432 1436; x_wconf 85' lang='lat' dir='ltr'>mum</span> <span class='ocrx_word' id='word_1_72' title='bbox 464 1378 794 1439; x_wconf 88' lang='lat' dir='ltr'>Ambrones</span> <span class='ocrx_word' id='word_1_73' title='bbox 823 1398 861 1445; x_wconf 88' lang='lat' dir='ltr'>a.</span> <span class='ocrx_word' id='word_1_74' title='bbox 888 1378 1079 1440; x_wconf 87' lang='lat' dir='ltr'>Mario</span> <span class='ocrx_word' id='word_1_75' title='bbox 1103 1378 1262 1453; x_wconf 88' lang='lat' dir='ltr'>victi,</span> <span class='ocrx_word' id='word_1_76' title='bbox 1294 1380 1509 1441; x_wconf 91' lang='lat' dir='ltr'>deinde</span> <span class='ocrx_word' id='word_1_77' title='bbox 1536 1378 1830 1450; x_wconf 75' lang='lat' dir='ltr'>Teutoni:</span> <span class='ocrx_word' id='word_1_78' title='bbox 1862 1389 1923 1441; x_wconf 90' lang='lat' dir='ltr'>et</span> <span class='ocrx_word' id='word_1_79' title='bbox 1942 1389 2149 1460; x_wconf 86' lang='lat' dir='ltr'>captus</span> <span class='ocrx_word' id='word_1_80' title='bbox 2174 1379 2472 1442; x_wconf 86' lang='lat' dir='ltr'>Teutobo-</span> 
     </span>
     <span class='ocr_line' id='line_1_10' title="bbox 275 1472 2474 1559; baseline 0.003 -26"><span class='ocrx_word' id='word_1_81' title='bbox 275 1472 407 1535; x_wconf 88' lang='lat' dir='ltr'>dus.</span> <span class='ocrx_word' id='word_1_82' title='bbox 481 1475 557 1544; x_wconf 92' lang='lat' dir='ltr'>Q.</span> <span class='ocrx_word' id='word_1_83' title='bbox 599 1475 951 1538; x_wconf 88' lang='lat' dir='ltr'>Numidicus</span> <span class='ocrx_word' id='word_1_84' title='bbox 980 1487 1043 1538; x_wconf 88' lang='lat' dir='ltr'>et</span> <span class='ocrx_word' id='word_1_85' title='bbox 1077 1476 1150 1538; x_wconf 78' lang='lat' dir='ltr'>C.</span> <span class='ocrx_word' id='word_1_86' title='bbox 1181 1476 1496 1559; x_wconf 85' lang='lat' dir='ltr'>Caprarius</span> <span class='ocrx_word' id='word_1_87' title='bbox 1551 1477 1776 1540; x_wconf 72' lang='lat' dir='ltr'>Caecilii</span> <span class='ocrx_word' id='word_1_88' title='bbox 1820 1477 2071 1553; x_wconf 84' lang='lat' dir='ltr'>Metelli,</span> <span class='ocrx_word' id='word_1_89' title='bbox 2116 1478 2325 1539; x_wconf 82' lang='lat' dir='ltr'>fratres</span> <span class='ocrx_word' id='word_1_90' title='bbox 2367 1498 2474 1559; x_wconf 90' lang='lat' dir='ltr'>pa·</span> 
     </span>
     <span class='ocr_line' id='line_1_11' title="bbox 276 1571 2473 1656; baseline 0.002 -25"><span class='ocrx_word' id='word_1_91' title='bbox 276 1571 514 1646; x_wconf 86' lang='lat' dir='ltr'>trueles,</span> <span class='ocrx_word' id='word_1_92' title='bbox 559 1592 860 1636; x_wconf 80' lang='lat' dir='ltr'>censores.</span> <span class='ocrx_word' id='word_1_93' title='bbox 946 1576 1012 1637; x_wconf 89' lang='lat' dir='ltr'>L.</span> <span class='ocrx_word' id='word_1_94' title='bbox 1043 1575 1279 1655; x_wconf 90' lang='lat' dir='ltr'>Apuleii</span> <span class='ocrx_word' id='word_1_95' title='bbox 1311 1577 1612 1636; x_wconf 86' lang='lat' dir='ltr'>Saturnini</span> <span class='ocrx_word' id='word_1_96' title='bbox 1665 1577 2024 1650; x_wconf 81' lang='lat' dir='ltr'>tribunatus,</span> <span class='ocrx_word' id='word_1_97' title='bbox 2049 1574 2215 1656; x_wconf 84' lang='lat' dir='ltr'>leges</span> <span class='ocrx_word' id='word_1_98' title='bbox 2243 1582 2306 1637; x_wconf 82' lang='lat' dir='ltr'>et</span> <span class='ocrx_word' id='word_1_99' title='bbox 2330 1595 2473 1637; x_wconf 88' lang='lat' dir='ltr'>con·</span> 
     </span>
     <span class='ocr_line' id='line_1_12' title="bbox 275 1670 2472 1742; baseline 0.003 -14"><span class='ocrx_word' id='word_1_100' title='bbox 275 1670 570 1731; x_wconf 84' lang='lat' dir='ltr'>tentiones</span> <span class='ocrx_word' id='word_1_101' title='bbox 613 1692 747 1732; x_wconf 88' lang='lat' dir='ltr'>cum</span> <span class='ocrx_word' id='word_1_102' title='bbox 779 1672 854 1740; x_wconf 88' lang='lat' dir='ltr'>Q.</span> <span class='ocrx_word' id='word_1_103' title='bbox 887 1672 1134 1734; x_wconf 86' lang='lat' dir='ltr'>Metello</span> <span class='ocrx_word' id='word_1_104' title='bbox 1179 1692 1344 1735; x_wconf 90' lang='lat' dir='ltr'>cens.</span> <span class='ocrx_word' id='word_1_105' title='bbox 1378 1674 1451 1736; x_wconf 91' lang='lat' dir='ltr'>C.</span> <span class='ocrx_word' id='word_1_106' title='bbox 1478 1674 1765 1734; x_wconf 89' lang='lat' dir='ltr'>Memmio</span> <span class='ocrx_word' id='word_1_107' title='bbox 1801 1683 1863 1734; x_wconf 80' lang='lat' dir='ltr'>ct</span> <span class='ocrx_word' id='word_1_108' title='bbox 1910 1673 1989 1742; x_wconf 87' lang='lat' dir='ltr'>Q.</span> <span class='ocrx_word' id='word_1_109' title='bbox 2046 1672 2295 1734; x_wconf 82' lang='lat' dir='ltr'>Servilio</span> <span class='ocrx_word' id='word_1_110' title='bbox 2338 1674 2472 1735; x_wconf 77' lang='lat' dir='ltr'>Coe-</span> 
     </span>
     <span class='ocr_line' id='line_1_13' title="bbox 274 1769 2392 1849; baseline 0.002 -20"><span class='ocrx_word' id='word_1_111' title='bbox 274 1769 446 1848; x_wconf 88' lang='lat' dir='ltr'>pione</span> <span class='ocrx_word' id='word_1_112' title='bbox 469 1778 764 1849; x_wconf 72' lang='lat' dir='ltr'>quaestore</span> <span class='ocrx_word' id='word_1_113' title='bbox 783 1771 913 1832; x_wconf 89' lang='lat' dir='ltr'>urb.</span> <span class='ocrx_word' id='word_1_114' title='bbox 981 1770 1057 1840; x_wconf 86' lang='lat' dir='ltr'>Q.</span> <span class='ocrx_word' id='word_1_115' title='bbox 1093 1771 1323 1831; x_wconf 79' lang='lat' dir='ltr'>Metelli</span> <span class='ocrx_word' id='word_1_116' title='bbox 1366 1771 1554 1832; x_wconf 89' lang='lat' dir='ltr'>oratio</span> <span class='ocrx_word' id='word_1_117' title='bbox 1584 1771 1658 1833; x_wconf 89' lang='lat' dir='ltr'>de</span> <span class='ocrx_word' id='word_1_118' title='bbox 1688 1769 2033 1831; x_wconf 82' lang='lat' dir='ltr'>maritandis</span> <span class='ocrx_word' id='word_1_119' title='bbox 2055 1770 2392 1833; x_wconf 82' lang='lat' dir='ltr'>ordinibus.</span> 
     </span>
    </p>
   </div>
   <div class='ocr_carea' id='block_1_6' title="bbox 719 1963 1957 2027">
    <p class='ocr_par' dir='ltr' id='par_1_6' title="bbox 719 1963 1957 2027">
     <span class='ocr_line' id='line_1_14' title="bbox 719 1963 1957 2027; baseline 0.005 -7"><span class='ocrx_word' id='word_1_120' title='bbox 719 1963 796 2025; x_wconf 93' lang='lat' dir='ltr'>U.</span> <span class='ocrx_word' id='word_1_121' title='bbox 825 1964 897 2025; x_wconf 89' lang='lat' dir='ltr'>C.</span> <span class='ocrx_word' id='word_1_122' title='bbox 925 1965 1068 2026; x_wconf 91' lang='lat'><strong>651.</strong></span> <span class='ocrx_word' id='word_1_123' title='bbox 1113 1965 1186 2026; x_wconf 89' lang='lat' dir='ltr'>A.</span> <span class='ocrx_word' id='word_1_124' title='bbox 1208 1965 1281 2026; x_wconf 89' lang='lat' dir='ltr'>C.</span> <span class='ocrx_word' id='word_1_125' title='bbox 1322 1967 1454 2025; x_wconf 84' lang='lat'>101.</span> <span class='ocrx_word' id='word_1_126' title='bbox 1501 1965 1601 2027; x_wconf 90' lang='lat' dir='ltr'>Ol.</span> <span class='ocrx_word' id='word_1_127' title='bbox 1631 1983 1871 2026; x_wconf 61' lang='lat' dir='ltr'>cmxxx.</span> <span class='ocrx_word' id='word_1_128' title='bbox 1895 1969 1957 2026; x_wconf 88' lang='lat'>4.</span> 
     </span>
    </p>
   </div>
   <div class='ocr_carea' id='block_1_7' title="bbox 273 2076 2474 2651">
    <p class='ocr_par' dir='ltr' id='par_1_7' title="bbox 273 2076 2474 2651">
     <span class='ocr_line' id='line_1_15' title="bbox 356 2076 2472 2161; baseline 0.001 -24"><span class='ocrx_word' id='word_1_129' title='bbox 356 2077 421 2138; x_wconf 82' lang='lat' dir='ltr'>C.</span> <span class='ocrx_word' id='word_1_130' title='bbox 457 2076 705 2138; x_wconf 66' lang='lat' dir='ltr'>Marius</span> <span class='ocrx_word' id='word_1_131' title='bbox 739 2078 805 2139; x_wconf 89' lang='grc'>7.</span> <span class='ocrx_word' id='word_1_132' title='bbox 863 2080 989 2139; x_wconf 88' lang='grc' dir='ltr'>Μ’.</span> <span class='ocrx_word' id='word_1_133' title='bbox 1013 2078 1345 2161; x_wconf 76' lang='lat' dir='ltr'>Aquillius.</span> <span class='ocrx_word' id='word_1_134' title='bbox 1428 2079 1652 2140; x_wconf 88' lang='lat' dir='ltr'>Cimbri</span> <span class='ocrx_word' id='word_1_135' title='bbox 1690 2098 1725 2140; x_wconf 90' lang='lat' dir='ltr'>a</span> <span class='ocrx_word' id='word_1_136' title='bbox 1747 2079 1938 2140; x_wconf 88' lang='lat' dir='ltr'>Mario</span> <span class='ocrx_word' id='word_1_137' title='bbox 1965 2089 2028 2140; x_wconf 88' lang='lat' dir='ltr'>et</span> <span class='ocrx_word' id='word_1_138' title='bbox 2053 2079 2131 2148; x_wconf 85' lang='lat' dir='ltr'>Q.</span> <span class='ocrx_word' id='word_1_139' title='bbox 2163 2077 2384 2140; x_wconf 87' lang='lat' dir='ltr'>Catulo</span> <span class='ocrx_word' id='word_1_140' title='bbox 2411 2078 2472 2139; x_wconf 92' lang='lat' dir='ltr'>in</span> 
     </span>
     <span class='ocr_line' id='line_1_16' title="bbox 275 2175 2471 2260; baseline 0.001 -26"><span class='ocrx_word' id='word_1_141' title='bbox 275 2175 497 2256; x_wconf 87' lang='lat' dir='ltr'>campis</span> <span class='ocrx_word' id='word_1_142' title='bbox 529 2176 779 2237; x_wconf 83' lang='lat' dir='ltr'>Raudiis</span> <span class='ocrx_word' id='word_1_143' title='bbox 808 2175 1114 2238; x_wconf 82' lang='lat' dir='ltr'>occidione</span> <span class='ocrx_word' id='word_1_144' title='bbox 1138 2179 1335 2240; x_wconf 92' lang='lat' dir='ltr'>occisi.</span> <span class='ocrx_word' id='word_1_145' title='bbox 1425 2178 1682 2260; x_wconf 84' lang='lat' dir='ltr'>Fugitivi</span> <span class='ocrx_word' id='word_1_146' title='bbox 1708 2179 1784 2239; x_wconf 90' lang='lat' dir='ltr'>ab</span> <span class='ocrx_word' id='word_1_147' title='bbox 1813 2177 2075 2259; x_wconf 88' lang='lat' dir='ltr'>Aquillio</span> <span class='ocrx_word' id='word_1_148' title='bbox 2106 2177 2269 2238; x_wconf 84' lang='lat' dir='ltr'>victi.</span> <span class='ocrx_word' id='word_1_149' title='bbox 2309 2176 2471 2237; x_wconf 90' lang='lat' dir='ltr'>Pub-</span> 
     </span>
     <span class='ocr_line' id='line_1_17' title="bbox 273 2271 2474 2356; baseline 0.003 -25"><span class='ocrx_word' id='word_1_150' title='bbox 273 2271 442 2333; x_wconf 89' lang='lat' dir='ltr'>licius</span> <span class='ocrx_word' id='word_1_151' title='bbox 473 2272 817 2346; x_wconf 83' lang='lat' dir='ltr'>Malleolus,</span> <span class='ocrx_word' id='word_1_152' title='bbox 862 2283 1050 2336; x_wconf 87' lang='lat' dir='ltr'>matre</span> <span class='ocrx_word' id='word_1_153' title='bbox 1099 2287 1333 2349; x_wconf 83' lang='lat' dir='ltr'>necata,</span> <span class='ocrx_word' id='word_1_154' title='bbox 1379 2277 1601 2356; x_wconf 86' lang='lat' dir='ltr'>primus</span> <span class='ocrx_word' id='word_1_155' title='bbox 1631 2276 1802 2337; x_wconf 86' lang='lat' dir='ltr'>culeo</span> <span class='ocrx_word' id='word_1_156' title='bbox 1848 2276 2079 2336; x_wconf 88' lang='lat' dir='ltr'>insutus</span> <span class='ocrx_word' id='word_1_157' title='bbox 2106 2286 2168 2336; x_wconf 92' lang='lat' dir='ltr'>et</span> <span class='ocrx_word' id='word_1_158' title='bbox 2214 2276 2274 2336; x_wconf 92' lang='lat' dir='ltr'>in</span> <span class='ocrx_word' id='word_1_159' title='bbox 2314 2294 2474 2337; x_wconf 85' lang='lat' dir='ltr'>mare</span> 
     </span>
     <span class='ocr_line' id='line_1_18' title="bbox 273 2371 2473 2454; baseline 0.001 -23"><span class='ocrx_word' id='word_1_160' title='bbox 273 2372 679 2453; x_wconf 81' lang='lat' dir='ltr'>praecipitatus</span> <span class='ocrx_word' id='word_1_161' title='bbox 745 2380 859 2434; x_wconf 89' lang='lat' dir='ltr'>est.</span> <span class='ocrx_word' id='word_1_162' title='bbox 969 2371 1279 2453; x_wconf 86' lang='lat' dir='ltr'>Apuleius,</span> <span class='ocrx_word' id='word_1_163' title='bbox 1350 2392 1533 2454; x_wconf 88' lang='lat' dir='ltr'>opera</span> <span class='ocrx_word' id='word_1_164' title='bbox 1583 2373 1758 2435; x_wconf 85' lang='lat' dir='ltr'>Marii</span> <span class='ocrx_word' id='word_1_165' title='bbox 1823 2372 2266 2452; x_wconf 72' lang='lat' dir='ltr'>satellitumque</span> <span class='ocrx_word' id='word_1_166' title='bbox 2322 2373 2473 2453; x_wconf 86' lang='lat' dir='ltr'>ejus,</span> 
     </span>
     <span class='ocr_line' id='line_1_19' title="bbox 276 2469 2473 2555; baseline -0.001 -21"><span class='ocrx_word' id='word_1_167' title='bbox 276 2470 474 2534; x_wconf 70' lang='lat' dir='ltr'>occiso</span> <span class='ocrx_word' id='word_1_168' title='bbox 498 2471 574 2531; x_wconf 94' lang='lat' dir='ltr'>A.</span> <span class='ocrx_word' id='word_1_169' title='bbox 607 2469 829 2543; x_wconf 90' lang='lat' dir='ltr'>Nonio,</span> <span class='ocrx_word' id='word_1_170' title='bbox 856 2491 959 2552; x_wconf 86' lang='lat' dir='ltr'>per</span> <span class='ocrx_word' id='word_1_171' title='bbox 986 2472 1101 2533; x_wconf 84' lang='lat' dir='ltr'>vim</span> <span class='ocrx_word' id='word_1_172' title='bbox 1136 2472 1406 2534; x_wconf 81' lang='lat' dir='ltr'>tribunus</span> <span class='ocrx_word' id='word_1_173' title='bbox 1433 2473 1517 2555; x_wconf 86' lang='lat' dir='ltr'>pl.</span> <span class='ocrx_word' id='word_1_174' title='bbox 1552 2474 1644 2548; x_wconf 86' lang='lat' dir='ltr'>fit,</span> <span class='ocrx_word' id='word_1_175' title='bbox 1670 2483 1734 2533; x_wconf 88' lang='lat' dir='ltr'>et</span> <span class='ocrx_word' id='word_1_176' title='bbox 1758 2472 1986 2533; x_wconf 84' lang='lat' dir='ltr'>Marius</span> <span class='ocrx_word' id='word_1_177' title='bbox 2030 2471 2263 2543; x_wconf 88' lang='lat' dir='ltr'>consul,</span> <span class='ocrx_word' id='word_1_178' title='bbox 2292 2489 2473 2551; x_wconf 85' lang='lat' dir='ltr'>pecu-</span> 
     </span>
     <span class='ocr_line' id='line_1_20' title="bbox 275 2569 965 2651; baseline 0.004 -23"><span class='ocrx_word' id='word_1_179' title='bbox 275 2569 373 2629; x_wconf 89' lang='lat' dir='ltr'>nia</span> <span class='ocrx_word' id='word_1_180' title='bbox 410 2588 520 2651; x_wconf 85' lang='lat' dir='ltr'>per</span> <span class='ocrx_word' id='word_1_181' title='bbox 547 2570 734 2630; x_wconf 83' lang='lat' dir='ltr'>tribus</span> <span class='ocrx_word' id='word_1_182' title='bbox 756 2569 965 2631; x_wconf 81' lang='lat' dir='ltr'>divisa.</span> 
     </span>
    </p>
   </div>
   <div class='ocr_carea' id='block_1_8' title="bbox 742 2766 1988 2832">
    <p class='ocr_par' dir='ltr' id='par_1_8' title="bbox 742 2766 1988 2832">
     <span class='ocr_line' id='line_1_21' title="bbox 742 2766 1988 2832; baseline 0 -4"><span class='ocrx_word' id='word_1_183' title='bbox 742 2767 818 2829; x_wconf 92' lang='lat' dir='ltr'>U.</span> <span class='ocrx_word' id='word_1_184' title='bbox 850 2769 922 2831; x_wconf 86' lang='lat' dir='ltr'>C.</span> <span class='ocrx_word' id='word_1_185' title='bbox 952 2770 1093 2832; x_wconf 88' lang='grc'><strong>652.</strong></span> <span class='ocrx_word' id='word_1_186' title='bbox 1153 2768 1227 2830; x_wconf 81' lang='grc' dir='ltr'>Α.</span> <span class='ocrx_word' id='word_1_187' title='bbox 1257 2768 1331 2832; x_wconf 86' lang='lat' dir='ltr'>C.</span> <span class='ocrx_word' id='word_1_188' title='bbox 1363 2770 1500 2830; x_wconf 89' lang='lat'><strong>100.</strong></span> <span class='ocrx_word' id='word_1_189' title='bbox 1563 2766 1661 2830; x_wconf 92' lang='lat' dir='ltr'>Ol.</span> <span class='ocrx_word' id='word_1_190' title='bbox 1692 2786 1899 2831; x_wconf 71' lang='lat' dir='ltr'>chx</span> <span class='ocrx_word' id='word_1_191' title='bbox 1935 2770 1988 2829; x_wconf 90' lang='lat'>1</span> 
     </span>
    </p>
   </div>
   <div class='ocr_carea' id='block_1_9' title="bbox 275 2881 2473 3358">
    <p class='ocr_par' dir='ltr' id='par_1_9' title="bbox 275 2881 2473 3358">
     <span class='ocr_line' id='line_1_22' title="bbox 357 2881 2473 2966; baseline 0 -24"><span class='ocrx_word' id='word_1_192' title='bbox 357 2883 423 2944; x_wconf 88' lang='lat' dir='ltr'>C.</span> <span class='ocrx_word' id='word_1_193' title='bbox 456 2881 706 2943; x_wconf 76' lang='lat' dir='ltr'>Marius</span> <span class='ocrx_word' id='word_1_194' title='bbox 739 2881 844 2946; x_wconf 90' lang='grc'>71.</span> <span class='ocrx_word' id='word_1_195' title='bbox 889 2882 968 2947; x_wconf 93' lang='lat' dir='ltr'>L.</span> <span class='ocrx_word' id='word_1_196' title='bbox 1005 2883 1270 2946; x_wconf 72' lang='lat' dir='ltr'>Valerius</span> <span class='ocrx_word' id='word_1_197' title='bbox 1289 2885 1561 2948; x_wconf 77' lang='lat' dir='ltr'>Flaccus.</span> <span class='ocrx_word' id='word_1_198' title='bbox 1667 2884 1856 2966; x_wconf 81' lang='lat' dir='ltr'>Leges</span> <span class='ocrx_word' id='word_1_199' title='bbox 1895 2882 2159 2946; x_wconf 80' lang='lat' dir='ltr'>Servilioe</span> <span class='ocrx_word' id='word_1_200' title='bbox 2183 2884 2255 2945; x_wconf 88' lang='lat' dir='ltr'>C.</span> <span class='ocrx_word' id='word_1_201' title='bbox 2285 2882 2473 2944; x_wconf 87' lang='lat' dir='ltr'>Glau-</span> 
     </span>
     <span class='ocr_line' id='line_1_23' title="bbox 275 2978 2471 3060; baseline 0.002 -21"><span class='ocrx_word' id='word_1_202' title='bbox 275 2978 351 3039; x_wconf 90' lang='lat' dir='ltr'>cii</span> <span class='ocrx_word' id='word_1_203' title='bbox 401 2982 695 3060; x_wconf 85' lang='lat' dir='ltr'>praetoris.</span> <span class='ocrx_word' id='word_1_204' title='bbox 808 2981 880 3042; x_wconf 87' lang='lat' dir='ltr'>C.</span> <span class='ocrx_word' id='word_1_205' title='bbox 940 2982 1258 3043; x_wconf 87' lang='lat' dir='ltr'>Memmius</span> <span class='ocrx_word' id='word_1_206' title='bbox 1331 2984 1690 3045; x_wconf 87' lang='lat' dir='ltr'>candidatus</span> <span class='ocrx_word' id='word_1_207' title='bbox 1762 2982 2110 3044; x_wconf 87' lang='lat' dir='ltr'>consulatus</span> <span class='ocrx_word' id='word_1_208' title='bbox 2162 2981 2471 3044; x_wconf 87' lang='lat' dir='ltr'>occiditur.</span> 
     </span>
     <span class='ocr_line' id='line_1_24' title="bbox 276 3075 2470 3162; baseline 0.004 -28"><span class='ocrx_word' id='word_1_209' title='bbox 276 3075 511 3158; x_wconf 89' lang='lat' dir='ltr'>Apuleii</span> <span class='ocrx_word' id='word_1_210' title='bbox 550 3079 907 3153; x_wconf 85' lang='lat' dir='ltr'>tribunatus,</span> <span class='ocrx_word' id='word_1_211' title='bbox 951 3080 1114 3160; x_wconf 85' lang='lat' dir='ltr'>leges</span> <span class='ocrx_word' id='word_1_212' title='bbox 1159 3099 1350 3153; x_wconf 84' lang='lat' dir='ltr'>novae,</span> <span class='ocrx_word' id='word_1_213' title='bbox 1394 3081 1754 3162; x_wconf 84' lang='lat' dir='ltr'>conspiratio</span> <span class='ocrx_word' id='word_1_214' title='bbox 1798 3100 1934 3141; x_wconf 87' lang='lat' dir='ltr'>cum</span> <span class='ocrx_word' id='word_1_215' title='bbox 1985 3080 2060 3142; x_wconf 92' lang='lat' dir='ltr'>C.</span> <span class='ocrx_word' id='word_1_216' title='bbox 2091 3079 2365 3154; x_wconf 83' lang='lat' dir='ltr'>Glaucia,</span> <span class='ocrx_word' id='word_1_217' title='bbox 2395 3080 2470 3142; x_wconf 87' lang='lat' dir='ltr'>C.</span> 
     </span>
     <span class='ocr_line' id='line_1_25' title="bbox 280 3173 2473 3260; baseline 0.002 -28"><span class='ocrx_word' id='word_1_218' title='bbox 280 3173 520 3237; x_wconf 81' lang='lat' dir='ltr'>Saufeio</span> <span class='ocrx_word' id='word_1_219' title='bbox 557 3189 857 3257; x_wconf 83' lang='lat' dir='ltr'>quaestore</span> <span class='ocrx_word' id='word_1_220' title='bbox 902 3177 1247 3260; x_wconf 85' lang='lat' dir='ltr'>perfidoque</span> <span class='ocrx_word' id='word_1_221' title='bbox 1294 3177 1510 3252; x_wconf 87' lang='lat' dir='ltr'>Mario,</span> <span class='ocrx_word' id='word_1_222' title='bbox 1541 3188 1602 3239; x_wconf 89' lang='lat' dir='ltr'>et</span> <span class='ocrx_word' id='word_1_223' title='bbox 1626 3177 1870 3240; x_wconf 89' lang='lat' dir='ltr'>occisio.</span> <span class='ocrx_word' id='word_1_224' title='bbox 1955 3177 2208 3240; x_wconf 84' lang='lat' dir='ltr'>Exilium</span> <span class='ocrx_word' id='word_1_225' title='bbox 2235 3179 2312 3248; x_wconf 84' lang='lat' dir='ltr'>Q.</span> <span class='ocrx_word' id='word_1_226' title='bbox 2341 3178 2473 3238; x_wconf 88' lang='lat' dir='ltr'>Me-</span> 
     </span>
     <span class='ocr_line' id='line_1_26' title="bbox 279 3270 1973 3358; baseline 0.004 -28"><span class='ocrx_word' id='word_1_227' title='bbox 279 3270 818 3349; x_wconf 44' lang='lat' dir='ltr'>tumr-Afranius,</span> <span class='ocrx_word' id='word_1_228' title='bbox 849 3276 924 3338; x_wconf 90' lang='lat' dir='ltr'>C.</span> <span class='ocrx_word' id='word_1_229' title='bbox 950 3274 1146 3337; x_wconf 85' lang='lat' dir='ltr'>Titius</span> <span class='ocrx_word' id='word_1_230' title='bbox 1173 3285 1234 3337; x_wconf 89' lang='lat' dir='ltr'>et</span> <span class='ocrx_word' id='word_1_231' title='bbox 1263 3277 1403 3337; x_wconf 78' lang='lat' dir='ltr'>Sex.</span> <span class='ocrx_word' id='word_1_232' title='bbox 1431 3276 1731 3358; x_wconf 82' lang='lat' dir='ltr'>Turpilius</span> <span class='ocrx_word' id='word_1_233' title='bbox 1756 3277 1973 3358; x_wconf 58' lang='lat' dir='ltr'>poetae.</span> 
     </span>
    </p>
   </div>
   <div class='ocr_carea' id='block_1_10' title="bbox 803 3400 1971 3533">
    <p class='ocr_par' dir='ltr' id='par_1_10' title="bbox 803 3400 1971 3533">
     <span class='ocr_line' id='line_1_27' title="bbox 803 3400 1971 3533; baseline 0.001 -3"><span class='ocrx_word' id='word_1_234' title='bbox 803 3470 880 3530; x_wconf 91' lang='lat' dir='ltr'>U.</span> <span class='ocrx_word' id='word_1_235' title='bbox 911 3469 983 3530; x_wconf 91' lang='lat' dir='ltr'>C.</span> <span class='ocrx_word' id='word_1_236' title='bbox 1011 3400 1152 3533; x_wconf 52' lang='lat'><strong>6513.</strong></span> <span class='ocrx_word' id='word_1_237' title='bbox 1196 3470 1272 3530; x_wconf 88' lang='lat' dir='ltr'>A.</span> <span class='ocrx_word' id='word_1_238' title='bbox 1302 3470 1377 3532; x_wconf 87' lang='lat' dir='ltr'>C.</span> <span class='ocrx_word' id='word_1_239' title='bbox 1404 3473 1505 3532; x_wconf 90' lang='lat'>99.</span> <span class='ocrx_word' id='word_1_240' title='bbox 1548 3470 1646 3530; x_wconf 89' lang='lat' dir='ltr'>Ol.</span> <span class='ocrx_word' id='word_1_241' title='bbox 1674 3490 1882 3533; x_wconf 78' lang='lat' dir='ltr'>eLxx.</span> <span class='ocrx_word' id='word_1_242' title='bbox 1910 3474 1971 3532; x_wconf 92' lang='grc'>2.</span> 
     </span>
    </p>
   </div>
   <div class='ocr_carea' id='block_1_11' title="bbox 279 3581 2475 3961">
    <p class='ocr_par' dir='ltr' id='par_1_11' title="bbox 279 3581 2475 3961">
     <span class='ocr_line' id='line_1_28' title="bbox 361 3581 2475 3661; baseline 0 -19"><span class='ocrx_word' id='word_1_243' title='bbox 361 3581 461 3643; x_wconf 84' lang='grc' dir='ltr'>Μ.</span> <span class='ocrx_word' id='word_1_244' title='bbox 489 3582 802 3644; x_wconf 70' lang='lat' dir='ltr'>Antonius</span> <span class='ocrx_word' id='word_1_245' title='bbox 846 3592 1065 3661; x_wconf 80' lang='lat' dir='ltr'>orator,</span> <span class='ocrx_word' id='word_1_246' title='bbox 1110 3584 1193 3649; x_wconf 87' lang='grc' dir='ltr'>Α.</span> <span class='ocrx_word' id='word_1_247' title='bbox 1223 3586 1579 3647; x_wconf 60' lang='lat' dir='ltr'>Postumius</span> <span class='ocrx_word' id='word_1_248' title='bbox 1623 3585 1906 3647; x_wconf 69' lang='lat' dir='ltr'>Albinus.</span> <span class='ocrx_word' id='word_1_249' title='bbox 1989 3585 2221 3646; x_wconf 86' lang='lat' dir='ltr'>Bellum</span> <span class='ocrx_word' id='word_1_250' title='bbox 2264 3583 2475 3645; x_wconf 81' lang='lat' dir='ltr'>servile</span> 
     </span>
     <span class='ocr_line' id='line_1_29' title="bbox 280 3679 2475 3764; baseline 0.002 -25"><span class='ocrx_word' id='word_1_251' title='bbox 280 3697 318 3738; x_wconf 81' lang='lat' dir='ltr'>a</span> <span class='ocrx_word' id='word_1_252' title='bbox 350 3679 441 3741; x_wconf 80' lang='lat' dir='ltr'>M.</span> <span class='ocrx_word' id='word_1_253' title='bbox 471 3680 732 3759; x_wconf 73' lang='lat' dir='ltr'>Aquinio</span> <span class='ocrx_word' id='word_1_254' title='bbox 758 3683 1116 3745; x_wconf 81' lang='lat' dir='ltr'>confectum.</span> <span class='ocrx_word' id='word_1_255' title='bbox 1205 3684 1344 3746; x_wconf 84' lang='lat' dir='ltr'>Sex.</span> <span class='ocrx_word' id='word_1_256' title='bbox 1387 3685 1527 3746; x_wconf 86' lang='lat' dir='ltr'>Titii</span> <span class='ocrx_word' id='word_1_257' title='bbox 1558 3685 1913 3758; x_wconf 75' lang='lat' dir='ltr'>tribunatus,</span> <span class='ocrx_word' id='word_1_258' title='bbox 1941 3682 2130 3764; x_wconf 74' lang='lat' dir='ltr'>leges,</span> <span class='ocrx_word' id='word_1_259' title='bbox 2172 3683 2475 3744; x_wconf 82' lang='lat' dir='ltr'>contentio</span> 
     </span>
     <span class='ocr_line' id='line_1_30' title="bbox 280 3778 2471 3852; baseline 0.002 -14"><span class='ocrx_word' id='word_1_260' title='bbox 280 3795 412 3839; x_wconf 82' lang='lat' dir='ltr'>cnm</span> <span class='ocrx_word' id='word_1_261' title='bbox 447 3778 541 3840; x_wconf 87' lang='grc' dir='ltr'>Μ.</span> <span class='ocrx_word' id='word_1_262' title='bbox 577 3779 843 3842; x_wconf 81' lang='lat' dir='ltr'>Antonio</span> <span class='ocrx_word' id='word_1_263' title='bbox 871 3789 934 3843; x_wconf 84' lang='lat' dir='ltr'>et</span> <span class='ocrx_word' id='word_1_264' title='bbox 959 3783 1217 3845; x_wconf 71' lang='lat' dir='ltr'>exilium.</span> <span class='ocrx_word' id='word_1_265' title='bbox 1304 3783 1382 3852; x_wconf 87' lang='lat' dir='ltr'>Q.</span> <span class='ocrx_word' id='word_1_266' title='bbox 1410 3782 1640 3843; x_wconf 84' lang='lat' dir='ltr'>Metelli</span> <span class='ocrx_word' id='word_1_267' title='bbox 1678 3782 1921 3843; x_wconf 82' lang='lat' dir='ltr'>reditus.</span> <span class='ocrx_word' id='word_1_268' title='bbox 2002 3780 2075 3841; x_wconf 90' lang='lat' dir='ltr'>P.</span> <span class='ocrx_word' id='word_1_269' title='bbox 2106 3780 2316 3841; x_wconf 82' lang='lat' dir='ltr'>Furius</span> <span class='ocrx_word' id='word_1_270' title='bbox 2340 3783 2471 3843; x_wconf 73' lang='lat' dir='ltr'>trib.</span> 
     </span>
     <span class='ocr_line' id='line_1_31' title="bbox 279 3876 2146 3961; baseline 0.001 -23"><span class='ocrx_word' id='word_1_271' title='bbox 279 3876 363 3957; x_wconf 81' lang='lat' dir='ltr'>pl.</span> <span class='ocrx_word' id='word_1_272' title='bbox 386 3897 428 3939; x_wconf 79' lang='lat' dir='ltr'>a</span> <span class='ocrx_word' id='word_1_273' title='bbox 451 3878 674 3959; x_wconf 81' lang='lat' dir='ltr'>populo</span> <span class='ocrx_word' id='word_1_274' title='bbox 690 3878 1049 3961; x_wconf 76' lang='lat' dir='ltr'>discerptus.</span> <span class='ocrx_word' id='word_1_275' title='bbox 1129 3882 1204 3941; x_wconf 93' lang='lat' dir='ltr'>A.</span> <span class='ocrx_word' id='word_1_276' title='bbox 1237 3882 1307 3942; x_wconf 92' lang='lat' dir='ltr'>C.</span> <span class='ocrx_word' id='word_1_277' title='bbox 1335 3883 1552 3943; x_wconf 79' lang='lat'><strong>99-44.</strong></span> <span class='ocrx_word' id='word_1_278' title='bbox 1594 3881 1666 3941; x_wconf 89' lang='lat' dir='ltr'>C.</span> <span class='ocrx_word' id='word_1_279' title='bbox 1693 3879 1897 3941; x_wconf 79' lang='lat' dir='ltr'>Julius</span> <span class='ocrx_word' id='word_1_280' title='bbox 1921 3878 2146 3940; x_wconf 77' lang='lat' dir='ltr'>Caesar.</span> 
     </span>
    </p>
   </div>
   <div class='ocr_carea' id='block_1_12' title="bbox 784 4080 1988 4144">
    <p class='ocr_par' dir='ltr' id='par_1_12' title="bbox 784 4080 1988 4144">
     <span class='ocr_line' id='line_1_32' title="bbox 784 4080 1988 4144; baseline 0.002 -3"><span class='ocrx_word' id='word_1_281' title='bbox 784 4082 860 4142; x_wconf 90' lang='lat' dir='ltr'>U.</span> <span class='ocrx_word' id='word_1_282' title='bbox 893 4082 966 4142; x_wconf 90' lang='lat' dir='ltr'>C.</span> <span class='ocrx_word' id='word_1_283' title='bbox 997 4084 1140 4143; x_wconf 87' lang='lat'><strong>654.</strong></span> <span class='ocrx_word' id='word_1_284' title='bbox 1204 4083 1280 4143; x_wconf 90' lang='lat' dir='ltr'>A.</span> <span class='ocrx_word' id='word_1_285' title='bbox 1312 4082 1388 4144; x_wconf 82' lang='lat' dir='ltr'>O.</span> <span class='ocrx_word' id='word_1_286' title='bbox 1417 4082 1521 4143; x_wconf 88' lang='lat'>98.</span> <span class='ocrx_word' id='word_1_287' title='bbox 1568 4080 1666 4141; x_wconf 90' lang='lat' dir='ltr'>Ol.</span> <span class='ocrx_word' id='word_1_288' title='bbox 1693 4100 1898 4142; x_wconf 71' lang='lat' dir='ltr'>CLXX.</span> <span class='ocrx_word' id='word_1_289' title='bbox 1931 4084 1988 4144; x_wconf 90' lang='grc'>3.</span> 
     </span>
    </p>
   </div>
   <div class='ocr_carea' id='block_1_13' title="bbox 283 4192 2478 4377">
    <p class='ocr_par' dir='ltr' id='par_1_13' title="bbox 283 4192 2478 4377">
     <span class='ocr_line' id='line_1_33' title="bbox 365 4192 2478 4277; baseline -0 -23"><span class='ocrx_word' id='word_1_290' title='bbox 365 4192 439 4262; x_wconf 85' lang='lat' dir='ltr'>Q.</span> <span class='ocrx_word' id='word_1_291' title='bbox 472 4193 751 4257; x_wconf 69' lang='lat' dir='ltr'>C&#39;aecilt‘us</span> <span class='ocrx_word' id='word_1_292' title='bbox 793 4195 1077 4258; x_wconf 74' lang='lat' dir='ltr'>Metellus</span> <span class='ocrx_word' id='word_1_293' title='bbox 1123 4193 1340 4277; x_wconf 78' lang='lat' dir='ltr'>Nepos,</span> <span class='ocrx_word' id='word_1_294' title='bbox 1375 4197 1443 4259; x_wconf 92' lang='lat' dir='ltr'>T.</span> <span class='ocrx_word' id='word_1_295' title='bbox 1490 4197 1727 4259; x_wconf 72' lang='lat' dir='ltr'>Didius</span> <span class='ocrx_word' id='word_1_296' title='bbox 1760 4197 1979 4260; x_wconf 72' lang='lat' dir='ltr'>Vinius.</span> <span class='ocrx_word' id='word_1_297' title='bbox 2066 4197 2187 4259; x_wconf 85' lang='lat' dir='ltr'>Lex</span> <span class='ocrx_word' id='word_1_298' title='bbox 2231 4194 2478 4256; x_wconf 81' lang='lat' dir='ltr'>Caecilia</span> 
     </span>
     <span class='ocr_line' id='line_1_34' title="bbox 283 4287 2475 4377; baseline 0.002 -29"><span class='ocrx_word' id='word_1_299' title='bbox 283 4287 463 4352; x_wconf 82' lang='lat' dir='ltr'>Didia</span> <span class='ocrx_word' id='word_1_300' title='bbox 487 4293 563 4356; x_wconf 90' lang='lat' dir='ltr'>de</span> <span class='ocrx_word' id='word_1_301' title='bbox 606 4294 792 4356; x_wconf 82' lang='lat' dir='ltr'>modo</span> <span class='ocrx_word' id='word_1_302' title='bbox 827 4296 1027 4375; x_wconf 75' lang='lat' dir='ltr'>legum</span> <span class='ocrx_word' id='word_1_303' title='bbox 1082 4295 1651 4376; x_wconf 69' lang='lat' dir='ltr'>promul-gandam</span> <span class='ocrx_word' id='word_1_304' title='bbox 1693 4315 1800 4377; x_wconf 86' lang='lat' dir='ltr'>per</span> <span class='ocrx_word' id='word_1_305' title='bbox 1845 4296 2249 4359; x_wconf 83' lang='lat' dir='ltr'>trinundinum</span> <span class='ocrx_word' id='word_1_306' title='bbox 2298 4304 2361 4353; x_wconf 88' lang='lat' dir='ltr'>et</span> <span class='ocrx_word' id='word_1_307' title='bbox 2400 4290 2475 4352; x_wconf 90' lang='lat' dir='ltr'>de</span> 
     </span>
    </p>
   </div>
   <div class='ocr_carea' id='block_1_14' title="bbox 414 4406 2346 4474">
    <p class='ocr_par' dir='ltr' id='par_1_14' title="bbox 414 4406 2346 4474">
     <span class='ocr_line' id='line_1_35' title="bbox 414 4406 2346 4474; baseline 0.003 -17"><span class='ocrx_word' id='word_1_308' title='bbox 414 4406 590 4474; x_wconf 66' lang='lat' dir='ltr'>Dezpk.</span> <span class='ocrx_word' id='word_1_309' title='bbox 610 4414 658 4460; x_wconf 81' lang='lat' dir='ltr'>et</span> <span class='ocrx_word' id='word_1_310' title='bbox 690 4409 809 4462; x_wconf 73' lang='lat' dir='ltr'>var.</span> <span class='ocrx_word' id='word_1_311' title='bbox 833 4410 964 4462; x_wconf 65' lang='lat' dir='ltr'>ctas.</span> <span class='ocrx_word' id='word_1_312' title='bbox 1299 4411 1486 4463; x_wconf 65' lang='lat' dir='ltr'>Livius.</span> <span class='ocrx_word' id='word_1_313' title='bbox 2287 4407 2346 4456; x_wconf 85' lang='lat' dir='ltr'>M</span> 
     </span>
    </p>
   </div>
  </div>
 </body>
</html>
