3034 4925
1151 375 1658 459 menusanum.
2403 359 2492 429 63

289 529 627 611 'collegium
692 528 782 592 Μ.
856 530 1161 611 Agrippa„
1301 561 1330 577 -
1682 547 1789 607 per
1845 525 2373 605 Quindecimn‘ros,
2412 531 2489 593 0.

306 629 550 702 Furnio,
579 628 654 691 Ο.
684 628 886 688 Silano
917 626 1062 689 Cos.
1092 631 1332 708 quintos
1343 627 1475 709 feci
1501 625 1678 687 ludos
1707 624 2023 686 saculares
2049 624 2206 686 nulli
2229 628 2490 689 vivorum
2584 642 2592 653 ‘

305 729 464 786 visos
509 733 652 787 ante
683 724 747 785 id
796 734 1077 804 tempus,¹
1118 724 1333 786 deinde
1523 758 1553 774 -
1711 756 1739 770 -
1900 758 1927 770 ·
2087 753 2116 768 ·
2274 759 2300 772 -
2463 760 2493 774 -

306 855 339 869 -
421 853 449 868 ·
529 851 558 866 -
649 820 994 882 Venationes
1022 821 1332 882 bestiarum
1361 820 1794 891 Africanarum,
1822 837 1952 880 meo
1980 816 2215 880 nomine
2253 829 2316 881 et
2340 822 2493 883 filio·

307 937 441 977 rum
467 937 728 979 meorum
757 927 819 979 et
844 932 1145 998 nepotum,
1171 919 1230 978 in
1260 918 1438 988 circo,
1466 926 1570 976 aut
1597 916 1656 975 in
1677 916 1826 989 ἴοι-ο,
1848 916 2028 976 autin
2049 916 2493 997 amphitheatris

306 1013 533 1095 populo
561 1013 699 1074 dedi
726 1013 954 1075 sexiens
976 1022 1038 1075 et
1063 1014 1309 1093 vigiens‚
1335 1014 1549 1094 quibus
1576 1014 1849 1074 confecta
1869 1023 2009 1074 sunt
2034 1013 2352 1076 bestiarum
2380 1015 2499 1085 cir-

308 1110 458 1171 citer
483 1112 597 1172 trie
624 1110 807 1171 millia
833 1120 895 1172 et
918 1111 1285 1191 quingentae.

391 1208 639 1268 Navelis
680 1209 858 1289 proelI
898 1209 1299 1288 spectaculum
1342 1206 1561 1288 populo
1601 1206 1742 1267 dedi
1780 1216 1944 1268 trans
1971 1208 2249 1282 Tiberim,
2274 1208 2336 1270 in
2376 1231 2496 1290 quo

304 1307 444 1365 loco
469 1322 629 1364 nunc
656 1325 863 1365 nemus
893 1316 986 1364 est
1014 1306 1366 1377 Caesen-uma
1406 1313 1617 1365 cavato
1645 1304 1853 1372 soloin
1880 1304 2319 1385 longitudinem
2339 1307 2499 1369 mille

309 1410 371 1461 et
397 1402 771 1481 octingentos
798 1401 1014 1481 pedes:
1054 1402 1114 1462 in
1144 1401 1456 1463 latitudine
1485 1400 1644 1463 mille
1673 1408 1845 1461 erant
1861 1410 1920 1461 et
1947 1402 2208 1462 ducenti.
2276 1402 2346 1462 In
2374 1422 2498 1483 quo

308 1496 554 1575 triginta
583 1506 853 1560 rostretoe
880 1518 1083 1572 naves,
1112 1498 1376 1560 triremes
1406 1508 1467 1560 et
1492 1499 1917 1579 quadriremes,
1951 1498 2133 1578 pluris
2163 1508 2359 1560 eutem
2386 1499 2509 1558 mi·—

311 1611 512 1664 nores,
536 1593 690 1655 inter
715 1613 781 1656 se
808 1596 1219 1658 conflixerunt.
1303 1596 1535 1659 Atticis
1562 1604 1620 1656 et
1646 1596 1916 1656 Persicis
1949 1594 2242 1657 classibus
2269 1616 2503 1678 pugna-

308 1701 565 1764 verunt,=
600 1702 815 1771 praeter
842 1694 1113 1773 remiges,
1141 1693 1327 1755 millia
1352 1694 1653 1754 hominum
1681 1692 1944 1772 triginta
1970 1692 2218 1752 circiter.

396 1789 464 1848 In
490 1788 725 1869 templis
752 1791 1011 1852 omnium
1039 1792 1344 1853 civitatum
1363 1793 1700 1872 primarum
1728 1792 1996 1869 Europae
2035 1799 2096 1849 et
2120 1789 2284 1850 Asioe
2315 1792 2503 1854 victor

312 1897 662 1947 ornamenta
693 1887 977 1967 reposui,·
1013 1909 1170 1968 quoe,
1212 1887 1478 1967 spoliatis
1523 1885 1784 1966 templis,
1822 1889 1894 1960 is,
1943 1904 2070 1945 cuns
2105 1904 2224 1966 quo
2279 1887 2505 1950 bellum

311 1983 665 2062 gesseram?
706 1984 971 2064 privatim
998 1985 1370 2066 possederat.
1440 1987 1604 2046 Meoe
1630 1991 1845 2043 statuoe
1873 1981 2178 2060 pedestres
2203 1992 2265 2042 et
2289 2004 2504 2064 eques-

310 2089 431 2141 tres
482 2092 545 2139 et
591 2079 651 2138 in
695 2079 1035 2159 quadrigeis
1081 2090 1380 2161 argenteae
1429 2089 1721 2141 steterunt
1762 2078 1824 2137 in
1860 2079 2017 2138 Urbe
2057 2097 2199 2140 xxc.
2228 2079 2504 2166 circiterg

310 2195 464 2256 quas
492 2177 620 2255 ipse
648 2177 883 2250 sustuli,
923 2196 1117 2257 exque
1139 2198 1214 2238 ea
1250 2179 1501 2259 pecunia
1531 2176 1693 2237 done
1719 2195 1900 2236 aurea
1926 2174 1988 2234 in
2019 2175 2152 2236 oede
2190 2176 2506 2258 Apollinis,

310 2292 445 2333 meo
475 2273 712 2334 nomine
738 2282 800 2334 et
826 2273 1079 2350 illorum,
1121 2275 1223 2357 qui
1275 2275 1411 2336 mihi
1458 2284 1788 2336 statuarum
1800 2272 2108 2334 .honorem
2146 2272 2512 2347 habuerunt,

310 2368 531 2450 posui-⁰

981 2575 1203 2637 Tabula
1227 2576 1483 2638 secunda
1501 2595 1538 2635 a
1567 2575 1796 2637 dextra.

400 2719 570 2780 Mare
598 2721 804 2799 pacavi
840 2741 877 2781 a
912 2720 1341 2803 p1·oedonibus.‘¹
1424 2722 1512 2783 Eo
1545 2720 1707 2782 bello
1738 2738 2056 2791 servorum,
2085 2717 2186 2797 qui
2214 2716 2508 2798 fugissent

311 2833 350 2873 a
378 2814 635 2876 dominis
666 2817 789 2877 suis
812 2827 872 2877 et
899 2837 1061 2880 arma
1089 2830 1301 2880 contre
1340 2818 1759 2899 rempublicam
1790 2815 2071 2889 tulerunt,
2098 2815 2360 2895 triginta
2384 2814 2506 2873 fere

378 3023 405 3049 ¹
430 3015 514 3067 cf.
538 3017 804 3070 Censorio.
822 3037 872 3073 c.
890 3026 971 3073 17.
1005 3021 1162 3072 Grut.
1187 3036 1237 3086 p·
1260 3024 1375 3070 295-

1521 3028 1541 3054 ⁸
1576 3019 1661 3069 Cf.
1691 3018 1757 3069 sd
1792 3016 1939 3070 Suet.
1967 3016 2104 3068 Caes.
2125 3017 2207 3066 89.
2238 3018 2295 3064 et
2325 3009 2508 3062 Claud.

312 3094 489 3157 intpp.
539 3094 729 3146 Zosimi
754 3112 813 3148 11.
831 3102 882 3150 4.
951 3098 1155 3149 Eckhel
1177 3098 1215 3146 1.
1248 3098 1283 3146 l.
1306 3095 1373 3145 sd
1454 3100 1540 3146 21.

315 3186 366 3222 s.
404 3175 520 3222 787.
565 3172 860 3224 Mitscberl.
891 3174 958 3225 ad
992 3176 1177 3224 Horat.
1213 3187 1373 3223 cerm.

1520 3179 1545 3206 ⁸
1576 3169 1659 3222 ef.
1682 3170 1868 3220 strabo
1895 3182 2021 3220 xm.
2045 3184 2096 3231 p.
2118 3171 2232 3218 686.
2260 3160 2426 3229 (890.)
2454 3167 2511 3211 et

315 3261 439 3297 saec.
462 3254 519 3296 et
542 3260 633 3297 nos
653 3250 716 3297 sd
738 3250 1017 3302 Tae..Ann.
1050 3264 1128 3301 ιι.
1158 3252 1375 3299 11.1-8.
1454 3261 1576 3298 xiv.
1598 3264 1648 3313 p.
1667 3250 1781 3297 887.
1800 3244 1969 3312 (044.)
2013 3244 2154 3295 Puu.
2175 3252 2372 3292 xxxiv.
2395 3243 2446 3289 8.
2471 3250 2511 3287 s.

317 3323 666 3375 Probabiliori
682 3326 884 3389 judicio
898 3327 1146 3378 Cbishnll.
1166 3326 1216 3374 in
1240 3325 1376 3375 notis

317 3398 557 3449 lacunam
580 3400 630 3449 h.
660 3400 696 3450 1.
731 3400 804 3450 its
826 3403 1041 3464 explet:
1077 3402 1211 3450 ludos
1227 3414 1376 3448 secu·

313 3475 443 3524 lares
462 3475 752 3527 intermissos
770 3483 881 3527 ante
899 3478 953 3526 id
972 3483 1173 3540 tenpus,
1208 3475 1379 3525 deinde

315 3556 426 3615 put
450 3552 569 3603 CX.
588 3567 781 3616 mm,
810 3560 869 3604 st
905 3555 1059 3604 edicto
1096 3553 1273 3616 monui,
1299 3566 1376 3602 re·

313 3629 556 3691 petendos.
1314 3642 1322 3672 ι

385 3711 408 3746 5
442 3701 511 3752 A.
532 3704 602 3753 U.
628 3707 744 3755 760.
796 3704 879 3756 cf.
901 3704 966 3754 ed
1001 3705 1147 3755 Suet.
1168 3704 1217 3754 in
1241 3703 1378 3768 Aug.

316 3783 401 3829 48.
424 3778 543 3843 (ubi
565 3780 745 3830 eadem
770 3782 998 3845 reperies
1021 3780 1177 3830 verba
1191 3795 1257 3830 ex
1276 3782 1327 3830 h.
1343 3781 1379 3829 1.

319 3855 622 3920 depromta)
647 3856 711 3905 sd
732 3856 853 3907 Tac.
873 3855 1009 3906 Anu.
1035 3870 1113 3905 vr.
1136 3861 1181 3905 1.
1201 3859 1249 3905 8.
1276 3869 1378 3906 xix.

322 3936 409 3982 60.
430 3935 477 3981 2.
500 3945 620 3982 xlv.
637 3934 719 3983 16.
736 3938 785 3982 6.
823 3931 1009 3981 Vellei.
1028 3944 1090 3980 ιι.
1113 3934 1223 3980 100.
1241 3937 1254 3959 ⁸
1273 3931 1378 3980 Ne·

322 4023 437 4060 mus
461 4007 766 4072 Caesarmnss
797 4008 907 4058 Caii
932 4016 986 4056 et
1009 4007 1187 4068 Lucii3
1210 4006 1225 4033 ‘
1242 4006 1380 4056 horti

322 4084 646 4135 naumachia
685 4081 926 4148 proximi’
967 4099 1052 4148 sp.
1088 4085 1227 4132 Suet.
1260 4082 1382 4133 Tib.

324 4165 406 4211 72.
454 4175 535 4224 pr.
577 4154 669 4211 ubi
712 4174 762 4215 v,
812 4161 937 4211 Ern.
1024 4157 1107 4210 Cf.
1152 4158 1217 4208 ed
1258 4160 1381 4210 Tse.

1457 3328 1545 3434 1·οέ
1575 3398 1660 3449 Sc.
1683 3397 1940 3449 Antonius
1963 3414 1978 3448 ε
2012 3410 2130 3448 nam
2153 3394 2232 3444 vir
2254 3391 2515 3444 modestus

1457 3488 1710 3539 nusquam
1740 3474 1970 3524 nominat
2000 3471 2161 3521 duces
2193 3481 2224 3518 s
2253 3481 2311 3518 se
2342 3465 2517 3516 devie·

1459 3557 1559 3661 to:-
1577 3626 1662 3677 ef.
1682 3624 1829 3676 Suet.
1853 3638 1902 3673 c.
1925 3628 2010 3674 62.

1523 3701 1549 3736 ‘¹
1583 3704 1665 3753 Sc.
1704 3700 1915 3750 devicto
1949 3700 2073 3749 Sex.
2109 3692 2381 3758 Pompeio,
2425 3689 2517 3757 qni

1458 3779 1620 3830 servis
1640 3776 1945 3841 conscriptis
1966 3786 2104 3823 more
2137 3768 2421 3821 infestabat
2443 3769 2518 3818 le·
2592 3796 2603 3803 -

1458 3855 1691 3906 trociniis
1717 3868 1778 3903 ac
1811 3847 2233 3917 praedationibus.
2283 3844 2371 3897 Cf.
2396 3845 2517 3895 Vel-

1457 3931 1544 3982 lei.
1571 3945 1634 3981 ιι.
1655 3934 1740 3980 78.
1796 3929 1931 3979 Flor.
1959 3940 2036 3977 ιν.
2063 3930 2113 3978 8.
2168 3923 2273 3974 Dio
2312 3934 2514 3973 xtvnr.

1461 4010 1640 4056 17-28.
1676 4017 1829 4055 xcix.
1875 4008 2021 4053 1-12.
2098 3999 2326 4065 Appisn.
2357 3999 2422 4048 B.
2452 3997 2517 4049 C.

1459 4095 1541 4131 ιν.
1571 4085 1770 4131 sse-V.
1805 4083 1916 4129 144.
1966 4078 2104 4127 Hinc
2126 4084 2182 4127 et
2205 4075 2393 4125 bellum
2416 4074 2516 4124 hoc

1458 4157 1686 4206 Siculum
1708 4156 1846 4206 infra
1863 4155 2054 4204 dicitur
2084 4152 2269 4207 sert-ile,
2303 4161 2355 4199 et
2381 4149 2515 4212 pire-

1461 4232 1555 4283 tici
1569 4232 1774 4284 nominc
1789 4229 2088 4283 infametur.
2109 4229 2176 4280 V.
2188 4233 2298 4316 not.
2311 4239 2350 4275 s.
2363 4239 2415 4289 p.
2431 4227 2514 4274 06.
