3034 4925
572 394 705 463 298

1512 391 1583 440 Τ.
1632 383 1826 437 leu

568 560 641 624 in
688 560 825 618 tres
849 554 895 600 ¹³
942 541 1276 613 centurias
1322 534 1690 604 distributi.
1774 525 2107 598 Undecim
2152 518 2458 587 millibus
2476 517 2568 563 ¹4⁹
2602 512 2744 578 baec.

571 657 813 726 classis
839 650 1256 718 censebatur.
1348 642 1507 736 Hoc
1532 646 1579 685 ¹⁵
1625 638 1844 706 minor
1871 648 2113 700 census
2132 628 2162 666 ‘¹
2180 635 2203 662 ⁸
2246 624 2569 706 reliquam
2593 615 2744 681 mul·

598 887 605 896 t
633 844 662 882 ἄ
696 844 877 896 Census
896 838 1048 890 minor
1069 836 1173 900 illo,
1191 847 1325 898 quem
1344 830 1553 882 diximus
1566 824 1725 886 faisse
1744 822 1924 892 quinta
1941 816 2122 874 classis
2195 886 2200 892 ὓ

1489 968 1851 999 ΟΜΝ

569 1102 586 1125 ‘
607 1084 1057 1143 Drakenborchius
1082 1096 1197 1131 eum
1220 1075 1497 1129 Perizonio
1520 1073 1798 1138 legendum
1820 1072 2025 1128 censet,
2063 1063 2162 1114 His
2176 1058 2377 1113 accensi,
2403 1055 2439 1104 i.
2460 1067 2509 1103 e.
2543 1047 2746 1131 pdjecti3

568 1160 706 1211 hene
732 1167 869 1210 'sane
903 1152 944 1200 si
979 1149 1108 1202 Mss.
1143 1141 1479 1198 addicerent-³
1514 1141 1832 1192 Stroth—12
1867 1134 1974 1186 Alii
2008 1124 2471 1189 tubicinesque—13
2505 1120 2673 1181 Sigon.
2702 1122 2750 1166 et

472 1258 474 1261 >
570 1226 791 1287 Rupert.
831 1234 895 1267 ex
939 1214 1188 1279 Dionysio
1223 1210 1417 1262 malunt
1452 1208 1502 1255 in
1539 1203 1807 1256 duas.—14
1842 1198 2102 1251 Duodecim
2135 1192 2340 1243 millibus

2379 1187 2511 1248 conj.
2542 1183 2681 1233 Glar.
2701 1187 2748 1228 et

569 1283 817 1342 duodecim
834 1282 1039 1333 millibus
1058 1278 1328 1343 quingentis
1355 1271 1738 1324 Hominemne
1758 1283 1814 1319 re
1850 1264 1990 1315 num.
2034 1278 2084 1327 p.
2111 1260 2352 1310 Ωιι-15
2387 1256 2403 1281 ‘
2426 1252 2508 1306 ΑΙ.
2536 1245 2754 1307 aiunl.

570 1356 649 1406 hio
669 1356 866 1416 inepte,
889 1363 1006 1399 cum
1029 1343 1410 1409 comparativus
1433 1339 1588 1388 minor
1609 1345 1788 1401 aperte
1813 1331 2094 1384 ablativum
2113 1328 2198 1375 hoc
2220 1317 2489 1387 requirat.’
2513 1314 2749 1366 Stroth.—

1565 1497 1778 1549 NO‘PAE

573 1608 725 1659 minit
743 1608 1189 1667 Halicarnasseus,
1222 1604 1358 1655 forte
1381 1602 1526 1669 quod
1542 1615 1634 1649 eos

574 1686 633 1738 iu
653 1685 870 1738 militum
894 1689 1108 1736 numero
1129 1698 1228 1733 non
1256 1686 1490 1746 poneret.
1524 1676 1629 1727 Sed

567 1776 672 1812 non
697 1761 846 1814 unius
868 1761 1069 1828 generis
1088 1773 1348 1813 accensos,
1371 1763 1458 1805 aut
1481 1762 1628 1806 certe

570 1854 676 1889 non
709 1853 864 1890 unum
905 1852 1081 1888 eorum
1106 1834 1443 1886 ministerium
1466 1831 1628 1882 fuisse

570 1915 835 1979 colligitur
853 1929 919 1964 ex
944 1914 1174 1963 Varrone
1200 1926 1260 1960 ac
1292 1910 1463 1960 Nonio
1485 1908 1627 1956 Mar-

575 1993 731 2043 cello.
799 1991 871 2041 Hi
901 1990 1149 2053 ascriptivi
1173 2001 1397 2053 quoque,
1436 1998 1527 2033 sen
1550 1998 1627 2032 aa·

569 2069 794 2136 ονίρῡὶτίἰ,
816 2068 966 2130 dicti,
982 2067 1116 2133 quod
1137 2065 1422 2129 legionibus
1443 2062 1629 2112 ascribi

571 2153 625 2197 et
663 2146 925 2197 accenseri
971 2146 1216 2208 solerent,
1262 2150 1408 2192 extra
1448 2155 1627 2192 nume-

572 2238 683 2273 rum
709 2231 877 2273 tamen
905 2229 960 2271 et
983 2236 1190 2274 censum
1226 2220 1514 2286 legionum:
1556 2217 1628 2265 id-

570 2316 671 2367 que
709 2308 767 2352 ut
805 2301 856 2350 in
895 2300 1279 2350 demortuorum
1312 2296 1533 2345 militum
1553 2295 1628 2345 lo·

569 2394 686 2428 cum
707 2384 1125 2446 surrogarentur,
1146 2384 1202 2426 et
1219 2375 1522 2438 supplerent
1540 2372 1628 2421 de—

568 2455 766 2511 fectum
795 2458 1075 2521 legionum,
1110 2454 1316 2505 interim
1351 2449 1630 2517 pugnaturi

568 2533 708 2584 inter
768 2534 958 2583 leviter
1002 2539 1260 2583 armatos:
1311 2536 1469 2593 atque
1513 2527 1628 2575 haec

570 2612 757 2675 prima,
781 2610 831 2660 ni
865 2610 1035 2667 fallor,
1054 2622 1389 2658 accensorum
1420 2603 1628 2654 institu-

571 2686 666 2750 tio,
686 2686 985 2751 primusque
1010 2684 1112 2735 fuit
1130 2700 1268 2734 usus.
1338 2679 1543 2732 Deinde
1562 2694 1629 2729 cx

573 2775 754 2811 eorum
778 2777 990 2812 numero
1014 2763 1168 2826 aliqui
1193 2777 1220 2809 a
1245 2759 1540 2810 consulibus
1573 2770 1632 2806 ac

570 2837 901 2902 praetoribus,
942 2839 1029 2905 qui
1065 2838 1316 2898 exercitui
1351 2844 1632 2899 praeerant,

571 2914 813 2971 desumfi,
854 2915 940 2979 qui
975 2915 1100 2978 ipsis
1141 2913 1423 2963 ministeria
1457 2925 1634 2960 neces·

571 2991 710 3040 saria
733 2990 1060 3048 exhiberent,
1078 3006 1139 3040 ac
1164 2998 1354 3056 praesto
1373 2995 1544 3038 essent
1565 2986 1632 3038 ad

571 3066 819 3117 mandata
858 3065 1171 3131 perferenda
1206 3074 1263 3116 et
1309 3065 1629 3130 exequenda.

573 3142 801 3193 Quidam
831 3144 986 3195 etiam
1012 3143 1401 3194 centurionibus
1441 3157 1503 3195 ac
1540 3143 1630 3192 de·

572 3219 868 3270 curionibus
906 3220 1166 3272 attributi.
1233 3220 1386 3270 Unde
1423 3219 1632 3268 accensi

572 3298 824 3362 appellati
849 3299 1175 3365 apparitores
1199 3314 1291 3351 seu
1314 3299 1543 3351 viatores
1578 3297 1630 3346 in

571 3373 757 3427 militia
782 3391 988 3441 quoque
1016 3384 1212 3439 togata.

631 3459 657 3494 P
695 3451 990 3515 Cor-uicinos,
1035 3450 1367 3517 tibicinesque]
1420 3446 1640 3503 Tubici-'

571 3545 662 3580 nes
686 3529 1036 3579 cornicinibus
1061 3530 1295 3595 adjungit
1326 3527 1636 3597 Dionysius,

573 3623 688 3657 cum
726 3609 790 3661 iis
813 3610 901 3677 qui
939 3609 1050 3658 aliis
1092 3608 1449 3663 instrumentis
1480 3609 1634 3675 signa

571 3692 851 3747 canerent3
888 3685 939 3734 in
966 3684 1154 3751 quibus
1181 3686 1291 3734 sine
1324 3684 1484 3733 dubio
1509 3684 1631 3734 tibi-

571 3760 713 3810 cines
737 3761 957 3813 Auctori
979 3769 1157 3813 nostro
1178 3761 1446 3811 nominati.
1487 3763 1630 3811 Duas

573 3842 770 3886 tantum
795 3825 1054 3888 hominum
1080 3839 1332 3902 ejusmodi
1367 3837 1630 3887 centurias

573 3919 810 3961 numerat
831 3915 1046 3979 Dionys.
1069 3930 1195 3980 quas
1211 3913 1375 3964 refert
1397 3914 1461 3963 ad
1479 3927 1632 3976 quar-

573 3995 678 4036 tam
718 3987 950 4041 classem.
1018 3991 1192 4040 Livius
1219 4005 1341 4040 vero
1367 4002 1632 4052 accensos,

573 4064 875 4130 cornicines,
902 4067 1138 4116 tibicines
1163 4069 1215 4116 in
1241 4074 1346 4116 tres
1370 4056 1630 4117 centurias

572 4139 877 4191 distributos
919 4142 1009 4192 ait.
1076 4143 1213 4192 Hinc
1254 4143 1502 4206 conjicias
1546 4156 1628 4191 ac-

572 4231 846 4269 censorum
870 4233 1020 4268 unam
1045 4219 1319 4284 aliquando
1339 4220 1629 4269 centuriam

570 4297 746 4364 fuisse,
768 4297 1067 4350 distinctam
1088 4298 1156 4348 'ab
1181 4300 1242 4348 iis
1266 4301 1352 4364 qui
1377 4300 1520 4364 signa
1544 4315 1629 4351 ca·

1709 1601 1914 1646 nerent.

1773 1683 1799 1717 ⁴1
1839 1669 2070 1722 Undecim
2102 1659 2334 1725 millibus]
2370 1660 2545 1714 Minus
2583 1666 2750 1705 conve·

1709 1753 1789 1800 nit
1812 1750 1876 1800 ad
1917 1747 2211 1814 superiores
2236 1741 2458 1791 rationes
2494 1735 2605 1784 haec
2638 1745 2751 1781 surn-

1710 1842 1810 1878 ma.
1877 1823 2071 1876 Melius
2089 1835 2153 1874 ea
2174 1833 2324 1884 quam
2346 1811 2509 1868 refert
2529 1808 2750 1860 Halicar-

1708 1916 1937 1964 nasseus,
1978 1896 2252 1948 duodecim
2295 1904 2483 1955 nempe
2517 1887 2749 1937 minarum

1709 1996 1823 2034 cum
1861 1976 2094 2027 dimidia.
2162 1972 2297 2022 Haec
2338 1968 2473 2019 enim
2501 1962 2751 2032 quantitas

1709 2056 1977 2108 dimidium
2002 2060 2084 2103 est
2114 2047 2299 2115 viginti
2340 2045 2567 2112 quinque
2608 2039 2754 2090 mina-

1712 2150 1843 2196 rum,
1863 2133 1951 2199 qui
1973 2138 2239 2182 extremus
2264 2136 2445 2175 census
2469 2127 2548 2169 est
2568 2121 2754 2182 quarta

1709 2212 1925 2273 classis;
1971 2215 2029 2260 ut
2083 2206 2194 2256 baec
2250 2209 2453 2268 partem
2506 2193 2756 2246 dimidiam

1710 2290 1945 2341 continet
1961 2282 2342 2351 quinquaginta
2364 2278 2635 2334 minarum,
2661 2271 2753 2335 qui·

1710 2370 1804 2419 bus
1844 2367 2160 2417 taxabantur
2182 2360 2269 2427 qui
2305 2358 2361 2412 in
2408 2355 2567 2407 tertia
2605 2353 2751 2402 classe

1710 2447 1878 2498 minus
1900 2443 2192 2509 locupletes
2214 2444 2382 2489 erant.

1771 2533 1793 2559 Υ
1826 2524 1993 2575 Minor
2029 2520 2220 2585 census]
2266 2517 2593 2566 postremam
2638 2508 2756 2559 clas·

1710 2618 1837 2666 sem,
1884 2602 2008 2651 licet
2064 2614 2167 2648 una
2205 2593 2443 2646 centuria
2485 2591 2758 2646 constaret,

1710 2688 1897 2745 postea
1919 2679 1972 2727 in
1999 2679 2173 2742 plnres
2197 2672 2340 2739 quasi
2364 2668 2550 2739 gradus
2568 2665 2753 2715 ratione

1713 2772 1897 2807 census
1923 2752 2256 2813 distributam
2280 2747 2436 2799 fuisse
2459 2743 2662 2811 Lipsius
2686 2755 2756 2791 ra·

1715 2836 2073 2884 tiocinaturex
2097 2827 2283 2897 Polyb.
2313 2826 2402 2879 lib.
2423 2838 2499 2875 vt.
2519 2829 2580 2874 et
2603 2818 2759 2887 Agell-

1714 2911 1804 2961 lib.
1831 2923 1951 2960 xvi.
1985 2911 2203 2972 cap.10.
2268 2902 2477 2955 Placuit
2516 2899 2657 2951 enim
2698 2892 2756 2947 ad

1711 2989 1943 3037 militiam
1970 2984 2177 3035 admitti
2214 2988 2305 3030 aut
2347 2977 2519 3029 vocari
2555 2989 2645 3025 eos
2678 2973 2756 3037 qni

1710 3079 1869 3131 supra
1892 3063 2163 3114 drachmas
2179 3057 2585 3125 quadringentas
2610 3054 2660 3105 iu
2678 3052 2755 3102 bo·

1708 3142 1787 3192 nis
1816 3147 2166 3200 numerarent,
2194 3151 2308 3202 quae
2344 3131 2592 3184 Romanis
2623 3128 2754 3179 fuere

1711 3226 1964 3287 quaterna
2009 3218 2170 3269 millia
2206 3215 2339 3264 aeris.
2407 3209 2637 3275 Reliqui,
2670 3204 2756 3255 nisi

1712 3296 1764 3343 in
1790 3295 2011 3345 tumultu
2035 3293 2279 3355 maximo²
2303 3290 2492 3340 milites
2514 3300 2620 3336 non
2646 3281 2755 3332 scri·

1714 3371 2000 3420 bebantur:
2037 3368 2207 3433 aliquo
2248 3375 2419 3416 tamen
2457 3359 2756 3419 discrimine,

1711 3456 1769 3496 nt
1794 3447 2019 3510 videtur,
2041 3445 2180 3494 inter
2200 3441 2505 3508 proletarios
2520 3446 2578 3488 et
2595 3435 2754 3500 capite

1710 3539 1910 3573 censos.
2001 3521 2207 3571 Etenim
2263 3519 2351 3584 qui
2395 3530 2495 3566 non
2551 3511 2754 3576 amplius

1711 3617 1862 3668 quam
1887 3601 2022 3648 mille
2041 3600 2300 3665 quingena
2319 3596 2438 3645 aeris
2460 3591 2755 3643 deferebant

1709 3682 1766 3728 in
1822 3692 2051 3738 censum,
2108 3672 2408 3740 ‘proletarii
2431 3669 2445 3691 '
2500 3665 2755 3735 appellati»

1713 3758 1849 3824 quod
1897 3754 2056 3821 prolis
2098 3751 2371 3822 gignendae
2417 3746 2565 3811 copia
2602 3742 2752 3808 magis

1714 3851 1865 3900 quam
1904 3849 1959 3882 re
1994 3831 2234 3883 familiari
2275 3825 2643 3893 rempublicam
2672 3821 2751 3886 jn-

1712 3927 1834 3960 vare
1889 3916 2136 3977 possent3
2191 3906 2226 3955 il
2265 3905 2592 3974 quandoque,
2646 3911 2751 3948 cum

1713 4001 1900 4056 nempe
1916 3984 2215 4051 Juventutis
2239 3982 2413 4047 inopia
2443 3984 2575 4042 erat,
2599 3978 2651 4026 in
2674 3973 2755 4024 mi·

1711 4066 1874 4115 litiani
1894 4061 2283 4117 tumultuariam
2301 4057 2603 4125 legebantur
2621 4062 2754 4103 tuen-

1712 4145 1896 4201 dorum,
1920 4156 2180 4192 murorum
2211 4153 2381 4188 cansa.
2447 4135 2521 4187 At
2551 4144 2751 4197 quorum

1711 4236 1897 4270 census
1921 4227 2010 4268 ant
2033 4219 2222 4274 nullus,
2254 4223 2346 4264 aut
2370 4229 2469 4265 non
2492 4213 2623 4262 ultra
2644 4207 2750 4258 aeris

1711 4306 1951 4349 ttecenta
1967 4295 2148 4360 viginti
2172 4293 2393 4359 quinque
2410 4299 2542 4354 erat,
2559 4284 2750 4350 ‘capite
