3034 4925
534 357 668 428 5421
1474 366 1543 417 τ’.
1592 362 1789 418 mvn
1871 385 1876 389 ·

534 522 683 586 visa
726 523 932 603 atque
969 514 1388 580 imminentes·
1431 513 1672 577 tumuli
1715 519 2004 579 avertere
2053 520 2307 578 mentes
2340 530 2597 591 eorum,
2643 515 2748 590 uf,

538 623 706 688 totis
745 622 1000 705 passim
1045 617 1281 682 castris
1320 616 1590 679 fremitu
1622 621 1791 693 orto,
1822 619 1843 648 ‘
1868 614 2076 699 quid⁸
2105 616 2173 680 in
2204 625 2455 681 vasto⁹
2502 637 2585 681 ac
2629 616 2749 678 de-

541 731 714 791 serto
762 741 919 805 agro
966 721 1140 784 inter·
1175 719 1398 782 tabem
1424 736 1743 800 pecorum
1777 717 2251 802 hominumque
2282 719 2562 782 desides
2605 718 2753 780 sine

541 827 781 911 praeda
838 832 1098 906 tempus
1156 828 1455 898 tererent,
1510 840 1665 884 cum
1724 821 1978 902 integra
2036 819 2215 897 loca,
2276 821 2747 885 Tusculanum

475 1004 481 1008 ⁴
544 948 796 1011 agrum,
851 926 1150 1009 opimum
1210 922 1452 1006 copiiS,
1510 930 1738 1007 petere
1806 921 2154 1006 possenss’
2214 924 2412 1005 signa
2472 929 2753 1006 repente

544 1031 1016 1103 convellerent,
1090 1026 1627 1108 transversisque
1696 1026 2048 1091 itineribus
2119 1046 2237 1109 per
2308 1019 2753 1090 Lavicanos⁹

545 1152 741 1215 agros
779 1133 848 1195 in
894 1129 1318 1194 Tusculanos
1359 1129 1569 1192 colles
1602 1129 1975 1193 transirent.
2062 1130 2168 1192 Eo
2195 1129 2300 1192 vis
2329 1129 2561 1191 omnis
2591 1135 2753 1190 tem-

547 1243 913 1320 pestasque
944 1233 1099 1297 belli
1126 1251 1445 1296 conversa
1472 1239 1661 1295 est.¹0
1752 1232 2029 1296 Interim
2057 1231 2337 1295 Hernici
2367 1227 2755 1312 Latinique,

547 1337 805 1420 pudore
846 1337 1074 1406 etiam,
1104 1354 1238 1398 non
1284 1335 1741 1400 misericordia
1783 1336 2028 1413 solum,
2059 1335 2249 1411 moti,
2277 1335 2338 1396 si
2379 1353 2514 1397 nec
2547 1332 2753 1395 obsti-

550 1440 785 1503 tissent
828 1437 1295 1503 communibus
1326 1437 1655 1515 hostibus»,
1677 1439 1919 1502 infesto
1947 1437 2202 1518 agmine
2233 1435 2627 1499 Romanam
2656 1452 2758 1496 ur-

550 1542 703 1605 bem
761 1542 1170 1624 petentibu3‚
1214 1559 1338 1604 nec
1386 1560 1582 1624 opem
1632 1540 1834 1604 ullam
1885 1540 2176 1603 obsessis
2223 1539 2436 1602 sociis
2492 1536 2758 1610 ferrent,

554 1642 909 1725 conjuncto
945 1643 1242 1707 exercitu
1290 1642 1582 1708 Romam
1623 1653 1920 1727 pergunt.
2007 1643 2144 1707 Ubi
2177 1661 2327 1706 cum
2356 1643 2595 1706 hostes
2628 1657 2759 1702 non

551 1742 983 1820 invenissent,
1025 1745 1235 1809 secuti
1281 1743 1527 1810 famam
1570 1767 1652 1811 ac
1697 1748 1998 1828 vestigia,
2041 1746 2224 1811 obvii
2267 1744 2437 1829 fiunt
2485 1744 2758 1808 descen·

555 1845 862 1911 dentibus
905 1848 991 1910 ab
1035 1847 1490 1913 Tusculanon
1539 1849 1608 1912 in
1655 1848 1988 1913 Albanam
2032 1849 2292 1912 vallem.
2383 1847 2496 1910 Ibi
2545 1844 2759 1909 hand-

556 1967 890 2032 quaquam
938 1970 1136 2033 aequo
1183 1951 1420 2034 praelio
1466 1958 1832 2034 pugnatum
1878 1960 2004 2025 est,
2034 1950 2331 2033 fidesque
2378 1969 2512 2013 sua
2554 1949 2763 2013 sociis

555 2070 791 2134 parum
845 2052 1009 2116 felix
1061 2054 1130 2116 in
1181 2056 1535 2136 praesentia
1584 2052 1732 2118 fuit.
1847 2054 2055 2118 Haud
2113 2053 2323 2117 minor
2380 2052 2635 2116 Romae
2693 2050 2764 2112 fit

558 2140 794 2218 morbo
849 2164 1131 2239 strages,
1174 2177 1376 2240 qnam
1428 2165 1682 2241 quanta
1734 2157 1904 2222 ferro
1957 2158 2289 2222 sociorum
2338 2156 2529 2220 facta
2576 2152 2767 2218 erat!

562 2254 837 2333 Consul,
870 2259 985 2340 qui
1032 2279 1199 2323 unus
1240 2265 1605 2342 supererat,
1639 2261 1970 2324 moritur-¹
2060 2259 2323 2324 Mortui
2356 2265 2424 2323 et
2456 2258 2577 2322 alii
2607 2255 2764 2320 clari

561 2358 712 2435 viri,
759 2359 860 2423 M.
904 2359 1243 2440 Valeriu3‚
1285 2363 1367 2426 Τ.
1418 2361 1758 2445 Virginius
1804 2363 2202 2441 RutiluS,¹²y
2247 2379 2575 2442 augures;
2634 2359 2769 2423 Ser.

563 2459 929 2546 SulpiciuS,
962 2466 1148 2530 curio
1177 2468 1562 2530 maximus.²
1651 2466 1743 2540 Et
1774 2486 1895 2551 per
1923 2468 2156 2551 ignota
2186 2466 2415 2550 capita
2441 2464 2583 2527 late
2618 2480 2767 2526 eva·

633 2642 657 2675 ¹⁴
689 2646 759 2693 Ee
776 2645 919 2694 sociis
936 2647 1192 2706 infeliciter
1210 2649 1434 2698 successit
1457 2650 1681 2714 suafides
1698 2650 1750 2700 in
1777 2651 2031 2700 Romanos.
2099 2651 2205 2699 Nec
2224 2649 2379 2697 ”dnus
2394 2647 2601 2697 aedium
2626 2648 2678 2696 in
2697 2648 2771 2695 bu

568 2709 694 2758 domi
715 2710 866 2778 edidit
884 2713 1173 2777 pestilentia,
1195 2730 1331 2782 quam
1349 2714 1551 2776 gladius
1569 2716 1622 2763 in
1644 2716 1851 2763 Latinos
1880 2716 2198 2779 Hernicosque
2219 2715 2271 2763 in
2289 2713 2471 2776 proetio.

1483 2858 1815 2882 OOOOOmOOO
1792 2861 1848 2885 ,Ο

635 2960 666 3004 7
691 2957 810 3006 Vid.
838 2959 962 3008 Not.
987 2959 1179 3010 inf.—8
1213 2962 1227 2988 ‘
1257 2962 1551 3010 Delendum
1570 2908 1776 3011 videtur
1801 2960 1865 3009 τὸ
1882 2960 2030 3024 qaid!
2062 2961 2193 3009 Tan.
2217 2957 2402 3008 Faber.
2404 2963 2509 3007 —9
2543 2959 2675 3006 Vct.
2695 2955 2771 3004 lib.

577 3020 716 3078 &llud
755 3023 932 3085 Sigon.
980 3025 1257 3073 Labicanos.
1259 3032 1389 3075 —lo
1424 3028 1551 3075 Vet
1584 3026 1671 3076 lib.
1715 3042 1780 3090 ap
1749 3043 1801 3090 p.
1838 3029 2060 3075 eundem
2095 3025 2286 3074 obversa
2311 3027 2403 3073 est.
2405 3027 2540 3072 —11
2574 3024 2733 3084 Vulg-
2747 3036 2772 3068 ι

578 3084 847 3137 Tusculano.
851 3091 980 3137 —12
1011 3090 1166 3151 Vuug.
1204 3090 1437 3140 Rutilius.
1470 3090 1590 3141 vid.
1618 3092 1746 3143 Not.
1772 3092 1898 3141 Var.

1566 3239 1788 3289 No'rAE

577 3342 672 3393 per
708 3327 760 3376 id
798 3334 1002 3393 tempus
1034 3332 1362 3397 amplitudini
1395 3340 1449 3384 et
1470 3337 1637 3386 muni-

577 3405 822 3466 tionibus,
846 3421 971 3471 quas
988 3407 1258 3473 describit,
1286 3410 1472 3473 partim
1498 3411 1635 3461 obsi-

576 3481 862 3533 dendarum
887 3484 1091 3546 urbium
1120 3481 1314 3550 ignot’ae
1334 3488 1502 3537 adhuc
1534 3488 1637 3537 arti

579 3560 825 3623 assignat.

644 3645 667 3670 ¹¹
718 3639 936 3692 Fremitu
971 3646 1093 3698 orto,
1126 3643 1239 3705 quid
1272 3644 1324 3693 in
1359 3644 1514 3708 vasto]
1564 3644 1640 3693 Ut

581 3723 762 3766 coorto
801 3716 1015 3767 fremitu
1051 3718 1329 3770 vociferari
1360 3721 1638 3785 coeperint,

579 3800 638 3842 et
676 3807 930 3856 quaerere,
977 3804 1103 3845 ‘cur
1143 3796 1196 3846 in
1253 3789 1476 3847 deserto=
1516 3813 1642 3862 agro

582 3873 788 3931 tempus
826 3870 1091 3921 tererent!
1177 3873 1322 3922 Nihil
1352 3883 1431 3923 est
1466 3874 1642 3938 itaque

584 3944 720 4007 qnod
745 3947 804 3993 τὸ
835 3949 949 4011 qnid
976 3949 1257 4012 deleamus,
1289 3957 1348 4000 ut
1365 3950 1642 4002 delendum

585 4021 784 4069 censuit
802 4025 998 4089 Tanaq.
1021 4026 1209 4084 Faber.
1273 4026 1285 4036 “

595 4139 598 4140 ⁷
653 4103 678 4127 ¹
703 4096 944 4162 Moritur]
981 4100 1164 4165 Immo,
1188 4103 1230 4153 εἰ
1255 4101 1515 4169 Dionysio
1540 4120 1652 4156 cre·

586 4170 828 4235 deminum,
860 4172 942 4222 hic
979 4178 1157 4227 consul
1184 4179 1246 4228 P.
1268 4181 1539 4247 Servilius,
1562 4200 1649 4233 ve-

586 4247 849 4310 nientibus
871 4248 935 4299 ad
966 4250 1430 4311 circumsidendam
1466 4262 1646 4314 urbem

1717 3336 1898 3402 AEquis
1921 3335 2248 3402 Volscisque,
2277 3336 2388 3400 jam
2411 3334 2524 3383 vita
2550 3349 2775 3387 excesse-

1716 3423 1816 3465 rat.

1780 3498 1803 3533 5
1839 3492 1897 3540 T.
1930 3491 2182 3552 Virginius
2205 3489 2422 3552 Rutilae]
2444 3490 2541 3538 Sic
2557 3489 2775 3539 scribom

1718 3567 1838 3617 dum
1878 3576 2094 3617 auctore
2130 3566 2339 3629 Sigonio
2371 3580 2438 3614 ex
2477 3563 2773 3631 Capitolinis

1719 3641 2042 3707 fragmentis,
2062 3656 2165 3690 nou
2188 3641 2419 3698 Rutilius,
2436 3641 2581 3706 quod
2608 3653 2773 3706 nomen

1721 3728 1804 3770 est
1822 3719 2020 3783 gentis:
2053 3718 2135 3768 hic
2153 3725 2330 3767 autem
2342 3732 2639 3782 cognomen
2653 3730 2778 3783 qua·

1723 3799 1875 3848 titur.

1784 3885 1805 3909 ²
1845 3874 1993 3921 Curio
2036 3870 2295 3934 maximus]
2345 3872 2429 3920 De
2473 3871 2779 3929 emtionibus,

1722 3950 1810 4015 qui
1833 3948 1991 3999 curiis
2031 3954 2294 4011 praeerant
2318 3961 2383 3995 ex
2411 3946 2628 4000 Romuli
2647 3945 2773 3998 insti·

1721 4033 1857 4088 tuto,
1880 4025 2075 4075 dictum
2093 4024 2187 4072 lib.
2213 4037 2250 4072 1.
2275 4036 2399 4086 cap.
2414 4025 2497 4074 13.
2565 4023 2664 4072 His
2685 4035 2776 4070 on·

1722 4103 1874 4158 nibus
1899 4115 2028 4151 unus
2064 4107 2182 4150 erat
2202 4097 2514 4164 praefectus,
2553 4101 2643 4164 qai
2665 4098 2777 4148 curio

1724 4180 1962 4232 manus
1999 4177 2290 4240 dicebatur,
2323 4177 2542 4230 curiatis
2573 4175 2776 4226 comitiis

1726 4258 1896 4311 creari
1917 4257 2099 4309 solitus
2122 4270 2138 4304 a
2171 4268 2277 4312 nec
2293 4251 2395 4306 nini
2416 4267 2485 4304 ex
2502 4252 2779 4305 nobilitate,
