3034 4925
1022 394 1165 444 us.
1212 395 1261 443 1.
1306 395 1470 445 esp.
1514 351 1623 444 41ss
2287 380 2418 449 291

225 558 346 608 mo
373 558 547 619 esse,
578 537 876 624 sopitum
918 538 1137 605 fuisse
1184 557 1405 625 regem
1445 539 1666 606 subito
1695 539 1858 606 ictu.
1948 539 2221 608 Ferrum
2247 541 2428 609 haud

224 644 368 712 alte
398 643 467 707 in
514 662 760 728 corpus
789 643 1235 714 descendisse.
1320 642 1367 709 J
1370 663 1476 709 arn
1514 642 1602 710 ad
1655 663 1732 709 se
1764 643 2067 712 redisse.r
2153 644 2426 731 Inspec-

225 753 379 814 tum
409 746 679 825 valum,
711 748 1022 814 absterso
1051 767 1310 816 cruore.
1399 749 1647 815 Omnia
1675 748 1967 815 salubria
1996 769 2161 814 esse.
2242 750 2428 840 'Con-

230 849 466 930 fidere,
496 871 717 936 prope
749 852 923 918 diem
945 852 1168 938 ipsum
1195 872 1315 918 eos
1344 852 1638 920 visuros.
1725 852 1998 919 Interim
2030 852 2176 918 Ser.
2204 852 2429 918 Tullio

213 954 466 1039 jubere
513 955 838 1040 populum
878 955 1067 1023 dicto
1098 957 1479 1029 audientem
1509 964 1713 1022 esse.¹¹
1798 957 1974 1021 Eum
2017 956 2174 1042 jura
2211 955 2431 1021 reddi·

221 1062 483 1137 turum,
539 1057 1050 1146 obiturumque⁰
1092 1060 1229 1127 alia
1286 1061 1460 1144 regis
1512 1058 1736 1125 munia
1794 1057 1992 1125 esse?
2014 1065 2071 1097 ²0
2155 1057 2428 1123 Servius

222 1180 392 1226 cum
424 1164 696 1228 trabea?
740 1168 807 1228 et
831 1162 1185 1256 lictoribus
1229 1162 1530 1248 prodiw
1577 1181 1684 1241 ac,
1729 1162 1891 1228 sede
1931 1162 2116 1246 regia
2159 1161 2424 1240 sedens,

222 1263 380 1330 alia
406 1263 722 1346 decernit,
754 1264 839 1332 de
869 1266 1021 1333 aliis
1046 1266 1498 1333 consulturum
1540 1284 1615 1330 se
1658 1284 1884 1348 regem
1927 1284 2074 1329 esse
2107 1264 2430 1329 simulat.·

222 1367 506 1453 Itaque,
532 1389 656 1453 per
696 1360 953 1455 aliquot
995 1370 1162 1452 dieS‚
1207 1389 1360 1437 curn
1390 1368 1540 1454 jam
1586 1369 1970 1453 expirasset
1994 1366 2428 1456 Tarquinius,

221 1471 464 1538 celata
487 1480 723 1549 morte,
753 1493 872 1559 per
904 1475 1196 1558 speciem
1224 1473 1461 1539 alienae
1489 1471 1842 1555 fungendae
1869 1471 2040 1537 vicis
2068 1489 2231 1535 suas
2257 1489 2429 1553 opes

223 1572 567 1642 firmavit-⁸
649 1576 825 1642 Tum
863 1577 1127 1643 demum
1166 1579 1394 1663 palam
1435 1574 1667 1656 facto,q
1710 1582 1780 1641 et
1801 1583 1828 1613 ²
1871 1572 2393 1659 comploratione
2412 1580 2435 1607 ‘

295 1765 323 1792 ¹*
357 1759 623 1824 Repentino
642 1763 833 1820 eulmen
851 1763 1138 1827 obtorpuisse
1157 1777 1316 1825 regem
1332 1778 1350 1811 .·
1382 1776 1528 1827 neque
1547 1761 1694 1810 istm
1709 1760 1762 1809 ia
1779 1760 1946 1810 vitalia
1962 1764 2249 1825 penetrasse.
2314 1758 2432 1808 Jam

232 1824 1902 1960 ffsnzmsswfflssmmmaem

1138 2037 1504 2061 ”N‘mm

227 2143 373 2189 —20
405 2140 526 2190 Esse
545 2139 650 2193 del.
674 2140 809 2192 Edd.
831 2142 898 2193 ab
922 2141 1043 2193 Ald.
1067 2142 1130 2193 ad
1154 2143 1418 2208 Dum—l
1453 2147 1468 2171 ⁰
1484 2139 1641 2191 Voss.
1668 2143 1718 2190 2.
1767 2137 1975 2203 procedit
1989 2153 2010 2197 ,-
2042 2151 2144 2188 non
2167 2138 2328 2187 male:
2361 2136 2434 2189 cf.

229 2204 306 2253 ad
332 2206 572 2257 Juvenal.
608 2220 649 2256 r.
698 2212 778 2258 89.
812 2218 868 2259 et
901 2207 967 2258 ad
997 2210 1092 2259 Sil.
1125 2222 1201 2259 vr.
1229 2212 1346 2259 444.
1412 2206 1517 2258 Sed
1542 2207 1751 2268 vulgata
1785 2205 1941 2254 lectio
1974 2218 2078 2254 non
2109 2203 2435 2254 damnanda.’

227 2270 542 2333 liutpert-2
574 2271 692 2321 ‘AL
719 2274 1039 2339 palnmsuctn
1080 2290 1143 2329 ex
1182 2290 1226 2325 c.
1270 2288 1385 2340 qnae
1425 2271 1584 2323 lectio
1623 2272 1803 2337 utique
1843 2268 2046 2320 facilior
2085 2270 2307 2333 videtur,
2342 2268 2436 2320 sed

1226 2437 1440 2492 1401·AE

307 2543 333 2569 ¹·
357 2536 508 2587 Dicto
527 2539 794 2590 adientes·
815 2539 936 2606 esse]
970 2538 1131 2591 Audio
1155 2539 1299 2590 Lati·
1385 2537 1516 2601 galis
1538 2536 1708 2587 album
1728 2533 1906 2585 babuit
1930 2546 2170 2597 purpuras
2194 2529 2433 2592 mixtum,

236 2629 393 2677 num,
440 2624 497 2666 et
532 2617 773 2668 Groecum
814 2615 984 2675 &nolim
1027 2627 1298 2668 sumuntur
1385 2623 1522 2666 teste
1578 2614 1780 2666 Servio·
1845 2611 2129 2675 Dionysius
2172 2607 2440 2658 Halicarn.

235 2707 344 2756 pro
366 2692 599 2744 obedire.
653 2693 814 2745 Dicto
834 2695 1102 2747 audientes
1123 2696 1300 2760 itaque
1383 2695 1576 2745 circum
1600 2692 1902 2742 distinctam
1932 2688 2007 2739 ait
2042 2699 2286 2753 purpura,
2316 2683 2439 2734 sub·

233 2777 365 2821 sunt
408 2771 497 2835 qui
518 2771 763 2838 quicquid
795 2772 1301 2838 imperatur,statirn
1382 2772 1573 2822 temine
1617 2770 1853 2835 puniceo.
1922 2767 2002 2819 An
2039 2766 2089 2815 ei
2123 2764 2188 2815 ab
2227 2762 2440 2814 intextis

231 2855 299 2897 ut
343 2847 551 2911 dictum·
586 2855 669 2897 est
711 2857 1072 2915 exequuntur3
1103 2852 1192 2916 qui
1233 2850 1301 2902 ad
1388 2849 1534 2899 velut
1553 2846 1787 2899 trabibus
1809 2843 2082 2911 purpureis
2105 2842 2324 2893 nomen?
2376 2839 2443 2891 In

233 2923 465 2980 dictum,
496 2931 550 2974 et
589 2925 735 2990 qnasi
765 2925 830 2975 ad
868 2934 1048 2978 nutum
1081 2936 1300 2993 parent:
1389 2941 1501 2991 rep.
1542 2925 1803 2977 Consules
1824 2938 1943 2974 raro
1966 2921 2147 2974 trabea
2170 2921 2247 2970 usi
2269 2921 2447 2984 legun-

236 3013 343 3049 nec
369 2999 565 3050 dicitur
601 3002 816 3067 alicurjus
848 3003 1013 3069 dicto,
1044 3003 1134 3054 sed
1164 3005 1309 3057 alicui
1388 3011 1494 3069 tur,
1509 3004 1608 3054 nisi
1629 3002 1766 3054 forte
1784 3002 1836 3052 in
1853 3001 1992 3052 bello
2006 3005 2155 3050 extra
2176 2999 2445 3061 ordinem3

237 3078 375 3128 dieto
399 3092 500 3127 esse
514 3078 797 3129 cadmeas.
1387 3090 1449 3132 ut
1490 3081 1694 3147 equites
1732 3079 1785 3129 in
1822 3076 2222 3128 transvectione.
2285 3072 2446 3124 Aliud

306 3164 333 3190 ⁰
375 3155 743 3222 Obitnrumque]
788 3158 908 3211 Jam
947 3164 1100 3209 antea
1133 3158 1299 3209 insue-
1387 3159 1483 3210 snb
1525 3156 1958 3223 Imperatoribus.
2003 3154 2209 3204 Manut-
2244 3152 2334 3203 lib.
2375 3162 2443 3203 ιι.

240 3240 399 3283 verat
430 3232 736 3297 Tarquinius
770 3234 939 3285 Servii
977 3234 1155 3300 generi
1177 3250 1298 3299 ope-

242 3323 324 3374 ra)
361 3308 439 3358 nti
474 3308 525 3358 in
555 3309 616 3358 iis
653 3324 766 3376 quae
804 3310 984 3362 morbo
1022 3320 1115 3362 aut
1147 3320 1303 3362 atate

240 3383 535 3449 impeditus
573 3386 717 3436 obire
754 3402 857 3437 nou
892 3396 1119 3453 poterat.
1185 3389 1302 3441 Quo

241 3467 423 3517 minus
439 3467 627 3531 populo
649 3481 834 3519 novum
853 3469 952 3521 hoc
966 3470 1081 3535 ejus
1099 3472 1304 3523 nornine

243 3542 514 3608 prolatum
537 3558 568 3593 a
591 3544 771 3608 regina
797 3547 1111 3599 mandatnm.

310 3628 340 3663 ι»
380 3620 501 3669 Cam
536 3619 723 3685 trabea]
757 3623 907 3674 Inter
941 3638 1118 3689 regum
1152 3626 1305 3691 insig-

246 3696 362 3761 nia,
385 3696 468 3746 vel
490 3697 809 3762 praecipuum
833 3698 935 3750 fuit
957 3702 1255 3767 trabeajarn
1277 3719 1308 3754 a

249 3780 496 3837 ternpore
552 3774 756 3825 Romuli
809 3786 1054 3843 usurpata
1076 3796 1091 3831 z
1148 3781 1307 3832 vestis

252 3850 467 3901 seilicet
488 3864 519 3900 e
536 3864 780 3915 purpura,
803 3868 905 3904 non
926 3855 1037 3906 sine
1055 3857 1207 3920 albo;
1233 3857 1310 3908 di·

253 3942 428 3993 versa,
444 3943 545 3979 non
567 3931 717 3981 modo
741 3947 771 3982 a
793 3934 970 3985 tunica
990 3937 1232 4000 palmata,
1253 3944 1312 3988 et

253 4011 383 4071 toga
419 4013 698 4072 praetexta,
731 4007 823 4058 sed
846 4016 902 4060 et
926 4026 958 4062 a
979 4013 1211 4065 Deorum
1234 4021 1313 4066 at-

254 4099 361 4149 que
397 4098 667 4148 augurum,
712 4085 1028 4154 aliorumque
1071 4090 1316 4142 sacerdo·

257 4169 369 4212 tum
395 4160 606 4218 trabeis,
638 4174 850 4226 quarum
873 4164 974 4214 illae
994 4182 1025 4218 e
1062 4168 1173 4219 sola
1196 4184 1316 4234 pur-

211 4243 217 4249 '
259 4252 419 4302 pura;
452 4238 529 4287 lm
555 4250 784 4302 purpura
817 4246 871 4290 et
906 4255 1085 4307 coeco,
1106 4258 1200 4296 seu
1224 4260 1318 4310 pu-

261 4316 413 4366 niceo
427 4316 622 4380 colore,
637 4315 853 4373 alternis
872 4317 1180 4375 intertexto.
1215 4323 1317 4375 Re·

1388 3237 1595 3303 quasit.
1616 3250 1701 3300 ep.
1721 3239 1771 3284 8.

1453 3315 1483 3346 ⁴
1516 3313 1584 3364 A.
1607 3314 1673 3363 U.
1695 3313 1755 3364 C.
1778 3314 1892 3362 1⁷6.

1449 3403 1476 3438 ⁴1
1506 3394 1681 3444 Palm
1700 3390 1859 3454 facto]
1890 3389 1978 3440 Sie
2012 3387 2195 3453 optimi
2219 3387 2449 3450 codices,

1386 3486 1479 3537 pro
1499 3478 1608 3521 tum
1618 3469 1820 3518 demum
1837 3481 1893 3516 re
1906 3465 2187 3532 patefacta,
2204 3464 2310 3514 sive
2327 3478 2447 3514 cum

1384 3564 1467 3600 res
1482 3545 1759 3598 manifesta
1773 3559 1886 3594 esse
1902 3544 2164 3607 coepisset.
2188 3540 2357 3604 Vulgo
2374 3541 2449 3593 le·

1385 3628 1542 3692 gitur,
1560 3625 1721 3689 palam
1730 3620 1887 3684 seete,
1904 3619 2091 3683 supple
2110 3622 2277 3668 morte
2294 3615 2448 3679 regis.

1447 3709 1469 3739 ¹
1507 3696 1916 3765 emptor-atione]
1949 3696 2146 3746 Luctus
2168 3693 2221 3742 in
2245 3691 2451 3741 Palatio

1387 3779 1535 3830 velut
1580 3775 1783 3827 recenti
1826 3774 1963 3837 regis
1997 3777 2184 3831 morte,
2215 3767 2448 3819 simulari

1390 3855 1570 3921 coepit,
1605 3847 1804 3903 artibus
1835 3847 2136 3912 Tanaquilis
2171 3856 2228 3896 et
2262 3845 2448 3896 Servii.

1391 3932 1547 3986 Quod
1580 3944 1683 3980 non
1706 3935 1831 3978 ante
1850 3924 2065 3985 facturn,
2097 3935 2250 3988 quam
2273 3921 2455 3987 popuii

1376 4008 1593 4075 ¹judicio
1612 4000 1709 4057 filii
1732 4005 1835 4055 duo
1854 4001 1988 4053 Anci
2008 4000 2193 4051 Marcii
2213 4000 2456 4053 absentes

1398 4085 1636 4138 damnati
1658 4081 1813 4133 exilio
1849 4079 1996 4129 fuere
2034 4086 2311 4143 perorante
2335 4078 2456 4127 Ser-

1398 4166 1502 4226 vio,
1528 4178 1644 4214 curn
1670 4158 1891 4211 ministri
1913 4156 2073 4208 caedis
2105 4170 2163 4208 se
2185 4154 2368 4205 abillis
2390 4154 2457 4204 ad

1397 4254 1575 4305 regem
1618 4234 1961 4290 occidendum
2005 4231 2187 4285 missos
2224 4228 2452 4283 confessi

1398 4322 1587 4371 euent-
