3034 4925
1025 411 1214 469 mis.
1263 411 1347 461 11.
1394 413 1564 463 cn.
1607 401 1717 465 51.
2339 408 2468 475 491

244 575 469 634 mum,
521 561 907 644 pepulere¹²
960 564 1159 630 etiam
1224 567 1634 634 subeuntes:
1702 571 2150 660 vincebatque
2198 577 2465 644 auxilio

243 659 393 724 loci
451 664 781 746 paucitas,
827 665 900 730 ni
947 665 1116 751 jugo
1170 669 1675 738 circummissus
1726 673 1985 741 Veiens
2032 679 2101 742 in
2157 681 2474 748 verticem*

240 762 450 826 collis
492 766 835 833 evasisset.
926 770 1040 836 Ita
1083 773 1385 856 superior
1430 793 1656 841 rursus
1688 775 1899 844 bostis
1927 779 2177 845 factus.
2265 774 2466 848 Fabii

220 864 466 929 eaesi*
497 856 598 931 'ad
645 888 847 935 unum
883 892 1139 949 omnes,
1168 875 1696 963 praesidiumque
1738 886 2215 966 expugnatum.
2299 885 2461 952 Tre-

236 974 490 1032 centos
529 990 654 1035 sex
699 974 956 1055 perisse
1005 977 1175 1042 satis
1227 980 1570 1046 convenit:
1628 996 1833 1049 unum
1883 1005 2094 1070 prope
2137 988 2479 1071 puberem·

240 1074 453 1134 aetate
476 1080 569 1119 ¹³·
615 1076 944 1156 relictum,
996 1081 1271 1165 stirpem
1319 1084 1506 1164 genti
1556 1084 1815 1165 Fabiae,
1862 1087 2220 1173 dubiisque
2264 1093 2475 1155 rebus-

238 1173 490 1254 populi
537 1173 832 1242 Romani
872 1199 1059 1266 saepe
1088 1183 1269 1248 domi
1301 1184 1601 1269 bellique
1628 1188 1734 1253 vel
1762 1191 2130 1257 maximum
2163 1192 2473 1259 futurum.-

237 1274 603 1343 auxilium.

329 1377 446 1443 51.
490 1377 663 1445 Cum
707 1383 857 1449 haec
899 1394 1183 1472 accepta
1213 1390 1447 1457 clades
1476 1401 1677 1472 esset,
1695 1395 1842 1479 jam
1873 1396 2358 1465 C.‘Horatins'’
2387 1406 2468 1464 et·

200 1477 326 1552 T.
368 1480 723 1551 Menenius
752 1478 1065 1556 consules
1095 1500 1298 1558 erant.

1383 1494 1748 1565 Menenius
1781 1500 2106 1569 adversus
2140 1501 2412 1568 Tuscos
2431 1506 2461 1538 ‘²

1168 1657 1530 1681 ‘mm

233 1761 549 1815 veina—13
580 1766 635 1818 J.
659 1767 717 1816 F.
737 1768 969 1821 Gronov.
992 1774 1282 1839 legendum
1299 1778 1595 1843 suspicatur
1625 1794 1771 1860 prope
1787 1781 2010 1846 puberem
2028 1788 2235 1834 atatem.

1213 1898 1446 1956 ‘NOTAE

302 1996 325 2021 2
361 1989 502 2038 Fabii
531 1992 665 2056 caesi]
698 1994 853 2046 Hanc
888 1997 1164 2049 Fabiorum
1202 2002 1309 2051 cla-

234 2064 361 2115 dem
401 2067 681 2134 Dionysius
721 2072 813 2122 lib.
836 2087 915 2125 tx.
950 2079 1006 2125 et
1033 2075 1193 2126 ovid.
1216 2078 1309 2128 lib·

233 2158 302 2195 n.
341 2145 612 2197 Fastorum
636 2163 736 2199 uon
776 2150 975 2215 dispari
1008 2155 1308 2205 narratione

233 2221 564 2279 describunt.
632 2226 764 2277 Dies
784 2227 937 2293 hujus
970 2230 1133 2283 cladis
1170 2231 1308 2284 inter

235 2305 382 2350 atros
401 2314 463 2349 ac
487 2299 719 2352 nefastos
743 2295 961 2356 relatus.

299 2383 324 2410 ⁸
364 2376 520 2426 Unum
560 2391 707 2443 prope
734 2381 957 2444 puberem
1001 2383 1171 2447 atate]
1214 2385 1304 2435 Vi·

233 2451 485 2517 dendum,
525 2456 695 2521 inquit
728 2457 1050 2523 Gronovius,
1077 2476 1199 2511 num
1221 2461 1303 2512 fn-

232 2531 340 2582 erit
383 2547 528 2597 prope
574 2534 801 2597 pubem
841 2544 1053 2602 oeteaem,
1103 2539 1157 2589 id
1200 2546 1303 2604 est,

233 2608 462 2658 vicinum
487 2610 768 2673 pubertati.
843 2614 1003 2666 Certe
1046 2614 1124 2665 sic
1160 2630 1302 2681 soepe

233 2684 464 2748 loquitur
488 2687 682 2738 Livius.
745 2689 901 2743 Quod
939 2690 1003 2740 ad
1043 2704 1151 2741 rem
1187 2706 1302 2755 ges·

233 2765 341 2810 tam
365 2763 572 2820 attinet,
594 2764 646 2813 in
669 2766 766 2815 bac
789 2766 1084 2818 narratione
1104 2769 1176 2819 de
1197 2784 1301 2820 cae·

233 2836 306 2888 ais
329 2839 561 2889 omnibus
593 2842 786 2900 Fabiis,
809 2851 1004 2908 preter
1026 2857 1183 2896 unum
1208 2846 1299 2895 im·

233 2915 482 2978 puberem
508 2918 683 2969 Romo
723 2920 984 2986 relictum,
1020 2937 1115 2986 per
1142 2937 1298 2987 quem

233 3001 522 3056 propagata
558 2995 747 3046 deinde
792 2998 1110 3049 nobilissima
1144 2999 1297 3052 fami-

232 3067 326 3129 lia,
347 3072 677 3123 consentiunt
697 3087 816 3125 cum
841 3076 1060 3140 Nostro,
1084 3085 1140 3128 et
1170 3077 1297 3129 Ovi-

233 3143 340 3205 dio,
361 3146 661 3212 Eutropius,
686 3152 930 3203 Aurelius
952 3153 1158 3216 Victor,
1180 3155 1296 3205 alii·

233 3231 352 3284 que.
417 3222 696 3288 Dionysius
719 3233 891 3278 tamen
926 3230 977 3279 id
1003 3244 1100 3294 pro
1122 3229 1296 3283 fabula

232 3295 416 3346 baben
452 3314 551 3349 nec
584 3302 720 3351 enim
743 3304 1020 3368 probabile
1038 3309 1143 3359 ullo
1168 3323 1292 3373 pac·

234 3379 289 3422 to
330 3373 423 3437 ipsi
463 3376 668 3426 videtur
707 3382 938 3443 pluribus
992 3384 1061 3433 de
1100 3388 1291 3447 causis,

230 3462 354 3512 quas
396 3461 681 3504 enumerat.
761 3457 900 3506 Illud
947 3458 1124 3523 itaque
1159 3459 1291 3510 dun·

233 3530 378 3573 taxat
419 3530 659 3590 agnoscit
705 3531 1013 3596 Dionysius,
1072 3547 1191 3585 cum
1235 3535 1290 3585 in

231 3600 381 3648 trium
403 3600 620 3653 fratrum
642 3606 845 3665 Quinti,
867 3610 1124 3672 Coesonis,
1145 3611 1289 3660 Mar·

232 3674 279 3725 ei
323 3676 592 3728 Fabiorum
645 3681 800 3733 domo
856 3685 1151 3735 consulatus
1193 3700 1290 3748 per

232 3755 552 3815 septennium
583 3758 915 3809 continuatus
953 3758 1156 3824 fuisset,
1193 3761 1289 3811 soli

233 3843 298 3877 ex
334 3830 409 3887 his
446 3832 633 3884 Marco
665 3837 998 3897 superstitem
1036 3834 1198 3887 fuisse
1229 3837 1289 3888 fl·

232 3907 349 3956 lium
374 3908 717 3974 impuberem,
747 3912 834 3975 qui
863 3911 965 3963 fuit
995 3914 1063 3965 Q.
1095 3914 1287 3964 Fabius

231 3983 529 4047 Vibulanus,
549 3987 618 4038 Q.
641 3988 790 4037 Fabii
817 3990 1139 4039 cunctatoris
1162 3991 1286 4041 aba·

235 4071 338 4109 sua.
400 4060 540 4111 Quia
581 4077 705 4113 vero
744 4079 897 4115 nemo
931 4080 1000 4116 ex
1031 4081 1094 4115 ea
1129 4075 1286 4131 gente

229 4133 458 4196 proximo
482 4142 716 4200 ternpore
747 4139 1069 4205 inclaruerit,
1094 4150 1286 4206 praeter

227 4210 359 4260 bunc
382 4212 470 4261 nbi
500 4213 710 4264 adultus
726 4215 846 4280 fuit,
881 4215 1004 4267 inde
1026 4225 1153 4267 nata
1173 4220 1282 4267 vul·

229 4287 362 4352 garis
377 4289 581 4354 opinio;
596 4306 704 4343 non
720 4293 856 4359 quod
875 4294 1046 4348 nullus
1063 4294 1194 4346 alius
1211 4310 1294 4352 ex

1387 2003 1563 2055 Fabiis
1599 2006 1936 2070 superfuerit,
1978 2008 2069 2057 sed
2113 2008 2251 2073 quod
2277 2009 2446 2059 nullus

1383 2081 1513 2131 alius
1534 2097 1602 2132 ex
1623 2083 1701 2135 liis
1726 2084 1909 2140 tribus.
1936 2084 2104 2135 illisve
2144 2084 2327 2135 similis
2357 2100 2446 2135 ex·

1384 2158 1574 2211 titerit.

1451 2237 1612 2288 Um
1641 2254 1783 2303 prope
1820 2240 2061 2306 puberem]
2117 2240 2284 2291 Recte
2323 2241 2449 2292 Dio·-

1379 2313 1557 2377 nysius
1579 2313 1672 2364 lib.
1692 2329 1774 2367 lx.
1797 2331 1847 2366 c.
1868 2320 1952 2368 22.
1993 2316 2104 2366 baec
2140 2331 2233 2380 pro
2268 2316 2449 2369 fabula

1378 2388 1559 2445 habet,
1576 2392 1694 2454 quia
1717 2391 1832 2441 fieri
1855 2406 1956 2442 non
1981 2392 2173 2455 potuit,
2191 2399 2249 2442 ut
2266 2407 2444 2443 omues

1380 2465 1550 2524 Fabii,
1572 2468 1661 2532 qui
1686 2468 1740 2518 in
1763 2470 2032 2522 castellum
2054 2469 2122 2520 ad
2142 2470 2447 2546 Cremeram

1375 2539 1601 2606 iverant,
1621 2539 1798 2596 essem
1832 2545 2046 2597 coelibes
2082 2554 2139 2597 et
2172 2546 2284 2597 sine
2312 2546 2443 2598 libe-

1377 2618 1482 2680 νίας
1514 2627 1701 2673 contra
1735 2637 1930 2674 morem
1963 2624 2336 2686 Romanorum,
2353 2625 2445 2689 qui

1377 2700 1434 2744 et
1447 2695 1673 2758 juvenes
1693 2697 1958 2751 ducebant
1978 2712 2212 2756 uxorem,
2228 2705 2284 2748 et
2308 2700 2443 2750 filios

1374 2786 1555 2824 omnes
1586 2773 1903 2826 educabant.
1981 2775 2098 2826 Nec
2135 2774 2247 2826 fieri
2281 2777 2443 2828 etiem

1375 2849 1567 2911 potuit,
1606 2857 1665 2898 ut
1701 2857 1779 2899 tot
1808 2850 2091 2914 puberibus
2112 2851 2240 2902 nulli
2264 2859 2444 2902 essent
2485 2881 2491 2886 ·

1373 2922 1565 2975 fratres
1592 2926 1906 2989 impuberes.
1972 2927 2166 2979 Cetera
2198 2926 2338 2996 apud
2362 2928 2442 2991 ip·
2480 2927 2491 2941 ⁸

1374 3014 1485 3050 sum
1522 3001 1657 3059 vide,
1699 3003 1783 3067 qui
1829 3002 2168 3067 persuadebit
2186 3003 2302 3053 haeo
2325 3016 2442 3052 esse

1374 3077 1694 3128 theatrorum
1711 3077 1971 3143 figmentis
1992 3079 2200 3144 similia,
2217 3078 2441 3140 πλάσμα·

1370 3170 1448 3203 σιν
1466 3154 1667 3215 ἐοικέναι
1689 3158 1963 3221 θεατρικοῖς.
2026 3156 2219 3207 Mirum
2238 3164 2321 3206 est
2342 3158 2440 3207 hoo

1371 3230 1519 3281 Livio
1555 3246 1660 3282 non
1696 3233 2027 3294 suboluisse3
2065 3232 2157 3282 sed
2186 3246 2328 3295 saepe
2353 3246 2439 3281 ve·

1369 3305 1666 3358 risimilibus
1710 3307 1945 3371 proetulit'
1982 3307 2329 3358 incredibilia.
2379 3305 2436 3355 J.

1372 3381 1606 3436 Clericus.

1432 3456 1456 3491 b
1486 3458 1603 3508 Jam
1648 3460 1709 3509 C.
1754 3457 2021 3520 Horatius]
2078 3458 2232 3507 Anno
2271 3459 2338 3507 U.
2373 3459 2436 3514 C,

1366 3534 1485 3580 2⁷6.
1520 3532 1632 3582 sive
1671 3534 1991 3597 Olympiade
2033 3537 2119 3585 76.
2168 3532 2436 3583 Phaedone

1366 3607 1591 3658 Athenis
1647 3606 1916 3660 Archonte
1988 3609 2148 3671 juxta
2213 3608 2438 3672 Dionys.

1366 3684 1606 3733 consules
1629 3682 1778 3733 fuere
1801 3686 1863 3734 C.
1887 3685 2140 3736 Horatius
2163 3685 2436 3743 Pulvillus,
2491 3696 2493 3698 ’

1365 3767 1422 3810 et
1443 3760 1510 3810 Τ.
1533 3760 1808 3810 Menenius
1831 3761 2080 3812 Lanatus.
2148 3762 2254 3812 Hic
2277 3777 2434 3823 porro

1365 3834 1617 3886 Horatius
1660 3835 1797 3886 filius
1840 3835 1942 3888 fuit
1993 3838 2163 3888 Marci
2203 3838 2434 3901 Horatii,

1366 3913 1453 3976 qui
1478 3927 1613 3965 anno
1634 3927 1673 3962 1.
1698 3921 1817 3976 post
1840 3921 2051 3964 exactos
2082 3929 2228 3978 reges
2250 3918 2430 3966 consul

1362 4004 1479 4041 cum
1498 3991 1793 4041 M.Valerio
1816 3992 2092 4056 Poplicola
2113 3992 2428 4057 Capitolium

1364 4065 1669 4120 dedicavit=
1713 4068 1993 4118 Menenius
2027 4082 2150 4119 vero
2179 4068 2429 4134 Agrippa

1364 4144 1503 4195 illius
1527 4144 1613 4208 qui
1639 4143 1844 4206 plebem
1867 4144 2105 4209 patribus
2125 4148 2429 4210 reconcilias

1366 4226 1471 4269 tam
1496 4219 1551 4268 iu
1573 4219 1755 4269 urbem
1780 4221 2005 4273 reduxit.

1425 4297 1735 4350 cue-esim
1775 4296 2433 4368 marmenem.-
