3034 4925
545 381 676 449 238

547 544 828 610 Albano'
862 562 1043 626 agro,
1073 541 1323 608 Albani
1358 562 1447 607 ex
1477 542 1794 610 Romano
1832 543 2100 628 praedas
2128 545 2412 611 invicem
2442 549 2732 627 agerent.

546 648 991 733 Imperitaba't
1036 652 1178 711 tum
1228 645 1308 710 C.
1358 645 1642 712 Cluilius
1662 654 1694 695 4
1749 644 2015 712 Albae.⁹
2103 647 2460 732 Utrimque
2533 645 2734 729 legati

544 752 686 817 fere
737 752 864 815 sub
911 749 1089 814 idem
1140 754 1398 833 tempus
1450 751 1539 814 ad
1585 769 1687 814 res
1739 749 2138 833 repetendas
2185 750 2400 815 missi.
2493 749 2733 813 Tullus

543 856 958 938 praeceperat
1001 854 1164 924 suis,
1192 871 1277 916 ne
1317 852 1477 936 quid
1525 854 1768 936 priuS,⁵
1814 872 2013 936 quam
2066 853 2400 930 mandata,
2445 857 2735 935 agerent.

544 956 728 1021 Satis
780 956 1061 1032 sciebat,
1105 965 1495 1038 negaturum
1528 955 1890 1034 Albanum,
1937 957 2033 1021 ita
2083 957 2198 1040 pie
2236 956 2494 1020 bellum
2532 953 2737 1020 indici

545 1054 801 1143 possse.f
882 1056 991 1123 Ab
1021 1057 1694 1135 Albanis'socordiu's
1739 1078 1847 1124 res
1885 1065 2082 1124 acta:
2130 1060 2402 1143 excepti
2444 1057 2735 1142 hospitio

543 1163 630 1226 ab
681 1160 928 1226 Tulloss
971 1161 1215 1228 blande
1263 1183 1344 1228 ac
1390 1165 1692 1247 benigne,
1714 1160 2017 1243 ,comiter
2065 1162 2246 1246 regis
2295 1152 2688 1228 conrivium
2711 1160 2739 1200 ⁶

544 1265 901 1330 celebrant.
984 1265 1336 1350 Tantisper
1382 1266 1674 1331 Romani
1712 1273 1780 1332 et
1822 1285 1932 1333 res
1977 1264 2422 1350 repetiverant
2450 1264 2737 1348 prioreS,

542 1372 610 1432 et
641 1368 912 1451 neganti
932 1364 1198 1432 Albano
1230 1369 1482 1434 bellum
1526 1369 1592 1433 in
1633 1371 2038 1453 trigesimum
2070 1368 2248 1433 diem
2267 1377 2293 1418 ⁷
2336 1367 2739 1434 indixerant.

543 1469 725 1536 Haec
776 1472 1152 1544 renuntiant
1196 1472 1423 1539 Tullo.
1508 1473 1682 1538 Tum
1734 1473 1982 1557 legatis
2028 1472 2267 1537 Tullus
2298 1470 2570 1537 dicendi
2623 1489 2738 1553 po-

542 1579 878 1652 testatem,
897 1574 1056 1657 quid
1084 1582 1391 1659 petentes
1416 1577 1732 1655 venerint,
1749 1576 1932 1643 facit.
2019 1576 2158 1652 Illi,
2181 1575 2485 1640 omnium
2506 1573 2741 1658 ignari,

539 1676 827 1759 primum
872 1679 1220 1761 purgando
1262 1685 1476 1745 terunt
1516 1685 1819 1765 tempus:
1875 1685 1898 1714 ‘
1922 1680 2012 1744 Se
2056 1678 2304 1744 invitos
2347 1676 2736 1762 quicquam,

541 1777 721 1862 quod
764 1779 984 1844 minus
1015 1781 1287 1864 placeat
1315 1781 1549 1862 Tullo,
1586 1771 1929 1863 dicturos;
1990 1781 2114 1846 sed
2160 1780 2435 1865 imperio
2474 1779 2739 1862 subigi:

540 1900 647 1946 res
676 1882 1023 1967 repetitum
1075 1903 1147 1948 se
1193 1887 1487 1951 venisse.
1578 1885 1677 1950 Ni
1731 1885 2109 1961 reddantur,
2153 1883 2402 1948 bellum
2441 1882 2739 1947 indicere

535 1983 816 2071 jussos!
900 1984 1013 2050 Ad
1055 1986 1202 2053 haec
1248 1989 1529 2055 Tullus:
1579 1993 1602 2025 ‘
1634 1987 2014 2066 Nuntiate}
2066 1983 2313 2071 inq‘uit,
2353 1986 2535 2067 ‘regi
2591 2004 2741 2051 ves-

527 2095 663 2180 ·tro,
693 2109 918 2171 regem
972 2089 1350 2157 Romanum
1399 2093 1589 2158 Deos
1620 2094 1841 2160 facere
1871 2099 2102 2172 testes»,
2132 2098 2278 2156 uter
2307 2090 2498 2173 prius
2528 2109 2743 2174 popu-

540 2190 647 2253 lus
689 2212 797 2255 res
837 2200 1212 2278 repetentes
1264 2196 1528 2279 legatos
1555 2203 1953 2281 aspernatus
1984 2193 2341 2272 dimiserit,
2372 2192 2548 2256 utin
2592 2212 2741 2261 eum

544 2312 779 2359 omnes
807 2306 1132 2380 expetant
1161 2299 1439 2383 hujusce
1474 2298 1706 2364 clades
1737 2296 1982 2365 belli.’''⁵

1449 399 1546 447 -Τ,
1599 398 1786 448 mvn

602 2500 641 2526 ¹⁹⁸
683 2495 751 2571 Ue
767 2503 931 2548 contra
952 2515 1055 2550 eum
1071 2503 1292 2565 populum
1312 2500 1395 2565 qui
1420 2500 1576 2564 prius,
1597 2502 1678 2563 ξε.
1699 2502 1975 2549 convertant
1997 2498 2154 2548 omnia
2175 2493 2315 2558 'injus
2337 2492 2446 2544 belli
2468 2491 2617 2544 malo,
2641 2493 2741 2537 tan·

538 2572 676 2622 quam
694 2564 831 2628 πηγὴ·
852 2565 961 2615 belli
980 2571 1234 2618 auctorem.

1459 2695 1520 2713 ‘O
1524 2694 1610 2715 000
1614 2694 1703 2716 On
1708 2692 1758 2712 00
1763 2693 1821 2713 00

541 2805 607 2853 al.
637 2806 942 2858 Cloelium—5
978 2810 1099 2862 vet.
1122 2812 1213 2863 nb.
1236 2829 1293 2863 ne
1316 2814 1431 2878 quid
1451 2829 1559 2863 cum
1579 2813 1764 2865 Albano
1784 2812 2037 2875 prim—6
2071 2808 2174 2857 Ms.
2191 2802 2424 2879 vindob..
2452 2799 2746 2861 comisronte

544 2871 743 2920 comiter
757 2874 887 2935 regis
908 2882 1141 2927 conve—⁷
1179 2879 1493 2941 Trigesimum
1513 2879 1709 2929 tertium
1729 2877 1855 2927 diem
1877 2873 2153 2939 legendum
2172 2878 2347 2921 monet
2371 2870 2552 2931 Sigon.

1549 3021 1764 3077 1401·AE

604 3141 627 3167 Θ
659 3133 970 3198 Imperieabat
992 3143 1093 3188 tum
1117 3141 1176 3189 C'.
1202 3140 1408 3191 Cluilius
1432 3140 1599 3207 Alba]
1679 3139 1777 3190 teri
1803 3093 2025 3188 inferre:
2063 3141 2120 3185 et
2142 3134 2185 3183 si
2203 3131 2327 3198 qnid
2348 3129 2611 3181 hincinde
2628 3142 2745 3193 pec-

538 3204 684 3257 Alias
702 3224 971 3274 perperam
995 3215 1052 3263 C.
1071 3214 1301 3265 civilius.-
1324 3218 1457 3266 male
1473 3217 1599 3267 item
1675 3223 1850 3267 catum
1888 3220 2044 3273 esset,
2079 3216 2139 3260 ut
2177 3210 2288 3259 laesl
2317 3207 2386 3257 ab
2424 3220 2489 3256 ea
2522 3204 2743 3255 civitate

547 3286 725 3336 Caelius
746 3288 885 3352 apud
907 3291 1125 3342 eundem
1150 3294 1369 3357 Dionys.
1667 3292 1756 3355 jus
1780 3295 2042 3356 peterent,
2076 3286 2213 3336 uude
2235 3285 2422 3350 injuria
2444 3290 2566 3333 orta
2588 3280 2743 3336 foret.

604 3361 919 3439 Imperitabat
956 3371 1057 3417 tum
1090 3370 1149 3418 C.
1190 3371 1392 3420 Cluilius
1435 3370 1598 3434 Albae]

537 3438 731 3489 Mirum
774 3448 857 3492 est
903 3442 1158 3493 Albanum
1205 3460 1437 3510 regnum,
1483 3453 1600 3512 post

537 3513 828 3567 Numitoris
852 3533 882 3567 a
904 3520 1176 3583 nepotibus
1209 3522 1436 3572 restituti
1465 3537 1600 3572 mor·

537 3596 659 3650 tem,
703 3591 770 3642 ad
817 3593 1095 3645 Romulum
1147 3596 1449 3649 devolutum
1493 3615 1595 3651 uon

536 3681 670 3731 este,
712 3683 826 3719 cum
869 3671 980 3736 ejus
1025 3671 1232 3723 familiae
1269 3674 1595 3728 haereditario

530 3743 653 3812 jure
689 3751 847 3797 antea
884 3746 1089 3803 fuisset.
1157 3751 1213 3800 Si
1252 3767 1458 3803 causam
1483 3754 1596 3819 ejus

535 3820 613 3869 rei
648 3830 835 3874 norant
871 3824 1123 3890 historici,
1146 3828 1302 3894 digna
1323 3838 1458 3893 erat,
1477 3847 1595 3897 quae

535 3898 717 3961 paucis
739 3898 1018 3954 diceretur·
1083 3906 1185 3956 Sed
1223 3907 1299 3956 rei
1328 3914 1434 3957 tam
1459 3909 1595 3970 anti-

532 3988 651 4038 quae
676 3980 973 4030 memoriam
994 3982 1104 4046 jam
1127 3983 1248 4035 olim
1269 3984 1596 4035 intercidisse

537 4050 781 4114 putarim.
811 4055 868 4105 J.
898 4057 1128 4108 Clericus.

606 4124 626 4159 f
653 4128 748 4178 Pie
789 4130 958 4190 bellum
994 4133 1143 4184 indici
1173 4138 1333 4202 posse]
1386 4137 1596 4188 Romuli

535 4218 650 4254 cum
683 4204 901 4257 Albanis
938 4207 1133 4260 foedere
1164 4208 1373 4264 cautum
1400 4212 1594 4277 fuerat,

538 4286 596 4329 ut
619 4282 788 4333 neutri
811 4284 1002 4351 populo
1024 4285 1105 4337 fas
1129 4296 1268 4339 esset
1298 4289 1488 4342 bellum
1521 4290 1591 4339 el-

1677 3367 1742 3418 Id
1766 3367 1809 3416 si
1843 3380 1944 3416 non
1978 3365 2370 3429 impetraretur,
2400 3365 2508 3409 tum
2533 3353 2743 3408 demum

1676 3443 1888 3505 bellum,
1906 3449 2098 3512 utpote
2129 3440 2297 3489 soluto
2317 3436 2536 3499 foedere,
2560 3434 2744 3497 indici,

1679 3527 1835 3586 atque
1859 3519 2043 3569 inferri
2070 3530 2239 3582 posse.

1739 3606 1766 3642 8
1800 3595 2010 3660 Excepti
2024 3592 2232 3657 hospitio
2251 3592 2311 3642 ab
2333 3591 2494 3655 Tullo]
2525 3590 2581 3640 N
2585 3604 2652 3640 on
2674 3587 2740 3645 sb

1674 3673 1790 3738 ipso
1820 3673 2027 3737 quidem
2061 3671 2246 3721 Tullo:
2279 3669 2362 3719 bic
2410 3668 2546 3717 enim
2575 3666 2739 3734 (qnod

1675 3750 1844 3800 videri
1886 3750 2043 3799 vellet
2078 3748 2144 3798 ab
2171 3745 2388 3796 Albanis
2412 3751 2566 3810 rapta
2599 3744 2741 3808 prior
2766 3775 2773 3782 -

1676 3827 1970 3894 repetiisse,
2009 3840 2113 3891 qua
2149 3823 2216 3872 de
2256 3836 2414 3871 causa
2451 3821 2655 3886 legatos
2685 3825 2740 3869 et

1675 3906 1787 3970 ipse
1809 3903 1999 3953 Albam
2035 3898 2270 3963 miserat)
2303 3912 2405 3947 non
2440 3897 2622 3947 statim
2647 3895 2740 3946 Al-

1673 3982 1924 4032 banorum
1970 3980 2167 4044 legatos
2213 3976 2442 4036 admisit,
2493 3981 2739 4025 causatus

1675 4058 1917 4123 gravibus
1939 4072 1995 4106 se
2021 4054 2241 4119 negotiis
2266 4059 2598 4128 occupatum,
2620 4064 2739 4100 auc·

1676 4142 1788 4186 tore
1816 4133 2066 4197 Dionysio
2085 4149 2105 4182 2
2134 4130 2226 4181 sed
2260 4142 2357 4192 per
2387 4128 2582 4178 amicos
2606 4128 2736 4177 inte·

1676 4211 1774 4262 rim
1799 4211 1939 4260 laute
1962 4208 2194 4259 Albanos
2217 4201 2443 4267 excepit.
