3034 4925
577 337 708 405 198

577 498 799 565 Indici
844 498 1086 564 deinde
1135 492 1429 561 finitimis
1459 494 1919 578 spectaculum
1952 493 2149 578 jubet
2170 512 2193 557 t
2241 503 2631 581 quantoque
2659 515 2783 583 ap-

577 608 821 686 paratu
879 586 1032 666 tum‘
1076 599 1401 676 sciebant,
1454 605 1571 663 aut
1615 604 1944 681 poterant,
1986 598 2480 678 concelebrant,
2522 607 2602 665 nt
2646 620 2786 665 rem

576 706 827 769 claram
874 708 1434 786 expectatamque
1483 697 1830 766 facerent.b
1917 698 2121 765 Multi
2170 702 2491 768 mortales
2531 723 2787 769 conve·

579 825 758 884 uere,
793 805 1016 870 studio
1042 804 1248 870 etiam
1279 801 1589 868 videndoe
1632 821 1825 868 novae
1865 803 2093 884 urbis3
2139 805 2435 871 maxime
2479 806 2789 889 proximi

577 909 845 991 quique,
877 907 1364 984 CaeninenseS,³
1410 904 1843 983 Crustumini,
1872 905 2369 973 Antemnates.
2454 906 2504 972 J
2506 927 2623 972 am
2659 908 2789 974 Sa-

581 1010 878 1078 binorum
908 1009 1119 1075 omnis
1147 1006 1530 1084 multitudo,
1557 1027 1709 1073 cum
1738 1007 2069 1073 liberis-ac
2100 1008 2530 1092 conjugibus,
2565 1012 2787 1075 venit.

574 1111 853 1178 Invitati
905 1111 1325 1197 hospitaliter
1363 1128 1483 1194 per
1525 1109 1785 1187 domos,
1835 1129 1983 1175 cum
2031 1110 2233 1175 situm
2275 1111 2679 1195 moeniaque
2713 1120 2787 1179 et

573 1214 983 1299 frequentem
1013 1215 1217 1280 tectis
1250 1215 1479 1279 urbem
1510 1213 1861 1290 vidissent,
1883 1213 2223 1291 mirantur,
2253 1217 2392 1279 tam
2420 1216 2614 1279 brevi
2642 1234 2786 1280 rem

577 1314 953 1383 Romanam
984 1318 1298 1384 crevisse.
1388 1315 1527 1380 Ubi
1557 1316 1928 1399 spectaculi
1959 1322 2228 1399 tempus
2258 1317 2463 1395 venit,
2498 1317 2789 1384 deditae·

574 1438 704 1502 que
733 1426 869 1485 eo*
911 1424 1168 1485 mentes
1207 1438 1357 1483 cum
1386 1417 1602 1483 oculis
1641 1424 1856 1495 erant,
1898 1423 2047 1481 tum
2084 1437 2172 1482 ex
2213 1419 2605 1502 composito
2635 1426 2786 1484 orta

574 1521 719 1586 vis:
772 1523 1096 1605 signoque
1130 1521 1292 1587 dato
1335 1522 1653 1607 juventus
1699 1520 2017 1585 Romana
2057 1519 2146 1583 ad
2188 1521 2550 1604 rapiendas
2579 1522 2786 1603 virgi-

574 1642 695 1687 nes
713 1630 737 1660 ⁶
767 1622 1098 1691 discurrit.
1187 1623 1442 1707 Magna
1467 1641 1628 1708 pars
1652 1621 1844 1701 forte,
1873 1626 1950 1686 ut
1975 1622 2045 1686 in
2077 1641 2276 1705 quem
2300 1643 2594 1708 quaeque
2616 1625 2787 1688 inci·

1513 349 1589 398 'l'-
1634 348 1827 397 mvn

1498 1803 1859 1824 “MNO“”O

575 1922 607 1968 8
642 1917 726 1968 Al.
765 1918 1164 1971 ceninenses-4
1197 1921 1338 1971 ‘Pro
1368 1934 1422 1969 eo
1453 1918 1628 1970 malim
1661 1920 1727 1981 si,
1761 1932 1836 1968 sc.
1871 1917 2193 1982 spectaculo.
2260 1917 2333 1970 At
2364 1920 2425 1970 si·
2445 1935 2573 1971 vere
2609 1922 2789 1974 Lirim

573 1984 788 2048 scripsit
830 2001 901 2043 eo,
938 2001 1032 2050 pro
1070 1986 1332 2049 deditaeque
1356 1984 1503 2035 dedit
1535 1983 1759 2035 fortasse
1793 1982 2089 2050 defixusque-⁹
2116 1983 2362 2049 Doering.
2427 1988 2444 2015 ‘
2463 1987 2574 2037 Vix
2600 1987 2789 2039 dubito

1567 2147 1783 2199 NOTAE

567 2254 682 2305 nys.
702 2240 798 2291 lib.
822 2255 885 2293 ιι.
904 2243 1254 2310 persequitur,
1273 2244 1361 2310 qui
1380 2258 1637 2295 consensu

571 2315 868 2367 Numitoris
912 2327 1125 2383 captum
1179 2319 1234 2369 id
1284 2320 1553 2371 consilium
1605 2335 1637 2370 a

572 2392 797 2443 Romulo
834 2395 1011 2451 tradit,
1054 2394 1437 2462 probatumque
1475 2397 1633 2447 Sena·

571 2464 686 2529 tui3
732 2476 790 2520 et
824 2475 1055 2535 peractis
1091 2475 1249 2524 sacris
1281 2474 1537 2539 Neptuni,
1572 2489 1634 2525 ac

570 2547 942 2599 certaminibus
989 2550 1161 2613 variis,
1203 2565 1452 2616 equorum
1501 2567 1629 2616 prar-

576 2623 776 2686 sertim,
807 2624 985 2690 editis‚
1018 2634 1252 2678 extrema
1285 2628 1526 2680 ludorum
1551 2628 1634 2678 die

571 2707 751 2762 raptas
806 2700 955 2765 signo
1010 2702 1137 2755 dato
1187 2705 1385 2767 puellas
1438 2712 1632 2756 narrat.

569 2772 854 2838 Equestres
874 2777 987 2828 ludi
1009 2779 1196 2828 merito
1224 2780 1464 2831 videntur
1487 2782 1633 2848 Nep·

569 2855 693 2899 tuno
717 2852 897 2914 dicati,
930 2862 1115 2915 utpote
1149 2855 1236 2918 qui
1270 2857 1324 2904 in
1347 2859 1632 2908 certamine

568 2938 686 2974 cum
710 2928 951 2978 Minerva
973 2927 1041 2976 de
1063 2930 1270 2978 nomine
1294 2929 1516 2981 Athenis
1540 2933 1632 2984 im·

569 3001 834 3064 ponendo,
871 3017 1061 3067 equum
1093 3003 1399 3067 produxisse
1430 3006 1636 3058 dicatur

568 3088 601 3125 a
622 3072 846 3140 Virgilio
879 3091 920 3128 1.
947 3076 1141 3141 Georg.
1174 3079 1407 3144 aliisque.
1441 3082 1633 3135 Quam·

572 3151 647 3200 vis
672 3149 835 3202 Ovid.
856 3166 933 3203 vr.
951 3154 1171 3204 Metam.
1192 3169 1295 3205 non
1310 3170 1520 3221 equum,
1540 3160 1633 3211 sed

565 3224 766 3276 fontem
808 3242 971 3291 opera
1005 3228 1243 3293 Neptuni
1276 3245 1306 3281 e
1341 3238 1480 3283 terra
1515 3248 1633 3285 eru-

566 3304 710 3367 pisse
767 3304 912 3356 velit.
979 3304 1263 3356 Sabellicus
1322 3308 1630 3373 Neptunum

567 3378 900 3444 Equestrem,
945 3379 1104 3429 alium
1151 3393 1181 3429 a
1221 3381 1429 3433 Marino
1469 3383 1631 3437 finisse

566 3455 864 3519 suspicatur
886 3469 951 3504 ex
976 3452 1345 3519 Aristophane.
1528 3490 1532 3495 ,

630 3536 656 3564 ⁸
691 3529 951 3581 Consualia
966 3528 1128 3593 vocae]
1161 3530 1331 3582 Conso
1354 3535 1485 3596 Deo,
1507 3548 1632 3586 con·

565 3605 798 3654 siliarum
820 3605 1146 3655 occultorum
1170 3607 1397 3671 presidi,
1416 3618 1631 3661 voverat

567 3679 820 3730 Romulus
864 3681 1078 3731 solenne
1112 3679 1304 3743 festum
1339 3698 1398 3733 sc
1427 3685 1628 3736 sacriti-

565 3755 725 3817 cium,
748 3755 792 3805 si
811 3763 1029 3807 conatus
1047 3758 1372 3810 succederet.
1434 3762 1499 3812 Id
1524 3761 1630 3812 fes-

569 3836 679 3880 tum
714 3831 880 3883 adbuc
914 3831 1303 3885 Halicarnassei
1338 3842 1497 3888 aetate
1522 3839 1629 3890 Ro·

569 3908 707 3958 mani
753 3910 1096 3962 celebrabant
1148 3912 1354 3964 nomine
1398 3916 1629 3967 Consus-

564 3985 692 4039 lium
712 4000 729 4046 ς
753 4000 855 4051 quo
872 3985 1012 4038 festo
1034 4002 1126 4038 ara
1148 3988 1502 4049 subterranea,
1528 3992 1629 4041 sita

565 4075 734 4126 prope
757 4063 966 4113 Circum
986 4063 1255 4123 marinum,
1290 4066 1490 4119 refossa
1523 4077 1629 4120 ter·

564 4149 641 4200 rs,
658 4136 930 4188 sacrificiis
968 4147 1024 4189 et
1051 4140 1377 4193 libaminibus
1404 4145 1626 4196 bonora-

565 4212 758 4265 batur=
792 4228 1145 4282 equorumque
1175 4225 1233 4269 et
1257 4219 1624 4286 quadrigarum

1711 2243 2169 2295 committebantur
2183 2246 2493 2297 certamina.
2516 2248 2637 2298 Etsi
2655 2262 2785 2300 vero

1716 2320 1770 2369 in
1809 2321 2056 2371 bonorem
2097 2322 2334 2386 Neptuni
2372 2324 2632 2376 celebrati
2672 2324 2785 2377 fue·

1710 2398 1816 2448 rint
1838 2399 1913 2447 illi
1940 2398 2066 2460 ludi,
2085 2407 2139 2448 et
2161 2400 2304 2451 Plut.
2327 2406 2383 2450 et
2407 2401 2629 2454 Servius
2658 2418 2787 2454 eun-

1711 2475 1827 2524 dem
1849 2489 1966 2525 cum
2007 2476 2179 2526 Conso
2213 2477 2524 2541 Neptunum
2560 2477 2784 2543 faciant,

1710 2550 1849 2600 aliud
1889 2549 2218 2600 nibilominus
2272 2551 2531 2615 Dionysio
2586 2554 2786 2611 visum,

1708 2625 1844 2690 qnod
1884 2626 2061 2676 nullibi
2097 2624 2259 2676 fuerit
2286 2640 2378 2676 ara
2410 2627 2672 2692 Neptuno
2703 2628 2787 2679 di·

1709 2709 1850 2766 eam,
1891 2717 2008 2768 quar
2046 2701 2142 2752 sub
2201 2709 2344 2752 terra
2384 2704 2777 2755 occultaretur:

1708 2778 1791 2828 cui
1825 2778 1980 2842 adjici
2017 2784 2194 2842 potest
2229 2779 2552 2843 Neptunalia
2584 2795 2617 2831 a
2642 2780 2781 2831 Con-

1707 2853 1936 2904 sualibus
1958 2852 2116 2903 fuisse
2132 2853 2374 2904 diversa:
2394 2855 2484 2904 illa
2508 2855 2710 2920 qnippe
2722 2867 2781 2905 x.

1709 2932 1834 2982 Kal.
1857 2931 2083 2982 Sextiles
2103 2946 2120 2993 ;
2142 2932 2256 2981 haec
2272 2945 2377 2983 ιιι.
2391 2933 2514 2983 Kal.
2536 2932 2780 2997 Septem·

1708 3006 1830 3057 bres
1853 3008 2104 3058 celebrari
2127 3006 2302 3059 solita.

1772 3082 1798 3117 δ
1839 3086 1911 3134 Ut-
1927 3099 2026 3134 rem
2045 3085 2222 3134 claram
2241 3090 2631 3149 expectatamque
2638 3086 2778 3146 ,feee-

1705 3158 1837 3221 rent]
1873 3159 1957 3209 An
1981 3159 2190 3223 dignam
2217 3160 2555 3211 finitimorum
2579 3176 2779 3227 espec·

1707 3235 1908 3285 tatione
1940 3236 2302 3300 intelligimus?
2368 3236 2453 3287 An
2493 3238 2776 3303 legendum

1708 3313 1876 3375 potius
1925 3317 2183 3376 spectatam
2207 3318 2233 3363 7
2274 3329 2378 3380 quo
2427 3329 2584 3367 sensu
2638 3316 2779 3366 dixit

1704 3387 1864 3451 idem,
1879 3389 1970 3439 lib.
1994 3403 2198 3442 xxxvi.
2229 3392 2246 3418 ⁴
2264 3391 2536 3457 Spectatae
2557 3393 2779 3458 integri·

1708 3465 1831 3515 tatis
1863 3465 2065 3528 virum,’
2108 3467 2163 3517 id
2197 3478 2296 3534 est,
2331 3470 2588 3535 probate,
2623 3483 2776 3536 egre·

1703 3553 1824 3604 gre.

1676 3676 1682 3682 ι
1767 3624 1790 3651 ⁶
1810 3618 1892 3667 Aa
1912 3619 2164 3683 ναρίεπάω
2182 3621 2417 3688 virgines]
2445 3621 2591 3674 Hinc
2615 3621 2772 3674 fluxit

1703 3690 1997 3746 institutum
2039 3696 2406 3759 Romanorum,
2450 3697 2595 3762 apud
2643 3706 2774 3765 quos

1705 3776 1908 3833 postea,
1930 3777 1990 3821 ut
2003 3770 2186 3824 scribit
2201 3774 2411 3838 Festus,
2428 3777 2543 3839 rapi
2553 3776 2774 3825 ›simuls-

1703 3845 1858 3897 batur
1881 3847 2028 3911 virgo
2061 3862 2093 3899 e
2133 3850 2329 3913 gremio
2368 3852 2579 3915 matris;
2611 3857 2704 3902 sut
2726 3852 2773 3901 si

1702 3929 1871 3973 mater
1892 3923 2116 3982 deesset,
2140 3941 2207 3976 ex
2229 3927 2466 3991 proxima
2483 3929 2772 3979 necessitu-

1703 3995 1821 4045 dine
1841 4014 1857 4058 3
1897 4012 2011 4049 cum
2035 4013 2066 4048 e
2089 4007 2309 4064 paterna
2333 4001 2489 4053 domo
2511 4003 2576 4053 ad
2602 4003 2770 4053 virum

1703 4072 2075 4126 deducebatur.
2139 4078 2269 4131 Quis
2285 4086 2460 4130 sutem
2475 4077 2634 4130 fuerit
2647 4094 2771 4144 rap·

1705 4155 1874 4200 tarum
1912 4166 2169 4211 numerus,
2207 4154 2344 4204 iuter
2380 4161 2625 4207 auctores
2663 4169 2771 4206 non

1705 4226 1964 4277 convenit.
2031 4228 2255 4280 Quidam
2289 4244 2408 4281 cum
2445 4231 2612 4283 Fabio
2643 4231 2774 4282 Pie·
