3034 4925
1071 408 1221 456 mn.
1267 408 1317 455 1.
1365 408 1532 460 cn.
1575 394 1641 458 ’7.
2314 395 2444 461 189

276 556 623 621 trahebant.
685 554 874 630 Inde,
903 573 1056 619 cum
1088 554 1515 620 altercatione
1547 554 1906 637 congressi,
1931 555 2293 621 certamine
2311 556 2442 621 ira-

273 678 406 722 rum
436 659 520 724 ad
567 657 824 723 caedem
870 661 1243 722 vertuntur:
1294 657 1390 721 ibi
1437 658 1505 721 in
1547 658 1747 722 turba
1773 658 1949 722 ictus
1980 657 2238 723 Remus
2267 662 2442 725 ceci·

273 760 411 825 dits*
495 758 849 842 Vulgatior
877 759 1059 823 fama
1085 765 1209 836 est,
1253 758 1543 826 ludibrio
1584 759 1844 825 fratris‘
1895 760 2184 827 Remum
2224 781 2440 827 novos

268 862 671 927 transiluisse
688 881 942 927 muros:
976 861 1132 926 inde
1160 863 1247 925 ab
1277 862 1446 927 irato
1465 861 1999 948 Romulo‘(cum
2023 865 2246 928 verbis
2268 885 2438 949 quo-

271 983 392 1046 que
434 964 837 1047 increpitans
873 964 1247 1048 adjecisset,
1294 970 1314 999 ‘
1346 965 1465 1030 Sic
1507 964 1773 1040 deinde,
1814 968 2222 1051 quicumque
2259 968 2436 1032 alius

267 1066 593 1130 transiliet
609 1068 859 1132 moenia
875 1066 1083 1144 mea')
1109 1053 1545 1131 interfectum.
1608 1066 1717 1131 Ita
1738 1067 1923 1131 solus
1948 1068 2202 1150 potitus
2224 1069 2453 1153 impe-·

264 1168 354 1234 rio
386 1166 753 1234 Romulus:
799 1169 1073 1235 condita
1110 1171 1311 1234 urbs⁸
1351 1169 1721 1236 conditoris
1750 1170 2009 1235 nomine
2053 1170 2439 1253 appellata}

261 1325 268 1336 ‘
324 1314 340 1347 ¹
365 1317 613 1378 Iasi-atris
631 1321 970 1369 contumeliam.

1165 1447 1170 1452 ·
1238 1432 1448 1485 NOTAE

257 1575 260 1578 ,
290 1529 343 1570 '¹¹
373 1529 503 1580 Ictus
527 1531 706 1581 Remus
734 1533 928 1597 cecidit]
964 1534 1179 1584 Remum
1214 1534 1304 1583 alii
1378 1549 1474 1584 nus
1519 1533 1695 1598 colligi
1740 1537 1931 1597 potest.
2006 1532 2186 1582 Primo
2228 1530 2431 1597 quidem

263 1615 368 1680 cum
391 1606 657 1667 Faustulo,
679 1610 731 1657 in
754 1610 852 1658 hae
877 1609 1213 1660 contentione
1234 1610 1301 1658 de
1378 1618 1501 1659 ante
1537 1608 1790 1660 excidium
1828 1608 2003 1673 Trojae
2043 1624 2072 1658 a
2108 1608 2275 1658 Romo
2305 1608 2433 1658 Itali

261 1682 472 1744 auguriis
518 1691 662 1746 orta3
710 1686 796 1734 alii
834 1693 1017 1749 postea
1057 1702 1173 1737 cum
1209 1701 1300 1735 no-

253 1771 366 1880 }um
389 1771 584 1811 murum
605 1762 950 1827 transiliisset,
969 1762 1299 1814 interfectum

280 1843 441 1888 erunt.

312 1917 332 1943 ⁸
350 1912 424 1960 Ab
437 1912 564 1961 irato
579 1913 801 1978 Romulo]
825 1915 1068 1976 Quidam,
1084 1920 1144 1964 ut
1161 1915 1297 1966 Nos-

249 1991 342 2042 ter,
362 1987 580 2038 Remum
616 1990 681 2039 ab
713 1992 825 2054 ipso
852 1992 1072 2041 Romulo
1095 1991 1297 2042 confos-

255 2074 353 2109 sum
376 2063 555 2125 aiunt;
588 2066 760 2129 quiex
787 2067 1094 2129 penitentia
1124 2066 1191 2116 de
1220 2067 1295 2117 in·

253 2136 468 2189 ferendis
513 2141 616 2190 sibi
659 2143 894 2192 manibus
947 2143 1290 2207 cogitaverit:

252 2214 333 2265 sed
348 2216 641 2268 Laurentiae
665 2220 944 2270 communis
966 2219 1161 2269 altricis
1179 2234 1294 2283 pre-

251 2290 386 2341 cibus
409 2293 474 2343 ab
495 2309 563 2344 ea
585 2306 759 2345 mente
782 2296 1035 2346 deductus
1051 2297 1136 2345 sit.
1175 2297 1294 2346 Ple·

251 2368 387 2433 rique
407 2380 580 2423 tamen
611 2388 643 2423 a
677 2374 839 2423 Fabio
878 2375 1062 2424 Celere
1100 2375 1292 2424 Centu-

249 2446 381 2497 rione
418 2450 654 2514 Remum,
689 2459 833 2501 rutro
872 2451 954 2501 vel
989 2457 1174 2514 rastro,
1214 2452 1290 2501 in-

249 2532 505 2577 teremtum
525 2537 829 2580 memorant.
895 2530 1146 2591 Egnatius
1171 2544 1290 2579 vero

249 2604 375 2665 apud
399 2605 572 2654 Aurel-
607 2607 876 2655 Victorem
911 2604 1201 2655 affirmabat
1238 2605 1288 2654 iu

247 2691 299 2726 ea
320 2683 649 2731 contentione
666 2692 766 2732 non
784 2681 937 2732 modo
954 2683 1170 2731 Remum
1187 2695 1288 2731 non

241 2751 389 2827 fuisse
409 2759 674 2820 occisum3
712 2759 803 2808 sed
842 2759 998 2808 etiarn
1026 2760 1164 2808 ultra
1188 2759 1287 2808 Ro-

245 2833 421 2882 mulum
445 2835 649 2884 vixisse.
714 2834 890 2899 Atque
922 2837 1019 2884 buc
1042 2842 1285 2898 spectare

245 2907 397 2959 videri
417 2919 595 2972 posset
619 2912 744 2961 illud
766 2912 916 2976 Virg.
947 2912 964 2940 ‘
988 2913 1148 2961 Remo
1166 2926 1282 2961 cum

243 2979 392 3034 fratre
409 2987 658 3038 Quirinus
670 2987 805 3038 Jura
826 2987 1056 3038 dabunt!
1088 2989 1282 3037 Verum

244 3059 333 3110 alio
355 3063 523 3125 potius
559 3064 745 3114 alludit
777 3064 963 3120 Poeta,
987 3065 1051 3114 ad
1076 3065 1281 3116 Romuli

239 3146 413 3200 nempe
441 3136 658 3202 factum,
688 3140 792 3204 qui,
825 3147 941 3190 orta
964 3149 1083 3203 post
1103 3138 1281 3192 fratris

242 3224 407 3263 necem
465 3216 788 3280 pestilentia,
842 3229 961 3266 cnm
1007 3216 1279 3279 placandos

241 3286 341 3349 ejus
379 3305 555 3341 manes
599 3292 808 3341 oracula
859 3292 1278 3355 respondissent;

242 3361 366 3414 inter
397 3375 579 3417 cetera·
613 3369 840 3431 piacula,
873 3368 952 3434 <in
983 3369 1166 3434 quibus
1191 3384 1278 3419 an·

242 3451 330 3488 uua
348 3455 492 3492 sacra
514 3445 625 3504 ejus
641 3444 819 3495 honori
837 3445 1094 3502 instituta,
1118 3453 1276 3511 atque

240 3513 349 3564 inde
369 3518 609 3569 Remuria
630 3519 821 3586 dicta,)
856 3522 1057 3586 quoties
1078 3523 1274 3587 aliquid

239 3593 553 3645 sanciendum
609 3605 762 3652 esset,
797 3598 1023 3661 jubebat
1076 3599 1276 3661 sellam,

238 3685 341 3721 cum
354 3684 561 3739 sceptro
579 3677 791 3741 aliisque
805 3677 955 3741 regni
970 3678 1274 3741 insignibus,

233 3747 373 3810 juxta
391 3767 446 3802 se
468 3754 611 3818 poni,
634 3754 783 3819 quasi
820 3755 982 3804 Remo
1004 3756 1274 3818 assidenti,

238 3832 286 3875 et
319 3843 485 3881 secum
522 3832 718 3894 pariter
755 3832 1048 3898 imperanti,
1072 3839 1129 3882 ut
1152 3834 1273 3883 Ser-

238 3902 337 3953 vius
357 3907 533 3959 tradit.

295 3988 313 4013 ⁸
340 3983 543 4033 Condita
579 3985 717 4048 urbs]
765 3985 981 4035 Romam
1019 3992 1119 4047 ter,
1159 3985 1270 4035 sive

237 4055 454 4124 dirersis,
476 4060 568 4109 sed
591 4060 771 4110 vicinis
804 4062 932 4112 locis
970 4062 1268 4125 conditam3

234 4131 333 4181 sive
353 4135 681 4186 instauratam
717 4143 968 4186 memorat
996 4150 1064 4185 ex
1089 4139 1267 4202 priscis

238 4208 557 4273 scriptoribus
593 4213 861 4262 Halicarn‘.
885 4213 921 4262 1.
946 4227 987 4264 1.
1025 4214 1176 4279 quod
1199 4229 1266 4265 ex

235 4282 391 4349 Selino
413 4304 615 4354 quoque
652 4298 707 4340 et
741 4289 983 4341 Sallustio
1015 4292 1266 4357 aliquate-

1379 1685 1714 1736 OEnotrorum
1759 1686 1896 1749 regis
1951 1691 2008 1735 et
2068 1685 2298 1735 Lucariae
2338 1691 2432 1734 aut

1376 1764 1603 1814 Electrae
1646 1763 1770 1814 filio.
1833 1762 2075 1813 Secundo
2114 1762 2269 1827 paulo
2312 1768 2432 1825 post

1287 1875 1292 1884 .
1373 1839 1577 1903 Trojam
1601 1846 1840 1904 captamz
1872 1839 2020 1903 cujus
2059 1838 2273 1889 colonia
2308 1852 2430 1887 aur·

1374 1922 1513 1966 tores
1534 1915 1843 1966 Aristoteles
1865 1916 2056 1980 aliique
2079 1914 2324 1970 Achivos,
2343 1913 2429 1963 alii

1372 1993 1626 2056 Trojanos
1669 1993 1846 2043 AEneae
1902 1992 2104 2052 βοείοις
2156 1989 2426 2054 indigenas

1365 2068 1460 2118 alii
1476 2068 1694 2132 faciunt,
1711 2067 2011 2118 ductoribus
2027 2072 2118 2116 aut
2134 2066 2319 2128 Romo,
2335 2072 2428 2115 aut

1371 2148 1607 2210 Romulo,
1640 2147 1728 2212 qni
1765 2146 1830 2195 ab
1861 2145 1938 2195 bis
1977 2146 2180 2208 Ulysse,
2221 2144 2286 2193 ab
2324 2145 2426 2193 illis

1368 2222 1551 2281 AEnea,
1576 2223 1642 2272 ab
1655 2221 1766 2273 aliis
1784 2221 1974 2272 Latino
1992 2221 2232 2285 prognati
2248 2220 2425 2269 dicun·

1372 2304 1474 2348 tur.
1538 2299 1728 2354 Tertio,
1761 2300 1829 2348 ab
1851 2296 2069 2347 Albanis
2104 2296 2262 2346 missa
2285 2296 2424 2346 colo·

1368 2375 1455 2424 nia
1505 2376 1804 2425 restitutam
1858 2372 2088 2423 nonnulli
2142 2372 2424 2422 tradidere.

1367 2451 1473 2503 Sed
1496 2451 1607 2502 haec
1624 2452 1701 2502 ita
1718 2449 1984 2502 commode
2003 2445 2168 2513 accipi
2187 2455 2422 2512 possunt,

1368 2535 1427 2576 nt
1452 2529 1582 2589 loca,
1603 2527 1690 2577 ubi
1715 2534 1899 2591 postea
1922 2525 2043 2575 urbs
2070 2524 2279 2575 condita
2301 2523 2421 2587 fuit,

1367 2605 1595 2654 cultores
1613 2604 1963 2668 oppidumque
1997 2601 2292 2661 habuerint,
2310 2601 2423 2650 aliis

1365 2680 1677 2735 nominibus,
1714 2678 1875 2728 veluti
1911 2675 2423 2739 Saturniae,Pallan·

1368 2758 1455 2817 tei,
1485 2765 1578 2807 aut
1596 2758 1752 2807 etiam
1774 2754 2061 2825 Valentioe:
2090 2752 2216 2824 licet
2238 2753 2419 2802 Histo-

1364 2833 1481 2892 rici‚
1501 2834 1589 2898 qui
1607 2839 1725 2897 post
1743 2831 1998 2881 conditam
2020 2830 2233 2880 Romam
2253 2829 2439 2893 scrip—'

1364 2917 1562 2971 serunt,
1600 2916 1885 2974 temporum
1920 2922 2127 2958 suorum
2162 2921 2306 2956 usum
2335 2921 2417 2956 se·

1361 2990 1492 3051 cuti,
1530 2990 1741 3038 Romam
1777 2994 1830 3036 et
1875 2987 2125 3035 Romanos
2169 2984 2417 3034 dixerint.

1362 3066 1448 3116 Ita
1468 3067 1584 3115 hoec
1606 3079 1722 3130 quoe
1739 3063 1896 3113 tertia
1915 3067 2226 3123 numeratur,
2248 3060 2418 3123 prima

1359 3155 1481 3190 vere
1513 3139 1670 3190 fuerit
1695 3140 1891 3201 Romae,
1923 3136 2017 3185 snb
2056 3138 2154 3185 boc
2194 3135 2418 3195 nomine,

1359 3218 1687 3281 constitutio,
1722 3214 1927 3266 Romuli
1965 3228 2154 3278 nempe
2184 3222 2240 3264 et
2266 3213 2413 3264 Remi

1358 3295 1536 3345 ductu.

1349 3401 1358 3406 -
1419 3375 1438 3406 ὃ
1475 3370 1749 3421 Conditor-is
1788 3368 1973 3417 nomine
2013 3367 2271 3431 appellata]
2320 3368 2408 3415 De

1358 3449 1538 3497 Romae
1574 3447 1782 3496 nomine
1818 3452 1873 3494 et
1906 3443 2176 3493 conditore
2217 3442 2408 3491 dictum

1356 3531 1439 3574 est
1469 3525 1534 3573 ad
1571 3527 1801 3587 caputii.
1839 3535 2014 3569 verum
2049 3519 2090 3566 si
2125 3533 2154 3566 s
2189 3518 2408 3567 Romulo

1355 3600 1500 3649 dicta
1525 3600 1696 3657 Romu,
1742 3612 1833 3646 cur
1861 3610 1961 3645 non
1998 3595 2199 3643 Romula
2235 3594 2406 3656 potius

1353 3675 1648 3725 nominata?
1699 3672 2044 3722 Godelevoeus
2082 3672 2214 3718 hanc
2253 3666 2408 3718 affert

1291 3762 1294 3767 ·
1353 3752 1628 3812 rationem,
1673 3747 1809 3813 quod
1866 3746 2114 3809 ampliore
2169 3743 2405 3794 vocabuli

1353 3826 1730 3892 significatione
1748 3823 2078 3886 prosperiora
2097 3820 2280 3884 patriae
2295 3835 2402 3871 suae

1352 3903 1570 3954 ominari
1613 3900 1853 3953 conditor
1894 3889 2121 3947 voluerit*
2134 3914 2147 3945 ε
2203 3886 2268 3946 id‘
2301 3906 2403 3959 est,

1352 3997 1470 4031 cum
1521 3979 1725 4029 Romuli
1768 3984 1824 4027 et
1867 3975 2098 4025 Romulae
2140 3989 2326 4025 nomen
2371 3990 2402 4024 a

1351 4058 1520 4119 Rome,
1547 4071 1663 4121 quae
1695 4068 1796 4103 vox
1820 4052 2008 4103 Graece
2035 4052 2178 4102 robur
2209 4051 2401 4114 signiti-

1348 4142 1452 4194 cat,
1469 4133 1749 4183 deductum
1772 4129 1842 4178 sit
1859 4143 1953 4193 per
1975 4128 2363 4179 diminutionem
2383 4143 2399 4188 ;

1348 4211 1596 4262 Romulus
1619 4208 1673 4258 in
1694 4205 1821 4256 urbe
1842 4205 2155 4256 nominanda
2175 4205 2397 4256 diminu-

1346 4290 1454 4340 tivo
1487 4287 1608 4337 huic
1631 4282 1879 4334 vocabulo
1914 4283 2226 4347 primitivum
2249 4289 2393 4332 ante-
