3034 4925
561 353 692 422 390

561 514 661 580 les
703 515 946 581 sacti.¹²
1019 514 1120 581 Eo
1149 534 1319 582 anno
1361 523 1771 600 postremum
1802 515 2008 599 legati
2038 537 2082 582 a
2112 516 2415 582 Porsena
2444 515 2528 580 de
2559 515 2746 581 redu-

562 617 773 683 oendo
800 620 870 683 in
892 637 1156 703 regnum
1187 609 1551 703 Tarquinio
1580 612 1917 684 ‘venerunt
1992 617 2258 697 Quibus
2288 637 2444 684 cum
2471 638 2749 702 respon-

560 739 709 784 sum
746 711 962 798 esset,
1021 723 1375 788 missurum
1428 722 1515 786 ud
1567 740 1789 804 regem
1851 728 2150 787 senatum
2208 721 2465 803 legatos
2481 727 2508 800 ’ς
2553 721 2749 784 missi

558 822 910 888 confestim
932 824 1490 890 honoratissimus
1524 817 1813 909 quisque
1833 844 1921 890 ex
1951 824 2291 890 Patribus.
2337 828 2360 858 ‘
2377 823 2450 888 N
2454 844 2565 901 on,
2588 823 2750 907 quin

557 926 846 990 breviter
893 927 1085 993 reddi
1122 948 1507 1013 responsum
1561 925 1877 1012 potuerit,
1915 947 2044 992 non
2082 927 2289 1011 recipi
2331 946 2547 1009 regeS‚
2599 926 2751 990 ideo

557 1028 787 1112 potius
830 1028 1130 1096 delectos
1178 1030 1452 1096 Patrum
1493 1031 1582 1096 ad
1610 1051 1761 1095 eum
1791 1032 2066 1109 missos,
2096 1050 2299 1114 quam
2330 1031 2575 1113 legatis
2604 1027 2752 1112 ejus

560 1117 802 1202 Rorhae
827 1131 1090 1198 daretur
1109 1154 1537 1217 responsum:
1584 1134 1744 1200 sed'
1787 1141 1863 1199 ut
1892 1141 1941 1181 ¹³
1986 1135 2054 1198 in
2086 1141 2475 1218 perpetuum
2502 1132 2750 1197 mentio

558 1235 710 1318 eJus
739 1236 839 1300 rei
867 1234 1183 1314 finiretur,
1214 1258 1343 1302 neu
1387 1239 1455 1302 in
1495 1239 1701 1304 tantis
1746 1237 1994 1304 mutuis
2024 1236 2368 1302 beneficiis
2416 1238 2486 1301 in
2526 1236 2753 1301 vicem

557 1337 761 1402 animi
790 1340 1279 1407 solicitarentur
1301 1361 1317 1406 t
1338 1351 1360 1379 ⁸
1400 1361 1555 1406 cum
1596 1341 1708 1406 ille
1753 1346 2028 1424 peteret,
2058 1339 2240 1422 quod
2278 1347 2516 1404 contra
2552 1338 2757 1403 liber·

555 1447 762 1534 tatem
813 1443 1047 1526 populi
1095 1439 1391 1508 Romani
1437 1450 1651 1526 esset3
1697 1439 2019 1522 Romani,
2058 1441 2190 1508 nisi
2250 1443 2319 1506 in
2371 1443 2755 1528 perniciem

555 1561 751 1608 suam
779 1531 1010 1610 faciles
1040 1564 1194 1611 esse
1226 1547 1490 1624 vellent,
1535 1552 1869 1629 negarent,
1920 1545 2036 1611 cui
2076 1545 2242 1610 nihil
2269 1552 2591 1627 negatum
2618 1546 2756 1611 vel-

554 1645 719 1711 lent.
811 1645 968 1711 Non
997 1649 1063 1712 in
1092 1667 1294 1733 regno
1313 1657 1338 1686 ⁰
1380 1650 1704 1734 populum
1736 1649 2133 1728 Romanum,
2160 1649 2282 1714 sed
2319 1649 2394 1713 in
2436 1648 2757 1716 libertate

1408 391 1413 401 ·
1490 369 1562 418 '1'-
1609 370 1799 419 mvn
1845 395 1852 400 ·

617 1836 642 1862 ¹·
672 1830 786 1880 Non
805 1832 1512 1899 idcircomissospotissfuisss
1541 1837 1605 1885 od
1628 1836 1887 1885 Perse-an
1907 1835 2398 1898 Sesatoeaaolectoe,
2428 1834 2760 1898 qnondam

553 1894 721 2010 ἔπιε
735 1910 999 2027 »temam
1018 1901 1209 1964 legatis,
1228 1902 1350 1965 quod
1370 1916 1461 1952 nou
1481 1901 1688 1952 abscisse
1707 1902 1976 1965 responderi
1988 1901 2219 1967 potuerit,
2243 1900 2531 1966 Tarquinios
2550 1915 2651 1948 m
2670 1900 2759 1947 ud-

582 2053 591 2062 ·
617 2030 639 2057 ⁸
667 2024 856 2078 Solicitt'
875 2029 1158 2081 haberenttu·
1178 2031 1414 2095 utriunque
1431 2030 1600 2081 animi.

1469 2173 1561 2195 m

1765 2175 1827 2195 θ,

553 2271 766 2336 Doujat.
787 2272 1144 2326 creden—12
1177 2274 1349 2326 ‘Add.
1381 2277 1575 2327 tertium
1598 2276 1733 2328 Edd.
1756 2276 1821 2327 ab
1843 2276 1965 2328 And.
1989 2277 2053 2328 ad
2081 2278 2243 2329 Drak.
2273 2276 2475 2340 Supina
2511 2274 2763 2327 librario·

550 2350 664 2386 rum
687 2338 1007 2403 negligentia
1027 2355 1126 2390 nna
1149 2341 1303 2405 linea,
1326 2350 1376 2392 at
1414 2358 1485 2392 ue
1515 2344 1568 2392 in
1593 2355 1664 2392 ‘ea
1699 2344 1963 2393 consulum
1997 2344 2147 2394 unius
2169 2343 2288 2393 anni
2312 2343 2525 2392 nomina
2557 2343 2762 2391 omissa

551 2408 690 2454 sunt.
753 2404 1090 2455 scribendum
1115 2420 1248 2474 esse,
1269 2408 1348 2458 M.
1429 2410 1607 2458 oratius
1627 2414 1674 2458 et
1698 2409 1763 2458 P.
1790 2409 2005 2460 Valerius
2026 2410 2292 2471 Publicola,
2310 2411 2421 2458 inde
2439 2407 2528 2472 Sp.
2550 2407 2765 2457 Lartius

549 2475 600 2544 eq
624 2469 679 2518 Τ.
703 2468 983 2522 Herminius
1002 2473 1208 2524 consules
1234 2475 1382 2534 sacti,
1406 2476 1575 2524 omnia
1599 2476 1837 2530 clamant,
1860 2484 1914 2525 et
1937 2475 2050 2541 ipsa
2073 2475 2293 2526 obscura
2323 2476 2377 2524 in
2412 2474 2567 2524 codd.
2592 2475 2763 2523 vesti-

588 2548 637 2582 ta
663 2534 909 2596 iudicant,
932 2538 1026 2587 nisi
1050 2537 1187 2603 quod
1212 2539 1264 2588 in
1287 2540 1520 2589 omnibus
1556 2540 1759 2590 Horatii
1795 2554 1978 2590 nomen
2007 2540 2282 2591 omissum.'
2316 2539 2505 2590 Stroth,
2573 2538 2671 2588 Its
2706 2549 2764 2589 et

601 2607 773 2662 npert.
796 2600 915 2649 Vid.
939 2603 1065 2655 Not.
1089 2603 1343 2654 Van—13
1376 2605 1672 2666 Legendum
1695 2613 1870 2656 mouet
1891 2606 2115 2670 Rupert.
2164 2607 2277 2656 Non
2297 2607 2400 2654 ideo
2419 2604 2577 2669 potius
2596 2606 2764 2654 delec-

548 2669 625 2713 tos
645 2665 851 2715 Patr-um
871 2669 932 2715 ad
953 2683 1056 2717 eum
1089 2671 1271 2732 missos,
1291 2685 1429 2734 quam
1461 2672 1636 2732 legatis
1655 2670 1756 2733 dus
1783 2672 1945 2721 Romoe
1964 2672 2128 2721 Mum
2145 2686 2433 2734 responsum,
2454 2672 2569 2732 quin
2592 2669 2764 2719 breci-

548 2734 624 2777 εσυ·
641 2731 777 2779 reddi
810 2746 1078 2795 responsum
1109 2736 1337 2798 potuer-it,
1371 2751 1466 2785 non
1496 2737 1645 2800 recipi
1673 2750 1829 2799 reges,
1858 2737 1942 2786 sed
1971 2741 2045 2799 ut,
2073 2738 2155 2799 «γε.
2220 2739 2237 2765 ⁴
2253 2737 2526 2786 Particula
2541 2736 2634 2783 sed
2660 2737 2761 2785 boc

548 2793 665 2845 loco
701 2797 869 2859 posits
907 2812 1108 2849 omnem
1141 2800 1390 2852 orationis
1425 2816 1610 2852 nexum
1647 2802 1802 2866 plane
1837 2802 2031 2868 turbat,
2053 2816 2204 2868 quam
2224 2800 2431 2868 quidem
2463 2801 2518 2873 si⁸
2544 2814 2620 2851 ex
2656 2803 2761 2851 bac

1534 2951 1756 3004 NOTAE

546 3044 669 3089 sunt
690 3040 826 3090 enim
849 3042 987 3105 apud
1012 3044 1392 3111 cassiodorum,
1409 3049 1495 3115 qui
1521 3056 1598 3100 ta·
1679 3050 1907 3115 gentiam
1928 3070 1944 3114 3
1975 3049 2112 3116 quod
2136 3050 2181 3100 si
2206 3049 2450 3112 Dionysio
2466 3048 2763 3113 credimus,

546 3113 695 3202 bulas
731 3129 848 3165 suas
883 3121 1175 3172 consulares
1206 3138 1274 3174 ex
1306 3126 1453 3176 Livio
1475 3142 1600 3178 con·
1676 3125 1743 3175 ad
1780 3125 1935 3176 alium
1965 3140 2152 3193 annum
2187 3125 2425 3176 retulerit
2456 3132 2613 3188 gesta
2644 3127 2760 3190 eju·

547 3204 750 3242 crnasse
771 3199 1000 3255 putatur.
1678 3203 1819 3265 anni,
1857 3203 2003 3267 cujus
2045 3202 2283 3252 consules
2328 3203 2517 3251 omisit.
2605 3202 2758 3252 Nn-

613 3267 680 3318 P.
699 3268 952 3320 Lucretium
967 3272 1100 3338 inde]
1145 3275 1208 3325 Ρ.
1228 3278 1434 3330 Valerio
1455 3281 1598 3331 Pub-

544 3344 714 3396 licolae
739 3359 829 3399 m.
863 3350 1060 3399 consuli
1082 3353 1332 3417 collegam
1356 3357 1447 3406 dat
1470 3356 1603 3408 Dio-

544 3423 719 3487 nysius
741 3425 776 3474 1.
798 3437 852 3474 v.
874 3439 922 3475 c.
957 3431 1039 3477 21.
1078 3430 1154 3479 Μ.
1190 3430 1465 3483 Horatium
1504 3435 1601 3484 ite·

541 3513 655 3549 rum
694 3503 976 3555 consulem.
1041 3505 1130 3557 Sic
1168 3516 1224 3558 et
1266 3509 1602 3562 Cassiodorus

541 3576 595 3625 in
619 3579 884 3628 consulum
920 3580 1197 3646 Catalogo,
1228 3592 1287 3635 ut
1319 3593 1374 3635 et
1406 3587 1601 3636 Maria-

541 3666 638 3701 nus
680 3653 881 3721 scotus,
930 3657 1139 3722 aliique,
1193 3667 1252 3710 ut
1305 3660 1601 3712 observavit

543 3729 832 3793 Stephanus
855 3730 1089 3796 Pighius,
1112 3735 1163 3783 in
1192 3733 1382 3785 Annal.
1408 3737 1596 3786 Roma-

542 3818 757 3867 norum3
791 3807 878 3857 ubi
910 3808 1058 3859 Livio
1079 3810 1183 3874 hic,
1216 3812 1363 3875 quasi
1392 3813 1596 3878 mutilo,

541 3879 696 3930 fidem
732 3883 1021 3936 habendam
1055 3894 1229 3950 negat.
1293 3888 1372 3938 Ac
1394 3901 1519 3937 sane
1539 3888 1595 3939 J.

544 3955 609 4006 P.
632 3955 924 4009 Gronovius
942 3975 1009 4010 ex
1042 3962 1309 4012 codicibus
1339 3963 1598 4013 mendosis

541 4031 718 4081 nescio
754 4047 868 4097 quoe
909 4037 1127 4102 vestigia
1156 4038 1297 4103 paris
1329 4041 1597 4105 sequentis

482 4122 491 4130 ⁸
541 4108 810 4159 consulum
863 4111 1077 4175 profert.
1141 4116 1267 4179 Sed,
1306 4124 1365 4167 ut
1418 4130 1596 4166 verum

544 4183 735 4247 dicam,
756 4199 859 4235 non
883 4186 1227 4241 [aibr-ariorum
1248 4193 1340 4243 sad
1366 4193 1500 4243 Livii
1521 4193 1600 4258 ip·

543 4261 647 4314 rius
669 4262 755 4314 bic
778 4261 1002 4329 aliquam
1022 4262 1257 4333 suspicor
1287 4283 1404 4322 esse
1432 4271 1599 4339 negli-

1679 3294 1836 3344 auno,
1853 3282 1939 3346 qui
1965 3281 2177 3332 tertium
2200 3281 2522 3330 consulatum
2541 3279 2630 3329 M.
2656 3281 2760 3329 Vs-

1682 3358 1802 3409 lerii
1848 3367 2059 3409 secutus
2088 3365 2187 3413 est,
2223 3358 2417 3419 Aruns,
2454 3357 2759 3406 Porsenna

1681 3435 1841 3500 filius,
1865 3437 2095 3487 Ariciam
2118 3436 2194 3485 'ab
2227 3434 2577 3485 antecedente
2610 3447 2758 3483 anno

1682 3512 1947 3574 obsidens,
1967 3527 1997 3562 a
2031 3512 2275 3562 Cumanis
2311 3511 2480 3560 victus
2512 3516 2568 3559 et
2609 3511 2757 3560 occi·

1681 3601 1769 3637 sus
1790 3595 1891 3651 est,
1925 3595 1985 3639 ut
2021 3587 2179 3638 habet
2213 3585 2492 3650 Dionysius
2523 3585 2557 3633 1.
2596 3599 2663 3635 v.
2703 3601 2756 3636 c.

1639 3716 1646 3721 ,
1680 3669 1762 3715 86.
1821 3665 2022 3730 ‘Itaque
2044 3664 2235 3714 millam
2259 3658 2498 3713 lacunam
2515 3662 2608 3712 hic
2632 3677 2757 3713 csse

1681 3742 1926 3804 putarim.
1995 3741 2207 3790 Interes
2229 3752 2296 3789 ne
2319 3738 2561 3788 turbetur
2579 3737 2755 3789 Chro-

1677 3817 1884 3880 nologia
1914 3815 2213 3881 supplendi,
2242 3822 2366 3879 post
2385 3815 2453 3864 Ρ.
2496 3813 2756 3864 Valeria-

1676 3899 1733 3942 et
1755 3893 1831 3941 M.
1855 3893 2140 3952 Horatium,
2160 3891 2398 3940 consules
2429 3890 2519 3953 Sp,
2541 3890 2756 3940 Lartius

1675 3974 1732 4019 et
1791 3969 1848 4020 T.
1890 3968 2192 4025 Herminius,
2234 3966 2323 4031 qui
2378 3968 2751 4030 magistratum

1675 4053 1946 4108 gesserunt
1967 4060 2099 4095 anno
2120 4058 2241 4094 oerae
2263 4044 2455 4095 Caton.
2477 4049 2598 4095 2⁴8.
2619 4055 2752 4095 unte

1677 4120 1940 4172 Christum
1961 4126 2076 4172 504.
2106 4123 2161 4173 J.
2186 4120 2415 4172 Clericus.

1738 4205 1764 4232 θ
1796 4199 1912 4249 Nou
1929 4199 1983 4249 in
2010 4198 2183 4261 regno]
2230 4196 2333 4247 Hae
2361 4205 2489 4248 suut
2510 4198 2749 4252 nunne-

1680 4287 1713 4325 ι
1749 4273 2082 4327 Senatoribus
2119 4274 2361 4328 adducta
2385 4284 2505 4326 ‘cur
2542 4289 2748 4341 negare
