<?xml version="1.0" encoding="UTF-8"?>
<!DOCTYPE html PUBLIC "-//W3C//DTD XHTML 1.0 Transitional//EN"
    "http://www.w3.org/TR/xhtml1/DTD/xhtml1-transitional.dtd">
<html xmlns="http://www.w3.org/1999/xhtml" xml:lang="en" lang="en">
 <head>
  <title>
</title>
<meta http-equiv="Content-Type" content="text/html;charset=utf-8" />
  <meta name='ocr-system' content='tesseract 3.04.00' />
  <meta name='ocr-capabilities' content='ocr_page ocr_carea ocr_par ocr_line ocrx_word'/>
</head>
<body>
  <div class='ocr_page' id='page_1' title='image "./tliviipatavinih23unkngoog_0601.png"; bbox 0 0 3034 4925; ppageno 0'>
   <div class='ocr_carea' id='block_1_1' title="bbox 1094 409 1773 485">
    <p class='ocr_par' dir='ltr' id='par_1_1' title="bbox 1094 409 1773 485">
     <span class='ocr_line' id='line_1_1' title="bbox 1094 409 1773 485; baseline 0.009 -11"><span class='ocrx_word' id='word_1_1' title='bbox 1094 424 1239 474; x_wconf 75' lang='lat' dir='ltr'>mu.</span> <span class='ocrx_word' id='word_1_2' title='bbox 1288 422 1369 474; x_wconf 85' lang='grc' dir='ltr'>ιι.</span> <span class='ocrx_word' id='word_1_3' title='bbox 1411 422 1580 475; x_wconf 65' lang='lat' dir='ltr'>ear».</span> <span class='ocrx_word' id='word_1_4' title='bbox 1625 409 1773 485; x_wconf 47' lang='grc' dir='ltr'>51η,</span> 
     </span>
    </p>
   </div>
   <div class='ocr_carea' id='block_1_2' title="bbox 2361 409 2492 476">
    <p class='ocr_par' dir='ltr' id='par_1_2' title="bbox 2361 409 2492 476">
     <span class='ocr_line' id='line_1_2' title="bbox 2361 409 2492 476; baseline 0.015 -2"><span class='ocrx_word' id='word_1_5' title='bbox 2361 409 2492 476; x_wconf 82' lang='grc'>493</span> 
     </span>
    </p>
   </div>
   <div class='ocr_carea' id='block_1_3' title="bbox 255 577 2491 665">
    <p class='ocr_par' dir='ltr' id='par_1_3' title="bbox 255 577 2491 665">
     <span class='ocr_line' id='line_1_3' title="bbox 255 577 2491 665; baseline 0 -20"><span class='ocrx_word' id='word_1_6' title='bbox 255 580 339 645; x_wconf 82' lang='lat' dir='ltr'>et</span> <span class='ocrx_word' id='word_1_7' title='bbox 370 579 560 646; x_wconf 84' lang='lat' dir='ltr'>velut</span> <span class='ocrx_word' id='word_1_8' title='bbox 589 580 677 646; x_wconf 88' lang='lat' dir='ltr'>ab</span> <span class='ocrx_word' id='word_1_9' title='bbox 708 599 867 647; x_wconf 89' lang='lat' dir='ltr'>arce</span> <span class='ocrx_word' id='word_1_10' title='bbox 894 578 1193 646; x_wconf 79' lang='lat' dir='ltr'>Janiculi</span> <span class='ocrx_word' id='word_1_11' title='bbox 1220 579 1480 665; x_wconf 84' lang='lat' dir='ltr'>passim</span> <span class='ocrx_word' id='word_1_12' title='bbox 1507 580 1577 645; x_wconf 89' lang='lat' dir='ltr'>in</span> <span class='ocrx_word' id='word_1_13' title='bbox 1613 577 1989 644; x_wconf 87' lang='lat' dir='ltr'>Romanum</span> <span class='ocrx_word' id='word_1_14' title='bbox 2021 595 2249 662; x_wconf 83' lang='lat' dir='ltr'>agrum</span> <span class='ocrx_word' id='word_1_15' title='bbox 2277 579 2491 665; x_wconf 87' lang='lat' dir='ltr'>impe-</span> 
     </span>
    </p>
   </div>
   <div class='ocr_carea' id='block_1_4' title="bbox 262 684 692 751">
    <p class='ocr_par' dir='ltr' id='par_1_4' title="bbox 262 684 692 751">
     <span class='ocr_line' id='line_1_4' title="bbox 262 684 692 751; baseline 0.009 -5"><span class='ocrx_word' id='word_1_16' title='bbox 262 688 391 747; x_wconf 82' lang='lat' dir='ltr'>tus</span> <span class='ocrx_word' id='word_1_17' title='bbox 418 684 692 751; x_wconf 86' lang='lat' dir='ltr'>dabant.</span> 
     </span>
    </p>
   </div>
   <div class='ocr_carea' id='block_1_5' title="bbox 784 682 2490 769">
    <p class='ocr_par' dir='ltr' id='par_1_5' title="bbox 784 682 2490 769">
     <span class='ocr_line' id='line_1_5' title="bbox 784 682 2490 769; baseline 0.002 -21"><span class='ocrx_word' id='word_1_18' title='bbox 784 682 941 749; x_wconf 93' lang='lat' dir='ltr'>Non</span> <span class='ocrx_word' id='word_1_19' title='bbox 983 703 1276 768; x_wconf 87' lang='lat' dir='ltr'>usquam</span> <span class='ocrx_word' id='word_1_20' title='bbox 1307 702 1557 769; x_wconf 85' lang='lat' dir='ltr'>pecora</span> <span class='ocrx_word' id='word_1_21' title='bbox 1585 688 1758 761; x_wconf 83' lang='lat' dir='ltr'>tuta,</span> <span class='ocrx_word' id='word_1_22' title='bbox 1787 701 1917 748; x_wconf 90' lang='lat' dir='ltr'>non</span> <span class='ocrx_word' id='word_1_23' title='bbox 1951 691 2252 766; x_wconf 78' lang='lat' dir='ltr'>agrestes</span> <span class='ocrx_word' id='word_1_24' title='bbox 2282 690 2490 751; x_wconf 68' lang='lat' dir='ltr'>erant.</span> 
     </span>
    </p>
   </div>
   <div class='ocr_carea' id='block_1_6' title="bbox 263 783 2495 1906">
    <p class='ocr_par' dir='ltr' id='par_1_6' title="bbox 263 783 2495 1906">
     <span class='ocr_line' id='line_1_6' title="bbox 265 783 2492 870; baseline 0.001 -21"><span class='ocrx_word' id='word_1_25' title='bbox 265 783 486 870; x_wconf 79' lang='lat' dir='ltr'>Capti</span> <span class='ocrx_word' id='word_1_26' title='bbox 529 785 774 852; x_wconf 88' lang='lat' dir='ltr'>deinde</span> <span class='ocrx_word' id='word_1_27' title='bbox 818 787 1055 855; x_wconf 88' lang='lat' dir='ltr'>eadem</span> <span class='ocrx_word' id='word_1_28' title='bbox 1097 792 1238 853; x_wconf 85' lang='lat' dir='ltr'>arte</span> <span class='ocrx_word' id='word_1_29' title='bbox 1268 792 1451 865; x_wconf 89' lang='lat' dir='ltr'>sunt,</span> <span class='ocrx_word' id='word_1_30' title='bbox 1486 805 1629 870; x_wconf 89' lang='lat' dir='ltr'>qua</span> <span class='ocrx_word' id='word_1_31' title='bbox 1657 793 1972 870; x_wconf 78' lang='lat' dir='ltr'><strong>ceperant</strong></span> <span class='ocrx_word' id='word_1_32' title='bbox 2003 786 2280 851; x_wconf 84' lang='lat' dir='ltr'>Fabios.</span> <span class='ocrx_word' id='word_1_33' title='bbox 2368 786 2492 851; x_wconf 85' lang='lat' dir='ltr'>Se-</span> 
     </span>
     <span class='ocr_line' id='line_1_7' title="bbox 268 888 2492 987; baseline 0.001 -35"><span class='ocrx_word' id='word_1_34' title='bbox 268 891 430 954; x_wconf 85' lang='lat' dir='ltr'>cuti</span> <span class='ocrx_word' id='word_1_35' title='bbox 474 889 702 956; x_wconf 86' lang='lat' dir='ltr'>dedita</span> <span class='ocrx_word' id='word_1_36' title='bbox 749 909 959 973; x_wconf 85' lang='lat' dir='ltr'>opera</span> <span class='ocrx_word' id='word_1_37' title='bbox 1007 891 1262 976; x_wconf 85' lang='lat' dir='ltr'>passim</span> <span class='ocrx_word' id='word_1_38' title='bbox 1307 890 1397 956; x_wconf 81' lang='lat' dir='ltr'>ad</span> <span class='ocrx_word' id='word_1_39' title='bbox 1441 888 1801 956; x_wconf 83' lang='lat' dir='ltr'>illecebras</span> <span class='ocrx_word' id='word_1_40' title='bbox 1853 890 2174 975; x_wconf 87' lang='lat' dir='ltr'>propulsa</span> <span class='ocrx_word' id='word_1_41' title='bbox 2228 908 2492 987; x_wconf 66' lang='lat' dir='ltr'>pecora,</span> 
     </span>
     <span class='ocr_line' id='line_1_8' title="bbox 263 990 2492 1080; baseline 0 -25"><span class='ocrx_word' id='word_1_42' title='bbox 263 993 788 1076; x_wconf 63' lang='lat' dir='ltr'>praecipitavere</span> <span class='ocrx_word' id='word_1_43' title='bbox 816 994 887 1059; x_wconf 91' lang='lat' dir='ltr'>in</span> <span class='ocrx_word' id='word_1_44' title='bbox 928 994 1236 1060; x_wconf 78' lang='lat' dir='ltr'>insidiaS.</span> <span class='ocrx_word' id='word_1_45' title='bbox 1326 993 1487 1074; x_wconf 83' lang='lat' dir='ltr'>Quo</span> <span class='ocrx_word' id='word_1_46' title='bbox 1512 994 1744 1080; x_wconf 88' lang='lat' dir='ltr'>plures</span> <span class='ocrx_word' id='word_1_47' title='bbox 1774 1001 1980 1070; x_wconf 86' lang='lat' dir='ltr'>erant,</span> <span class='ocrx_word' id='word_1_48' title='bbox 2012 991 2231 1077; x_wconf 84' lang='lat' dir='ltr'>major</span> <span class='ocrx_word' id='word_1_49' title='bbox 2258 990 2492 1058; x_wconf 83' lang='lat' dir='ltr'>caedes</span> 
     </span>
     <span class='ocr_line' id='line_1_9' title="bbox 265 1092 2490 1182; baseline 0.001 -24"><span class='ocrx_word' id='word_1_50' title='bbox 265 1094 430 1158; x_wconf 86' lang='lat' dir='ltr'>fuit.</span> <span class='ocrx_word' id='word_1_51' title='bbox 520 1092 628 1159; x_wconf 84' lang='lat' dir='ltr'>Ex</span> <span class='ocrx_word' id='word_1_52' title='bbox 668 1096 797 1162; x_wconf 86' lang='lat' dir='ltr'>hae</span> <span class='ocrx_word' id='word_1_53' title='bbox 840 1096 1031 1163; x_wconf 87' lang='lat' dir='ltr'>clade</span> <span class='ocrx_word' id='word_1_54' title='bbox 1072 1107 1272 1164; x_wconf 84' lang='lat' dir='ltr'>atrox</span> <span class='ocrx_word' id='word_1_55' title='bbox 1312 1098 1414 1164; x_wconf 85' lang='lat' dir='ltr'>ira</span> <span class='ocrx_word' id='word_1_56' title='bbox 1457 1097 1740 1182; x_wconf 85' lang='lat' dir='ltr'>majoris</span> <span class='ocrx_word' id='word_1_57' title='bbox 1784 1094 2003 1161; x_wconf 87' lang='lat' dir='ltr'>cladis</span> <span class='ocrx_word' id='word_1_58' title='bbox 2041 1112 2254 1161; x_wconf 84' lang='lat' dir='ltr'>causa</span> <span class='ocrx_word' id='word_1_59' title='bbox 2284 1102 2490 1178; x_wconf 86' lang='lat' dir='ltr'>atque</span> 
     </span>
     <span class='ocr_line' id='line_1_10' title="bbox 269 1194 2493 1284; baseline 0.003 -27"><span class='ocrx_word' id='word_1_60' title='bbox 269 1194 547 1260; x_wconf 88' lang='lat' dir='ltr'>initium</span> <span class='ocrx_word' id='word_1_61' title='bbox 588 1196 739 1263; x_wconf 81' lang='lat' dir='ltr'>fuit.</span> <span class='ocrx_word' id='word_1_62' title='bbox 827 1198 1141 1284; x_wconf 85' lang='lat' dir='ltr'>Trajeeto</span> <span class='ocrx_word' id='word_1_63' title='bbox 1185 1200 1361 1266; x_wconf 89' lang='lat' dir='ltr'>enim</span> <span class='ocrx_word' id='word_1_64' title='bbox 1408 1207 1604 1266; x_wconf 87' lang='lat' dir='ltr'>nocte</span> <span class='ocrx_word' id='word_1_65' title='bbox 1654 1199 1909 1278; x_wconf 79' lang='lat' dir='ltr'><strong>Tiberi,</strong></span> <span class='ocrx_word' id='word_1_66' title='bbox 1953 1204 2179 1264; x_wconf 85' lang='lat' dir='ltr'>castra</span> <span class='ocrx_word' id='word_1_67' title='bbox 2220 1197 2493 1264; x_wconf 88' lang='lat' dir='ltr'>Servilii</span> 
     </span>
     <span class='ocr_line' id='line_1_11' title="bbox 273 1298 2494 1389; baseline 0.002 -29"><span class='ocrx_word' id='word_1_68' title='bbox 273 1298 585 1363; x_wconf 83' lang='lat' dir='ltr'>consulis</span> <span class='ocrx_word' id='word_1_69' title='bbox 629 1298 858 1385; x_wconf 34' lang='lat' dir='ltr'>adorti,</span> <span class='ocrx_word' id='word_1_70' title='bbox 873 1308 1033 1367; x_wconf 86' lang='lat' dir='ltr'>sunt</span> <span class='ocrx_word' id='word_1_71' title='bbox 1060 1322 1469 1389; x_wconf 78' lang='lat' dir='ltr'><strong>oppugnare.</strong></span> <span class='ocrx_word' id='word_1_72' title='bbox 1556 1301 1728 1369; x_wconf 90' lang='lat' dir='ltr'>Inde</span> <span class='ocrx_word' id='word_1_73' title='bbox 1753 1302 1887 1367; x_wconf 84' lang='lat' dir='ltr'>susi</span> <span class='ocrx_word' id='word_1_74' title='bbox 1916 1321 2163 1385; x_wconf 84' lang='lat' dir='ltr'>magna</span> <span class='ocrx_word' id='word_1_75' title='bbox 2188 1300 2378 1367; x_wconf 71' lang='lat' dir='ltr'>caede</span> <span class='ocrx_word' id='word_1_76' title='bbox 2421 1301 2494 1365; x_wconf 91' lang='lat' dir='ltr'>in</span> 
     </span>
     <span class='ocr_line' id='line_1_12' title="bbox 271 1399 2492 1490; baseline 0.002 -26"><span class='ocrx_word' id='word_1_77' title='bbox 271 1399 664 1467; x_wconf 79' lang='lat' dir='ltr'>Janiculum</span> <span class='ocrx_word' id='word_1_78' title='bbox 711 1423 786 1468; x_wconf 88' lang='lat' dir='ltr'>se</span> <span class='ocrx_word' id='word_1_79' title='bbox 831 1424 1004 1488; x_wconf 82' lang='lat' dir='ltr'>aegre</span> <span class='ocrx_word' id='word_1_80' title='bbox 1047 1413 1430 1490; x_wconf 78' lang='lat' dir='ltr'>recepere.¹⁵</span> <span class='ocrx_word' id='word_1_81' title='bbox 1520 1405 1889 1473; x_wconf 83' lang='lat' dir='ltr'>Confestim</span> <span class='ocrx_word' id='word_1_82' title='bbox 1938 1404 2179 1470; x_wconf 85' lang='lat' dir='ltr'>consul</span> <span class='ocrx_word' id='word_1_83' title='bbox 2225 1408 2296 1469; x_wconf 89' lang='lat' dir='ltr'>et</span> <span class='ocrx_word' id='word_1_84' title='bbox 2341 1402 2492 1488; x_wconf 85' lang='lat' dir='ltr'>ipse</span> 
     </span>
     <span class='ocr_line' id='line_1_13' title="bbox 272 1505 2491 1588; baseline 0.002 -22"><span class='ocrx_word' id='word_1_85' title='bbox 272 1506 531 1568; x_wconf 81' lang='lat' dir='ltr'>transit</span> <span class='ocrx_word' id='word_1_86' title='bbox 572 1505 891 1588; x_wconf 85' lang='lat' dir='ltr'>Tiberim,</span> <span class='ocrx_word' id='word_1_87' title='bbox 929 1517 1155 1575; x_wconf 85' lang='lat' dir='ltr'>castra</span> <span class='ocrx_word' id='word_1_88' title='bbox 1191 1509 1319 1574; x_wconf 86' lang='lat' dir='ltr'>sub</span> <span class='ocrx_word' id='word_1_89' title='bbox 1357 1508 1681 1576; x_wconf 78' lang='lat' dir='ltr'>Janiculo</span> <span class='ocrx_word' id='word_1_90' title='bbox 1720 1508 2113 1575; x_wconf 81' lang='lat' dir='ltr'>communit.</span> <span class='ocrx_word' id='word_1_91' title='bbox 2201 1505 2491 1572; x_wconf 87' lang='lat' dir='ltr'>Postero</span> 
     </span>
     <span class='ocr_line' id='line_1_14' title="bbox 277 1606 2493 1696; baseline 0.008 -26"><span class='ocrx_word' id='word_1_92' title='bbox 277 1606 420 1685; x_wconf 89' lang='lat' dir='ltr'>die,</span> <span class='ocrx_word' id='word_1_93' title='bbox 450 1608 602 1673; x_wconf 89' lang='lat' dir='ltr'>luce</span> <span class='ocrx_word' id='word_1_94' title='bbox 647 1615 816 1690; x_wconf 84' lang='lat' dir='ltr'>orta,</span> <span class='ocrx_word' id='word_1_95' title='bbox 842 1613 1136 1678; x_wconf 88' lang='lat' dir='ltr'>nonnihil</span> <span class='ocrx_word' id='word_1_96' title='bbox 1180 1617 1247 1678; x_wconf 90' lang='lat' dir='ltr'>et</span> <span class='ocrx_word' id='word_1_97' title='bbox 1287 1613 1599 1681; x_wconf 84' lang='lat' dir='ltr'>hesterna</span> <span class='ocrx_word' id='word_1_98' title='bbox 1640 1611 1968 1681; x_wconf 84' lang='lat' dir='ltr'>felicitate</span> <span class='ocrx_word' id='word_1_99' title='bbox 1997 1629 2246 1696; x_wconf 74' lang='lat' dir='ltr'>pugnae</span> <span class='ocrx_word' id='word_1_100' title='bbox 2273 1609 2493 1688; x_wconf 72' lang='lat' dir='ltr'>ferox»</span> 
     </span>
     <span class='ocr_line' id='line_1_15' title="bbox 277 1710 2495 1801; baseline 0.001 -28"><span class='ocrx_word' id='word_1_101' title='bbox 277 1711 497 1793; x_wconf 82' lang='lat' dir='ltr'>magis</span> <span class='ocrx_word' id='word_1_102' title='bbox 538 1718 778 1791; x_wconf 88' lang='lat' dir='ltr'>tamen,</span> <span class='ocrx_word' id='word_1_103' title='bbox 817 1715 1002 1799; x_wconf 88' lang='lat' dir='ltr'>quod</span> <span class='ocrx_word' id='word_1_104' title='bbox 1042 1715 1284 1801; x_wconf 87' lang='lat' dir='ltr'>inopia</span> <span class='ocrx_word' id='word_1_105' title='bbox 1318 1712 1683 1795; x_wconf 62' lang='lat' dir='ltr'>frumenti,lx</span> <span class='ocrx_word' id='word_1_106' title='bbox 1723 1715 2036 1801; x_wconf 84' lang='lat' dir='ltr'>quamvis</span> <span class='ocrx_word' id='word_1_107' title='bbox 2079 1714 2149 1777; x_wconf 92' lang='lat' dir='ltr'>in</span> <span class='ocrx_word' id='word_1_108' title='bbox 2182 1710 2495 1796; x_wconf 76' lang='lat' dir='ltr'>proecipi-</span> 
     </span>
     <span class='ocr_line' id='line_1_16' title="bbox 279 1811 2495 1906; baseline 0.002 -31"><span class='ocrx_word' id='word_1_109' title='bbox 279 1811 466 1890; x_wconf 85' lang='lat' dir='ltr'>tia‚¹⁶</span> <span class='ocrx_word' id='word_1_110' title='bbox 493 1812 651 1881; x_wconf 89' lang='lat' dir='ltr'>dum</span> <span class='ocrx_word' id='word_1_111' title='bbox 683 1818 997 1885; x_wconf 78' lang='lat' dir='ltr'>celeriora</span> <span class='ocrx_word' id='word_1_112' title='bbox 1023 1815 1293 1900; x_wconf 87' lang='lat' dir='ltr'>essent,¹</span> <span class='ocrx_word' id='word_1_113' title='bbox 1322 1822 1565 1906; x_wconf 83' lang='lat' dir='ltr'>agebat</span> <span class='ocrx_word' id='word_1_114' title='bbox 1593 1818 1901 1898; x_wconf 85' lang='lat' dir='ltr'>consilia,</span> <span class='ocrx_word' id='word_1_115' title='bbox 1929 1825 2176 1891; x_wconf 87' lang='lat' dir='ltr'>temere</span> <span class='ocrx_word' id='word_1_116' title='bbox 2206 1815 2495 1883; x_wconf 84' lang='lat' dir='ltr'>adverso</span> 
     </span>
    </p>
   </div>
   <div class='ocr_carea' id='block_1_7' title="bbox 1211 2036 1580 2058">
    <p class='ocr_par' dir='ltr' id='par_1_7' title="bbox 1211 2036 1580 2058">
     <span class='ocr_line' id='line_1_17' title="bbox 1211 2036 1580 2058; baseline -0.003 0"><span class='ocrx_word' id='word_1_117' title='bbox 1211 2036 1580 2058; x_wconf 52' lang='lat' dir='ltr'>nomme„</span> 
     </span>
    </p>
   </div>
   <div class='ocr_carea' id='block_1_8' title="bbox 278 2146 2497 2236">
    <p class='ocr_par' dir='ltr' id='par_1_8' title="bbox 278 2146 2497 2236">
     <span class='ocr_line' id='line_1_18' title="bbox 278 2146 2497 2236; baseline -0.005 -23"><span class='ocrx_word' id='word_1_118' title='bbox 278 2166 503 2227; x_wconf 70' lang='lat' dir='ltr'>proxima</span> <span class='ocrx_word' id='word_1_119' title='bbox 533 2175 840 2232; x_wconf 63' lang='lat' dir='ltr'>pagam—15</span> <span class='ocrx_word' id='word_1_120' title='bbox 877 2170 1111 2222; x_wconf 77' lang='lat' dir='ltr'>Gronov.</span> <span class='ocrx_word' id='word_1_121' title='bbox 1135 2171 1352 2236; x_wconf 84' lang='lat' dir='ltr'>Doujat.</span> <span class='ocrx_word' id='word_1_122' title='bbox 1384 2168 1620 2222; x_wconf 81' lang='lat' dir='ltr'>Crevier.</span> <span class='ocrx_word' id='word_1_123' title='bbox 1655 2167 2080 2232; x_wconf 53' lang='lat' dir='ltr'>receperam—16</span> <span class='ocrx_word' id='word_1_124' title='bbox 2110 2159 2234 2214; x_wconf 81' lang='lat' dir='ltr'>vid.</span> <span class='ocrx_word' id='word_1_125' title='bbox 2256 2159 2381 2225; x_wconf 78' lang='lat' dir='ltr'>Not·</span> <span class='ocrx_word' id='word_1_126' title='bbox 2403 2146 2497 2207; x_wconf 56' lang='lat' dir='ltr'>int*-</span> 
     </span>
    </p>
   </div>
   <div class='ocr_carea' id='block_1_9' title="bbox 1281 2351 1613 2404">
    <p class='ocr_par' dir='ltr' id='par_1_9' title="bbox 1281 2351 1613 2404">
     <span class='ocr_line' id='line_1_19' title="bbox 1281 2351 1613 2404; baseline -0.003 0"><span class='ocrx_word' id='word_1_127' title='bbox 1281 2351 1503 2404; x_wconf 79' lang='lat' dir='ltr'>NOTAE</span> <span class='ocrx_word' id='word_1_128' title='bbox 1603 2380 1613 2385; x_wconf 89' lang='lat'><em>-</em></span> 
     </span>
    </p>
   </div>
   <div class='ocr_carea' id='block_1_10' title="bbox 279 2464 1355 4376">
    <p class='ocr_par' dir='ltr' id='par_1_10' title="bbox 279 2464 1354 2975">
     <span class='ocr_line' id='line_1_20' title="bbox 279 2464 1347 2529; baseline 0.008 -19"><span class='ocrx_word' id='word_1_129' title='bbox 279 2464 535 2529; x_wconf 68' lang='lat' dir='ltr'>proxime.</span> <span class='ocrx_word' id='word_1_130' title='bbox 590 2465 664 2516; x_wconf 80' lang='lat' dir='ltr'>At</span> <span class='ocrx_word' id='word_1_131' title='bbox 681 2466 916 2518; x_wconf 79' lang='lat' dir='ltr'>Gronov.</span> <span class='ocrx_word' id='word_1_132' title='bbox 935 2467 1017 2518; x_wconf 85' lang='lat' dir='ltr'>eui</span> <span class='ocrx_word' id='word_1_133' title='bbox 1041 2468 1210 2520; x_wconf 87' lang='lat' dir='ltr'>libens</span> <span class='ocrx_word' id='word_1_134' title='bbox 1230 2468 1347 2519; x_wconf 87' lang='lat' dir='ltr'>snb·</span> 
     </span>
     <span class='ocr_line' id='line_1_21' title="bbox 283 2544 1354 2612; baseline 0.008 -20"><span class='ocrx_word' id='word_1_135' title='bbox 283 2544 478 2607; x_wconf 81' lang='lat' dir='ltr'>scribo,</span> <span class='ocrx_word' id='word_1_136' title='bbox 505 2551 613 2609; x_wconf 80' lang='lat' dir='ltr'>post</span> <span class='ocrx_word' id='word_1_137' title='bbox 652 2552 889 2611; x_wconf 73' lang='lat' dir='ltr'>acceptam</span> <span class='ocrx_word' id='word_1_138' title='bbox 938 2548 1160 2612; x_wconf 70' lang='lat' dir='ltr'>proxima</span> <span class='ocrx_word' id='word_1_139' title='bbox 1185 2561 1354 2612; x_wconf 68' lang='lat' dir='ltr'>pugna</span> 
     </span>
     <span class='ocr_line' id='line_1_22' title="bbox 286 2622 1350 2691; baseline 0.006 -22"><span class='ocrx_word' id='word_1_140' title='bbox 286 2622 481 2672; x_wconf 77' lang='lat' dir='ltr'>cladem.</span> <span class='ocrx_word' id='word_1_141' title='bbox 546 2624 633 2673; x_wconf 84' lang='lat' dir='ltr'>Sic</span> <span class='ocrx_word' id='word_1_142' title='bbox 657 2626 812 2688; x_wconf 83' lang='lat' dir='ltr'>paulo</span> <span class='ocrx_word' id='word_1_143' title='bbox 850 2635 966 2691; x_wconf 87' lang='lat' dir='ltr'>post</span> <span class='ocrx_word' id='word_1_144' title='bbox 1000 2640 1101 2675; x_wconf 89' lang='lat' dir='ltr'>non</span> <span class='ocrx_word' id='word_1_145' title='bbox 1124 2624 1350 2675; x_wconf 84' lang='lat' dir='ltr'>absurde</span> 
     </span>
     <span class='ocr_line' id='line_1_23' title="bbox 290 2697 1350 2765; baseline 0.007 -21"><span class='ocrx_word' id='word_1_146' title='bbox 290 2697 501 2761; x_wconf 85' lang='lat' dir='ltr'>legeris,</span> <span class='ocrx_word' id='word_1_147' title='bbox 562 2698 794 2750; x_wconf 63' lang='lat' dir='ltr'>heremo</span> <span class='ocrx_word' id='word_1_148' title='bbox 856 2701 1096 2762; x_wconf 74' lang='lat' dir='ltr'>felicitate</span> <span class='ocrx_word' id='word_1_149' title='bbox 1143 2716 1350 2765; x_wconf 71' lang='lat' dir='ltr'>pugno:</span> 
     </span>
     <span class='ocr_line' id='line_1_24' title="bbox 292 2777 1354 2842; baseline 0.006 -21"><span class='ocrx_word' id='word_1_150' title='bbox 292 2788 583 2839; x_wconf 86' lang='lat' dir='ltr'>quanquam</span> <span class='ocrx_word' id='word_1_151' title='bbox 608 2790 790 2826; x_wconf 76' lang='lat' dir='ltr'>revera</span> <span class='ocrx_word' id='word_1_152' title='bbox 811 2777 939 2827; x_wconf 85' lang='lat' dir='ltr'>nihil</span> <span class='ocrx_word' id='word_1_153' title='bbox 960 2777 1233 2828; x_wconf 86' lang='lat' dir='ltr'>admodum</span> <span class='ocrx_word' id='word_1_154' title='bbox 1251 2784 1354 2842; x_wconf 89' lang='lat' dir='ltr'>est,</span> 
     </span>
     <span class='ocr_line' id='line_1_25' title="bbox 290 2848 1351 2918; baseline 0.006 -20"><span class='ocrx_word' id='word_1_155' title='bbox 290 2848 431 2913; x_wconf 80' lang='lat' dir='ltr'>quod</span> <span class='ocrx_word' id='word_1_156' title='bbox 467 2851 520 2900; x_wconf 91' lang='lat' dir='ltr'>in</span> <span class='ocrx_word' id='word_1_157' title='bbox 553 2852 805 2903; x_wconf 84' lang='lat' dir='ltr'>alterutra</span> <span class='ocrx_word' id='word_1_158' title='bbox 828 2854 1050 2905; x_wconf 84' lang='lat' dir='ltr'>lectione</span> <span class='ocrx_word' id='word_1_159' title='bbox 1075 2854 1351 2918; x_wconf 84' lang='lat' dir='ltr'>repreben-</span> 
     </span>
     <span class='ocr_line' id='line_1_26' title="bbox 292 2923 405 2975; baseline 0.018 -2"><span class='ocrx_word' id='word_1_160' title='bbox 292 2923 405 2975; x_wconf 85' lang='lat' dir='ltr'>das.</span> 
     </span>
    </p>

    <p class='ocr_par' dir='ltr' id='par_1_11' title="bbox 293 2999 1355 4360">
     <span class='ocr_line' id='line_1_27' title="bbox 359 2999 1352 3071; baseline 0.003 -18"><span class='ocrx_word' id='word_1_161' title='bbox 359 2999 837 3069; x_wconf 72' lang='lat' dir='ltr'>&#39;‘Impiusramenti]</span> <span class='ocrx_word' id='word_1_162' title='bbox 859 3004 1010 3059; x_wconf 84' lang='lat' dir='ltr'>Quod</span> <span class='ocrx_word' id='word_1_163' title='bbox 1038 3011 1251 3071; x_wconf 86' lang='lat' dir='ltr'>propter</span> <span class='ocrx_word' id='word_1_164' title='bbox 1267 3019 1352 3056; x_wconf 86' lang='lat' dir='ltr'>oe·</span> 
     </span>
     <span class='ocr_line' id='line_1_28' title="bbox 294 3082 1353 3145; baseline 0.002 -14"><span class='ocrx_word' id='word_1_165' title='bbox 294 3088 541 3145; x_wconf 77' lang='lat' dir='ltr'>eupatum</span> <span class='ocrx_word' id='word_1_166' title='bbox 561 3082 877 3142; x_wconf 84' lang='lat' dir='ltr'>Janieulum,</span> <span class='ocrx_word' id='word_1_167' title='bbox 899 3092 955 3135; x_wconf 89' lang='lat' dir='ltr'>et</span> <span class='ocrx_word' id='word_1_168' title='bbox 970 3085 1243 3136; x_wconf 85' lang='lat' dir='ltr'>continuas</span> <span class='ocrx_word' id='word_1_169' title='bbox 1265 3098 1353 3135; x_wconf 85' lang='lat' dir='ltr'>ex-</span> 
     </span>
     <span class='ocr_line' id='line_1_29' title="bbox 293 3158 1350 3226; baseline 0.001 -17"><span class='ocrx_word' id='word_1_170' title='bbox 293 3158 559 3209; x_wconf 72' lang='lat' dir='ltr'>cursiones</span> <span class='ocrx_word' id='word_1_171' title='bbox 592 3159 837 3226; x_wconf 82' lang='lat' dir='ltr'>bostium,</span> <span class='ocrx_word' id='word_1_172' title='bbox 874 3158 1154 3212; x_wconf 84' lang='lat' dir='ltr'>multitudo</span> <span class='ocrx_word' id='word_1_173' title='bbox 1177 3175 1350 3226; x_wconf 84' lang='lat' dir='ltr'>agres-</span> 
     </span>
     <span class='ocr_line' id='line_1_30' title="bbox 293 3233 1350 3304; baseline 0.005 -21"><span class='ocrx_word' id='word_1_174' title='bbox 293 3233 419 3284; x_wconf 83' lang='lat' dir='ltr'>tium</span> <span class='ocrx_word' id='word_1_175' title='bbox 459 3235 512 3284; x_wconf 92' lang='lat' dir='ltr'>in</span> <span class='ocrx_word' id='word_1_176' title='bbox 551 3235 747 3287; x_wconf 85' lang='lat' dir='ltr'>Urbem</span> <span class='ocrx_word' id='word_1_177' title='bbox 801 3236 1138 3304; x_wconf 72' lang='lat' dir='ltr'>confugisset,</span> <span class='ocrx_word' id='word_1_178' title='bbox 1186 3238 1350 3289; x_wconf 82' lang='lat' dir='ltr'>incul-</span> 
     </span>
     <span class='ocr_line' id='line_1_31' title="bbox 294 3308 1349 3378; baseline 0.007 -20"><span class='ocrx_word' id='word_1_179' title='bbox 294 3310 339 3358; x_wconf 89' lang='lat' dir='ltr'>ti</span> <span class='ocrx_word' id='word_1_180' title='bbox 377 3308 597 3361; x_wconf 84' lang='lat' dir='ltr'>fuissent</span> <span class='ocrx_word' id='word_1_181' title='bbox 640 3313 768 3378; x_wconf 82' lang='lat' dir='ltr'>agri,</span> <span class='ocrx_word' id='word_1_182' title='bbox 820 3328 916 3365; x_wconf 85' lang='lat' dir='ltr'>nee</span> <span class='ocrx_word' id='word_1_183' title='bbox 960 3313 1171 3365; x_wconf 83' lang='lat' dir='ltr'>aliunde</span> <span class='ocrx_word' id='word_1_184' title='bbox 1210 3329 1349 3365; x_wconf 86' lang='lat' dir='ltr'>eom-</span> 
     </span>
     <span class='ocr_line' id='line_1_32' title="bbox 294 3390 1351 3455; baseline 0.003 -17"><span class='ocrx_word' id='word_1_185' title='bbox 294 3393 492 3438; x_wconf 82' lang='lat' dir='ltr'>meatus</span> <span class='ocrx_word' id='word_1_186' title='bbox 543 3394 683 3439; x_wconf 87' lang='lat' dir='ltr'>esset</span> <span class='ocrx_word' id='word_1_187' title='bbox 735 3390 1060 3455; x_wconf 82' lang='lat' dir='ltr'>importatus.</span> <span class='ocrx_word' id='word_1_188' title='bbox 1157 3391 1351 3443; x_wconf 82' lang='lat' dir='ltr'>Quam·</span> 
     </span>
     <span class='ocr_line' id='line_1_33' title="bbox 296 3462 1354 3518; baseline 0.006 -7"><span class='ocrx_word' id='word_1_189' title='bbox 296 3462 472 3513; x_wconf 86' lang='lat' dir='ltr'>obrem</span> <span class='ocrx_word' id='word_1_190' title='bbox 496 3479 611 3514; x_wconf 86' lang='lat' dir='ltr'>eum</span> <span class='ocrx_word' id='word_1_191' title='bbox 636 3468 844 3516; x_wconf 87' lang='lat' dir='ltr'>centum</span> <span class='ocrx_word' id='word_1_192' title='bbox 879 3482 941 3517; x_wconf 87' lang='lat' dir='ltr'>ae</span> <span class='ocrx_word' id='word_1_193' title='bbox 975 3468 1156 3518; x_wconf 82' lang='lat' dir='ltr'>decem</span> <span class='ocrx_word' id='word_1_194' title='bbox 1194 3468 1354 3517; x_wconf 89' lang='lat' dir='ltr'>millia</span> 
     </span>
     <span class='ocr_line' id='line_1_34' title="bbox 296 3538 1352 3608; baseline 0.002 -20"><span class='ocrx_word' id='word_1_195' title='bbox 296 3538 479 3591; x_wconf 77' lang='lat' dir='ltr'>civium</span> <span class='ocrx_word' id='word_1_196' title='bbox 504 3541 771 3607; x_wconf 81' lang='lat' dir='ltr'>puberum,</span> <span class='ocrx_word' id='word_1_197' title='bbox 808 3542 882 3594; x_wconf 88' lang='lat' dir='ltr'>uti</span> <span class='ocrx_word' id='word_1_198' title='bbox 922 3543 1157 3608; x_wconf 75' lang='lat' dir='ltr'>proximo</span> <span class='ocrx_word' id='word_1_199' title='bbox 1189 3556 1352 3591; x_wconf 88' lang='lat' dir='ltr'>censu</span> 
     </span>
     <span class='ocr_line' id='line_1_35' title="bbox 297 3621 1355 3682; baseline -0.001 -14"><span class='ocrx_word' id='word_1_200' title='bbox 297 3626 617 3682; x_wconf 84' lang='lat' dir='ltr'>compertum</span> <span class='ocrx_word' id='word_1_201' title='bbox 673 3627 774 3682; x_wconf 87' lang='lat' dir='ltr'>est,</span> <span class='ocrx_word' id='word_1_202' title='bbox 824 3621 1095 3671; x_wconf 81' lang='lat' dir='ltr'>mulierum</span> <span class='ocrx_word' id='word_1_203' title='bbox 1158 3626 1355 3680; x_wconf 87' lang='lat' dir='ltr'>autem,</span> 
     </span>
     <span class='ocr_line' id='line_1_36' title="bbox 297 3692 1352 3759; baseline 0 -16"><span class='ocrx_word' id='word_1_204' title='bbox 297 3707 587 3757; x_wconf 85' lang='lat' dir='ltr'>puerorum,</span> <span class='ocrx_word' id='word_1_205' title='bbox 622 3694 969 3758; x_wconf 76' lang='lat' dir='ltr'>servitiorum,</span> <span class='ocrx_word' id='word_1_206' title='bbox 1008 3692 1272 3759; x_wconf 78' lang='lat' dir='ltr'>opificum,</span> <span class='ocrx_word' id='word_1_207' title='bbox 1295 3699 1352 3744; x_wconf 88' lang='lat' dir='ltr'>et</span> 
     </span>
     <span class='ocr_line' id='line_1_37' title="bbox 298 3770 1354 3837; baseline 0 -16"><span class='ocrx_word' id='word_1_208' title='bbox 298 3770 673 3835; x_wconf 78' lang='lat' dir='ltr'>negotiatorum</span> <span class='ocrx_word' id='word_1_209' title='bbox 696 3773 1058 3837; x_wconf 84' lang='lat' dir='ltr'>inquilinorum</span> <span class='ocrx_word' id='word_1_210' title='bbox 1082 3772 1257 3836; x_wconf 87' lang='lat' dir='ltr'>capita</span> <span class='ocrx_word' id='word_1_211' title='bbox 1278 3771 1354 3821; x_wconf 91' lang='lat' dir='ltr'>ul·</span> 
     </span>
     <span class='ocr_line' id='line_1_38' title="bbox 300 3851 1353 3912; baseline 0 -15"><span class='ocrx_word' id='word_1_212' title='bbox 300 3856 382 3898; x_wconf 82' lang='lat' dir='ltr'>tra</span> <span class='ocrx_word' id='word_1_213' title='bbox 424 3855 656 3900; x_wconf 84' lang='lat' dir='ltr'>trecenta</span> <span class='ocrx_word' id='word_1_214' title='bbox 710 3851 872 3900; x_wconf 87' lang='lat' dir='ltr'>millia</span> <span class='ocrx_word' id='word_1_215' title='bbox 919 3857 1353 3912; x_wconf 83' lang='lat' dir='ltr'>numerarentur;</span> 
     </span>
     <span class='ocr_line' id='line_1_39' title="bbox 299 3924 1355 3992; baseline 0.001 -17"><span class='ocrx_word' id='word_1_216' title='bbox 299 3924 610 3991; x_wconf 73' lang='lat' dir='ltr'>quotidianae</span> <span class='ocrx_word' id='word_1_217' title='bbox 650 3927 700 3977; x_wconf 89' lang='lat' dir='ltr'>in</span> <span class='ocrx_word' id='word_1_218' title='bbox 738 3928 1068 3992; x_wconf 76' lang='lat' dir='ltr'>magistratus</span> <span class='ocrx_word' id='word_1_219' title='bbox 1103 3925 1355 3977; x_wconf 82' lang='lat' dir='ltr'>vocifera·</span> 
     </span>
     <span class='ocr_line' id='line_1_40' title="bbox 300 4000 1354 4062; baseline 0.001 -9"><span class='ocrx_word' id='word_1_220' title='bbox 300 4004 463 4053; x_wconf 83' lang='lat' dir='ltr'>tiones</span> <span class='ocrx_word' id='word_1_221' title='bbox 506 4000 823 4062; x_wconf 82' lang='lat' dir='ltr'>oriebantur,</span> <span class='ocrx_word' id='word_1_222' title='bbox 853 4012 910 4055; x_wconf 88' lang='lat' dir='ltr'>et</span> <span class='ocrx_word' id='word_1_223' title='bbox 946 4006 999 4055; x_wconf 90' lang='lat' dir='ltr'>in</span> <span class='ocrx_word' id='word_1_224' title='bbox 1022 4003 1239 4053; x_wconf 77' lang='lat' dir='ltr'>divitum</span> <span class='ocrx_word' id='word_1_225' title='bbox 1264 4004 1354 4054; x_wconf 87' lang='lat' dir='ltr'>do·</span> 
     </span>
     <span class='ocr_line' id='line_1_41' title="bbox 298 4079 1353 4145; baseline 0.003 -16"><span class='ocrx_word' id='word_1_226' title='bbox 298 4092 406 4129; x_wconf 86' lang='lat' dir='ltr'>mos</span> <span class='ocrx_word' id='word_1_227' title='bbox 477 4079 673 4132; x_wconf 81' lang='lat' dir='ltr'>irruere</span> <span class='ocrx_word' id='word_1_228' title='bbox 741 4082 1052 4140; x_wconf 70' lang='lat' dir='ltr'>tentantium</span> <span class='ocrx_word' id='word_1_229' title='bbox 1107 4081 1353 4145; x_wconf 85' lang='lat' dir='ltr'>impetus.</span> 
     </span>
     <span class='ocr_line' id='line_1_42' title="bbox 301 4155 1355 4222; baseline 0.001 -16"><span class='ocrx_word' id='word_1_230' title='bbox 301 4155 548 4206; x_wconf 82' lang='lat' dir='ltr'>Consules</span> <span class='ocrx_word' id='word_1_231' title='bbox 565 4156 1027 4221; x_wconf 86' lang='lat' dir='ltr'>quidem,dimissis</span> <span class='ocrx_word' id='word_1_232' title='bbox 1044 4157 1094 4207; x_wconf 89' lang='lat' dir='ltr'>in</span> <span class='ocrx_word' id='word_1_233' title='bbox 1117 4157 1355 4222; x_wconf 81' lang='lat' dir='ltr'>proxima</span> 
     </span>
     <span class='ocr_line' id='line_1_43' title="bbox 298 4231 1354 4360; baseline 0.002 -80"><span class='ocrx_word' id='word_1_234' title='bbox 298 4231 385 4360; x_wconf 51' lang='lat' dir='ltr'>gui</span> <span class='ocrx_word' id='word_1_235' title='bbox 408 4240 720 4283; x_wconf 85' lang='lat' dir='ltr'>commeatus</span> <span class='ocrx_word' id='word_1_236' title='bbox 744 4233 1064 4296; x_wconf 62' lang='lat' dir='ltr'>coemerent,</span> <span class='ocrx_word' id='word_1_237' title='bbox 1089 4233 1354 4299; x_wconf 83' lang='lat' dir='ltr'>jussisque</span> 
     </span>
    </p>

    <p class='ocr_par' dir='ltr' id='par_1_12' title="bbox 334 4303 1355 4376">
     <span class='ocr_line' id='line_1_44' title="bbox 334 4303 1355 4376; baseline 0.005 -20"><span class='ocrx_word' id='word_1_238' title='bbox 334 4303 494 4358; x_wconf 84' lang='lat' dir='ltr'>ivibus</span> <span class='ocrx_word' id='word_1_239' title='bbox 530 4321 627 4373; x_wconf 88' lang='lat' dir='ltr'>per</span> <span class='ocrx_word' id='word_1_240' title='bbox 658 4307 880 4375; x_wconf 82' lang='lat' dir='ltr'>singulas</span> <span class='ocrx_word' id='word_1_241' title='bbox 902 4310 1079 4361; x_wconf 84' lang='lat' dir='ltr'>domos</span> <span class='ocrx_word' id='word_1_242' title='bbox 1100 4309 1225 4376; x_wconf 79' lang='lat' dir='ltr'>quid</span> <span class='ocrx_word' id='word_1_243' title='bbox 1248 4309 1355 4361; x_wconf 62' lang='lat' dir='ltr'>fra-2</span> 
     </span>
    </p>
   </div>
   <div class='ocr_carea' id='block_1_11' title="bbox 1427 2451 2504 3376">
    <p class='ocr_par' dir='ltr' id='par_1_13' title="bbox 1427 2451 2502 2684">
     <span class='ocr_line' id='line_1_45' title="bbox 1428 2451 2495 2525; baseline -0.017 -7"><span class='ocrx_word' id='word_1_244' title='bbox 1428 2466 1594 2524; x_wconf 73' lang='lat' dir='ltr'>menti</span> <span class='ocrx_word' id='word_1_245' title='bbox 1630 2468 1776 2515; x_wconf 78' lang='lat' dir='ltr'>esset</span> <span class='ocrx_word' id='word_1_246' title='bbox 1799 2457 2051 2525; x_wconf 82' lang='lat' dir='ltr'>profiteri,</span> <span class='ocrx_word' id='word_1_247' title='bbox 2069 2462 2126 2508; x_wconf 88' lang='lat' dir='ltr'>et</span> <span class='ocrx_word' id='word_1_248' title='bbox 2149 2452 2282 2519; x_wconf 81' lang='lat' dir='ltr'>quod</span> <span class='ocrx_word' id='word_1_249' title='bbox 2306 2451 2495 2517; x_wconf 84' lang='lat' dir='ltr'>cuique</span> 
     </span>
     <span class='ocr_line' id='line_1_46' title="bbox 1428 2527 2502 2608; baseline -0.015 -14"><span class='ocrx_word' id='word_1_250' title='bbox 1428 2546 1731 2608; x_wconf 72' lang='lat' dir='ltr'>superesset</span> <span class='ocrx_word' id='word_1_251' title='bbox 1766 2536 2026 2602; x_wconf 78' lang='lat' dir='ltr'>conferre,</span> <span class='ocrx_word' id='word_1_252' title='bbox 2045 2531 2311 2602; x_wconf 65' lang='lat' dir='ltr'>publicam⁸</span> <span class='ocrx_word' id='word_1_253' title='bbox 2335 2527 2502 2593; x_wconf 84' lang='lat' dir='ltr'>iuopi-</span> 
     </span>
     <span class='ocr_line' id='line_1_47' title="bbox 1427 2615 2253 2684; baseline -0.013 -14"><span class='ocrx_word' id='word_1_254' title='bbox 1427 2634 1510 2672; x_wconf 88' lang='lat' dir='ltr'>am</span> <span class='ocrx_word' id='word_1_255' title='bbox 1534 2615 1850 2684; x_wconf 76' lang='lat' dir='ltr'>aliquamdiu</span> <span class='ocrx_word' id='word_1_256' title='bbox 1876 2616 2253 2666; x_wconf 83' lang='lat' dir='ltr'>sustentarunt.</span> 
     </span>
    </p>

    <p class='ocr_par' dir='ltr' id='par_1_14' title="bbox 1427 2680 2504 3376">
     <span class='ocr_line' id='line_1_48' title="bbox 1495 2680 2503 2757; baseline -0.013 -12"><span class='ocrx_word' id='word_1_257' title='bbox 1495 2693 1509 2729; x_wconf 86' lang='lat'>¹</span> <span class='ocrx_word' id='word_1_258' title='bbox 1544 2694 1607 2744; x_wconf 85' lang='grc' dir='ltr'>Ιιι</span> <span class='ocrx_word' id='word_1_259' title='bbox 1626 2691 1915 2757; x_wconf 71' lang='lat' dir='ltr'>precipitio,</span> <span class='ocrx_word' id='word_1_260' title='bbox 1943 2691 2056 2741; x_wconf 68' lang='lat' dir='ltr'>dum</span> <span class='ocrx_word' id='word_1_261' title='bbox 2077 2687 2299 2738; x_wconf 73' lang='lat' dir='ltr'>celeriora</span> <span class='ocrx_word' id='word_1_262' title='bbox 2319 2680 2503 2747; x_wconf 73' lang='lat' dir='ltr'>essent]</span> 
     </span>
     <span class='ocr_line' id='line_1_49' title="bbox 1429 2758 2498 2832; baseline -0.015 -9"><span class='ocrx_word' id='word_1_263' title='bbox 1429 2772 1519 2823; x_wconf 89' lang='lat' dir='ltr'>Ita</span> <span class='ocrx_word' id='word_1_264' title='bbox 1554 2771 1855 2832; x_wconf 82' lang='lat' dir='ltr'>Rhenanus,</span> <span class='ocrx_word' id='word_1_265' title='bbox 1888 2765 2100 2831; x_wconf 81' lang='lat' dir='ltr'>adjecta</span> <span class='ocrx_word' id='word_1_266' title='bbox 2139 2777 2204 2814; x_wconf 83' lang='lat' dir='ltr'>ex</span> <span class='ocrx_word' id='word_1_267' title='bbox 2241 2762 2347 2811; x_wconf 87' lang='lat' dir='ltr'>Ms.</span> <span class='ocrx_word' id='word_1_268' title='bbox 2381 2758 2498 2810; x_wconf 87' lang='lat' dir='ltr'>cod.</span> 
     </span>
     <span class='ocr_line' id='line_1_50' title="bbox 1432 2835 2500 2924; baseline -0.016 -26"><span class='ocrx_word' id='word_1_269' title='bbox 1432 2846 1803 2914; x_wconf 85' lang='lat' dir='ltr'>praepositione</span> <span class='ocrx_word' id='word_1_270' title='bbox 1824 2845 1897 2909; x_wconf 76' lang='lat' dir='ltr'>in,</span> <span class='ocrx_word' id='word_1_271' title='bbox 1937 2856 2052 2905; x_wconf 78' lang='lat' dir='ltr'>quae</span> <span class='ocrx_word' id='word_1_272' title='bbox 2087 2841 2140 2890; x_wconf 83' lang='lat' dir='ltr'>in</span> <span class='ocrx_word' id='word_1_273' title='bbox 2165 2835 2500 2924; x_wconf 40' lang='lat' dir='ltr'>prioribus-e,-</span> 
     </span>
     <span class='ocr_line' id='line_1_51' title="bbox 1433 2922 2499 2982; baseline -0.013 -8"><span class='ocrx_word' id='word_1_274' title='bbox 1433 2922 1720 2982; x_wconf 85' lang='lat' dir='ltr'>ditionibus</span> <span class='ocrx_word' id='word_1_275' title='bbox 1742 2922 1946 2981; x_wconf 87' lang='lat' dir='ltr'>deerat,</span> <span class='ocrx_word' id='word_1_276' title='bbox 1969 2924 2026 2968; x_wconf 88' lang='lat' dir='ltr'>et</span> <span class='ocrx_word' id='word_1_277' title='bbox 2049 2924 2259 2967; x_wconf 85' lang='lat' dir='ltr'>retento</span> <span class='ocrx_word' id='word_1_278' title='bbox 2299 2927 2366 2963; x_wconf 83' lang='lat' dir='ltr'>ex</span> <span class='ocrx_word' id='word_1_279' title='bbox 2409 2925 2499 2962; x_wconf 85' lang='lat' dir='ltr'>ns·</span> 
     </span>
     <span class='ocr_line' id='line_1_52' title="bbox 1432 2987 2503 3062; baseline -0.013 -11"><span class='ocrx_word' id='word_1_280' title='bbox 1432 3002 1552 3051; x_wconf 79' lang='lat' dir='ltr'>dem</span> <span class='ocrx_word' id='word_1_281' title='bbox 1576 2999 1739 3050; x_wconf 84' lang='lat' dir='ltr'>verbo</span> <span class='ocrx_word' id='word_1_282' title='bbox 1766 2995 2039 3062; x_wconf 86' lang='lat' dir='ltr'>singularis</span> <span class='ocrx_word' id='word_1_283' title='bbox 2071 2992 2271 3043; x_wconf 89' lang='lat' dir='ltr'>numeri</span> <span class='ocrx_word' id='word_1_284' title='bbox 2306 2987 2503 3051; x_wconf 78' lang='lat' dir='ltr'>agebat,</span> 
     </span>
     <span class='ocr_line' id='line_1_53' title="bbox 1433 3067 2503 3136; baseline -0.014 -7"><span class='ocrx_word' id='word_1_285' title='bbox 1433 3093 1551 3129; x_wconf 80' lang='lat' dir='ltr'>eum</span> <span class='ocrx_word' id='word_1_286' title='bbox 1595 3077 1650 3127; x_wconf 91' lang='lat' dir='ltr'>in</span> <span class='ocrx_word' id='word_1_287' title='bbox 1688 3076 1791 3126; x_wconf 86' lang='lat' dir='ltr'>Ms.</span> <span class='ocrx_word' id='word_1_288' title='bbox 1827 3078 1969 3124; x_wconf 83' lang='lat' dir='ltr'>esset</span> <span class='ocrx_word' id='word_1_289' title='bbox 2000 3070 2226 3136; x_wconf 77' lang='lat' dir='ltr'>agebunt.</span> <span class='ocrx_word' id='word_1_290' title='bbox 2289 3067 2503 3131; x_wconf 86' lang='lat' dir='ltr'>Sigonio</span> 
     </span>
     <span class='ocr_line' id='line_1_54' title="bbox 1430 3145 2503 3217; baseline -0.011 -12"><span class='ocrx_word' id='word_1_291' title='bbox 1430 3164 1582 3214; x_wconf 83' lang='lat' dir='ltr'>vetus</span> <span class='ocrx_word' id='word_1_292' title='bbox 1602 3153 1761 3205; x_wconf 88' lang='lat' dir='ltr'>lectio</span> <span class='ocrx_word' id='word_1_293' title='bbox 1786 3154 1979 3217; x_wconf 87' lang='lat' dir='ltr'>placet,</span> <span class='ocrx_word' id='word_1_294' title='bbox 2017 3156 2075 3200; x_wconf 88' lang='lat' dir='ltr'>ut</span> <span class='ocrx_word' id='word_1_295' title='bbox 2097 3146 2348 3198; x_wconf 80' lang='lat' dir='ltr'>reddatur</span> <span class='ocrx_word' id='word_1_296' title='bbox 2373 3145 2503 3195; x_wconf 86' lang='lat' dir='ltr'>trita</span> 
     </span>
     <span class='ocr_line' id='line_1_55' title="bbox 1429 3221 2499 3298; baseline -0.013 -12"><span class='ocrx_word' id='word_1_297' title='bbox 1429 3236 1519 3286; x_wconf 91' lang='lat' dir='ltr'>illa</span> <span class='ocrx_word' id='word_1_298' title='bbox 1541 3236 1756 3296; x_wconf 87' lang='lat' dir='ltr'>locutio,</span> <span class='ocrx_word' id='word_1_299' title='bbox 1778 3236 1792 3262; x_wconf 92' lang='lat'>‘</span> <span class='ocrx_word' id='word_1_300' title='bbox 1813 3246 1969 3298; x_wconf 84' lang='lat' dir='ltr'>agere</span> <span class='ocrx_word' id='word_1_301' title='bbox 1986 3224 2345 3296; x_wconf 65' lang='lat' dir='ltr'>praeeipitem!</span> <span class='ocrx_word' id='word_1_302' title='bbox 2395 3221 2499 3275; x_wconf 85' lang='lat' dir='ltr'>Sed</span> 
     </span>
     <span class='ocr_line' id='line_1_56' title="bbox 1427 3299 2504 3376; baseline -0.013 -12"><span class='ocrx_word' id='word_1_303' title='bbox 1427 3312 1570 3363; x_wconf 86' lang='lat' dir='ltr'>aliud</span> <span class='ocrx_word' id='word_1_304' title='bbox 1590 3319 1699 3363; x_wconf 80' lang='lat' dir='ltr'>est·</span> <span class='ocrx_word' id='word_1_305' title='bbox 1714 3312 1938 3376; x_wconf 87' lang='lat' dir='ltr'>aliquem</span> <span class='ocrx_word' id='word_1_306' title='bbox 1961 3322 2118 3372; x_wconf 76' lang='lat' dir='ltr'>agere</span> <span class='ocrx_word' id='word_1_307' title='bbox 2140 3299 2504 3371; x_wconf 81' lang='lat' dir='ltr'>praecipitem,&#39;</span> 
     </span>
    </p>
   </div>
   <div class='ocr_carea' id='block_1_12' title="bbox 1433 3381 2611 3453">
    <p class='ocr_par' dir='ltr' id='par_1_15' title="bbox 1433 3381 2611 3453">
     <span class='ocr_line' id='line_1_57' title="bbox 1433 3381 2611 3453; baseline -0.014 -15"><span class='ocrx_word' id='word_1_308' title='bbox 1433 3389 1571 3453; x_wconf 86' lang='lat' dir='ltr'>quod</span> <span class='ocrx_word' id='word_1_309' title='bbox 1615 3388 1797 3437; x_wconf 88' lang='lat' dir='ltr'>tritum</span> <span class='ocrx_word' id='word_1_310' title='bbox 1836 3394 1937 3442; x_wconf 87' lang='lat' dir='ltr'>est,</span> <span class='ocrx_word' id='word_1_311' title='bbox 1969 3381 2111 3433; x_wconf 88' lang='lat' dir='ltr'>aliud</span> <span class='ocrx_word' id='word_1_312' title='bbox 2148 3385 2339 3444; x_wconf 84' lang='lat' dir='ltr'>‘agere</span> <span class='ocrx_word' id='word_1_313' title='bbox 2377 3391 2500 3428; x_wconf 86' lang='lat' dir='ltr'>con·</span> <span class='ocrx_word' id='word_1_314' title='bbox 2608 3407 2611 3408; x_wconf 22' lang='grc' dir='ltr'><em>ν</em></span> 
     </span>
    </p>
   </div>
   <div class='ocr_carea' id='block_1_13' title="bbox 1432 3453 2503 4363">
    <p class='ocr_par' dir='ltr' id='par_1_16' title="bbox 1432 3453 2503 4363">
     <span class='ocr_line' id='line_1_58' title="bbox 1432 3453 2502 3526; baseline -0.012 -12"><span class='ocrx_word' id='word_1_315' title='bbox 1432 3465 1600 3513; x_wconf 80' lang='lat' dir='ltr'>silium</span> <span class='ocrx_word' id='word_1_316' title='bbox 1639 3459 1921 3526; x_wconf 62' lang='lat' dir='ltr'>preceps,’</span> <span class='ocrx_word' id='word_1_317' title='bbox 1955 3457 2095 3524; x_wconf 89' lang='lat' dir='ltr'>quod</span> <span class='ocrx_word' id='word_1_318' title='bbox 2134 3456 2334 3506; x_wconf 85' lang='lat' dir='ltr'>Latinis</span> <span class='ocrx_word' id='word_1_319' title='bbox 2366 3453 2502 3503; x_wconf 88' lang='lat' dir='ltr'>auri·</span> 
     </span>
     <span class='ocr_line' id='line_1_59' title="bbox 1433 3530 2502 3603; baseline -0.011 -13"><span class='ocrx_word' id='word_1_320' title='bbox 1433 3540 1530 3590; x_wconf 86' lang='lat' dir='ltr'>bus</span> <span class='ocrx_word' id='word_1_321' title='bbox 1570 3539 1892 3603; x_wconf 82' lang='lat' dir='ltr'>incognitum</span> <span class='ocrx_word' id='word_1_322' title='bbox 1931 3551 2030 3586; x_wconf 92' lang='lat' dir='ltr'>non</span> <span class='ocrx_word' id='word_1_323' title='bbox 2075 3534 2263 3583; x_wconf 84' lang='lat' dir='ltr'>merito</span> <span class='ocrx_word' id='word_1_324' title='bbox 2298 3530 2502 3580; x_wconf 84' lang='lat' dir='ltr'>Grono-</span> 
     </span>
     <span class='ocr_line' id='line_1_60' title="bbox 1432 3608 2498 3678; baseline -0.011 -12"><span class='ocrx_word' id='word_1_325' title='bbox 1432 3618 1546 3667; x_wconf 83' lang='lat' dir='ltr'>vius</span> <span class='ocrx_word' id='word_1_326' title='bbox 1599 3614 1883 3678; x_wconf 85' lang='lat' dir='ltr'>improbat,</span> <span class='ocrx_word' id='word_1_327' title='bbox 1914 3619 1971 3663; x_wconf 88' lang='lat' dir='ltr'>et</span> <span class='ocrx_word' id='word_1_328' title='bbox 2014 3616 2135 3675; x_wconf 86' lang='lat' dir='ltr'>post</span> <span class='ocrx_word' id='word_1_329' title='bbox 2176 3608 2498 3659; x_wconf 83' lang='lat' dir='ltr'>Glareanum</span> 
     </span>
     <span class='ocr_line' id='line_1_61' title="bbox 1433 3679 2497 3752; baseline -0.012 -10"><span class='ocrx_word' id='word_1_330' title='bbox 1433 3693 1507 3743; x_wconf 87' lang='lat' dir='ltr'>ita</span> <span class='ocrx_word' id='word_1_331' title='bbox 1538 3693 1673 3742; x_wconf 84' lang='lat' dir='ltr'>hune</span> <span class='ocrx_word' id='word_1_332' title='bbox 1709 3691 1879 3740; x_wconf 84' lang='lat' dir='ltr'>locum</span> <span class='ocrx_word' id='word_1_333' title='bbox 1904 3687 2160 3752; x_wconf 84' lang='lat' dir='ltr'>explieat,</span> <span class='ocrx_word' id='word_1_334' title='bbox 2193 3691 2250 3734; x_wconf 85' lang='lat' dir='ltr'>ut</span> <span class='ocrx_word' id='word_1_335' title='bbox 2286 3681 2397 3731; x_wconf 88' lang='lat' dir='ltr'>dira</span> <span class='ocrx_word' id='word_1_336' title='bbox 2418 3679 2497 3731; x_wconf 85' lang='lat' dir='ltr'>fa·</span> 
     </span>
     <span class='ocr_line' id='line_1_62' title="bbox 1433 3758 2501 3832; baseline -0.012 -12"><span class='ocrx_word' id='word_1_337' title='bbox 1433 3784 1544 3820; x_wconf 85' lang='lat' dir='ltr'>mes</span> <span class='ocrx_word' id='word_1_338' title='bbox 1566 3769 1821 3819; x_wconf 84' lang='lat' dir='ltr'>Romanos</span> <span class='ocrx_word' id='word_1_339' title='bbox 1844 3770 2055 3829; x_wconf 87' lang='lat' dir='ltr'>urgeret</span> <span class='ocrx_word' id='word_1_340' title='bbox 2090 3761 2157 3811; x_wconf 92' lang='lat' dir='ltr'>ad</span> <span class='ocrx_word' id='word_1_341' title='bbox 2203 3758 2501 3832; x_wconf 84' lang='lat' dir='ltr'>periculosa</span> 
     </span>
     <span class='ocr_line' id='line_1_63' title="bbox 1434 3834 2503 3911; baseline -0.012 -14"><span class='ocrx_word' id='word_1_342' title='bbox 1434 3847 1668 3911; x_wconf 82' lang='lat' dir='ltr'>incepta,</span> <span class='ocrx_word' id='word_1_343' title='bbox 1717 3848 2031 3906; x_wconf 82' lang='lat' dir='ltr'>cogeretque</span> <span class='ocrx_word' id='word_1_344' title='bbox 2070 3851 2158 3888; x_wconf 89' lang='lat' dir='ltr'>eos</span> <span class='ocrx_word' id='word_1_345' title='bbox 2200 3834 2503 3886; x_wconf 83' lang='lat' dir='ltr'>ardentiora</span> 
     </span>
     <span class='ocr_line' id='line_1_64' title="bbox 1438 3914 2499 3983; baseline -0.011 -8"><span class='ocrx_word' id='word_1_346' title='bbox 1438 3933 1494 3975; x_wconf 91' lang='lat' dir='ltr'>et</span> <span class='ocrx_word' id='word_1_347' title='bbox 1508 3923 1815 3974; x_wconf 83' lang='lat' dir='ltr'>audentiora</span> <span class='ocrx_word' id='word_1_348' title='bbox 1831 3918 2027 3979; x_wconf 87' lang='lat' dir='ltr'>conari,</span> <span class='ocrx_word' id='word_1_349' title='bbox 2050 3930 2149 3983; x_wconf 91' lang='lat' dir='ltr'>quo</span> <span class='ocrx_word' id='word_1_350' title='bbox 2173 3914 2325 3965; x_wconf 86' lang='lat' dir='ltr'>citius</span> <span class='ocrx_word' id='word_1_351' title='bbox 2349 3919 2499 3963; x_wconf 90' lang='lat' dir='ltr'>tanto</span> 
     </span>
     <span class='ocr_line' id='line_1_65' title="bbox 1438 3990 2500 4053; baseline -0.01 0"><span class='ocrx_word' id='word_1_352' title='bbox 1438 4003 1576 4053; x_wconf 89' lang='lat' dir='ltr'>malo</span> <span class='ocrx_word' id='word_1_353' title='bbox 1592 4001 1962 4052; x_wconf 88' lang='lat' dir='ltr'>liberarentur.</span> <span class='ocrx_word' id='word_1_354' title='bbox 2015 3995 2085 4045; x_wconf 86' lang='lat' dir='ltr'>Et</span> <span class='ocrx_word' id='word_1_355' title='bbox 2107 4006 2231 4043; x_wconf 86' lang='lat' dir='ltr'>sane</span> <span class='ocrx_word' id='word_1_356' title='bbox 2252 3990 2500 4043; x_wconf 75' lang='lat' dir='ltr'>absumtis</span> 
     </span>
     <span class='ocr_line' id='line_1_66' title="bbox 1437 4067 2500 4141; baseline -0.016 -10"><span class='ocrx_word' id='word_1_357' title='bbox 1437 4078 1675 4131; x_wconf 87' lang='lat' dir='ltr'>omnibus</span> <span class='ocrx_word' id='word_1_358' title='bbox 1695 4075 1879 4141; x_wconf 83' lang='lat' dir='ltr'>quibus</span> <span class='ocrx_word' id='word_1_359' title='bbox 1892 4071 2053 4122; x_wconf 83' lang='lat' dir='ltr'>fames</span> <span class='ocrx_word' id='word_1_360' title='bbox 2073 4067 2245 4121; x_wconf 87' lang='lat' dir='ltr'>sedari</span> <span class='ocrx_word' id='word_1_361' title='bbox 2271 4070 2500 4132; x_wconf 88' lang='lat' dir='ltr'>poterat,</span> 
     </span>
     <span class='ocr_line' id='line_1_67' title="bbox 1435 4153 2499 4209; baseline -0.013 0"><span class='ocrx_word' id='word_1_362' title='bbox 1435 4158 1605 4209; x_wconf 84' lang='lat' dir='ltr'>levius</span> <span class='ocrx_word' id='word_1_363' title='bbox 1625 4155 1814 4205; x_wconf 88' lang='lat' dir='ltr'>malum</span> <span class='ocrx_word' id='word_1_364' title='bbox 1837 4153 2099 4202; x_wconf 81' lang='lat' dir='ltr'>duxerunt</span> <span class='ocrx_word' id='word_1_365' title='bbox 2122 4164 2179 4198; x_wconf 83' lang='lat' dir='ltr'>se</span> <span class='ocrx_word' id='word_1_366' title='bbox 2194 4162 2255 4197; x_wconf 83' lang='lat' dir='ltr'>ae</span> <span class='ocrx_word' id='word_1_367' title='bbox 2273 4160 2390 4196; x_wconf 84' lang='lat' dir='ltr'>suos</span> <span class='ocrx_word' id='word_1_368' title='bbox 2408 4159 2499 4196; x_wconf 84' lang='lat' dir='ltr'>ex·</span> 
     </span>
     <span class='ocr_line' id='line_1_68' title="bbox 1433 4221 2503 4298; baseline -0.015 -14"><span class='ocrx_word' id='word_1_369' title='bbox 1433 4234 1600 4288; x_wconf 88' lang='lat' dir='ltr'>ternis</span> <span class='ocrx_word' id='word_1_370' title='bbox 1617 4231 1860 4298; x_wconf 84' lang='lat' dir='ltr'>periculis</span> <span class='ocrx_word' id='word_1_371' title='bbox 1879 4241 2164 4295; x_wconf 83' lang='lat' dir='ltr'>exponere,</span> <span class='ocrx_word' id='word_1_372' title='bbox 2184 4238 2336 4291; x_wconf 82' lang='lat' dir='ltr'>quarn</span> <span class='ocrx_word' id='word_1_373' title='bbox 2360 4221 2503 4272; x_wconf 87' lang='lat' dir='ltr'>intra</span> 
     </span>
     <span class='ocr_line' id='line_1_69' title="bbox 1435 4295 2500 4363; baseline -0.013 0"><span class='ocrx_word' id='word_1_374' title='bbox 1435 4311 1629 4363; x_wconf 87' lang='lat' dir='ltr'>moenia</span> <span class='ocrx_word' id='word_1_375' title='bbox 1662 4307 2008 4361; x_wconf 86' lang='lat' dir='ltr'>seditionibus</span> <span class='ocrx_word' id='word_1_376' title='bbox 2032 4314 2088 4360; x_wconf 90' lang='lat' dir='ltr'>et</span> <span class='ocrx_word' id='word_1_377' title='bbox 2107 4303 2281 4357; x_wconf 84' lang='lat' dir='ltr'>inedia</span> <span class='ocrx_word' id='word_1_378' title='bbox 2296 4295 2500 4353; x_wconf 81' lang='lat' dir='ltr'>confici.</span> 
     </span>
    </p>
   </div>
  </div>
 </body>
</html>
