3034 4925
1075 343 1228 391 mn.
1270 344 1353 393 11.
1395 346 1563 396 car.
1604 331 1716 398 39.
2360 341 2489 410 451

287 476 633 560 luscam,¹²
678 480 1012 562 Οοιίοἰοε,
1055 486 1323 555 novella
1347 498 1395 538 ¹³
1430 490 1583 559 haec
1632 492 1956 562 Romanis
1987 467 2284 584 oppida*
2332 502 2489 569 ade·

287 583 440 648 mit.
526 584 694 651 Inde
723 586 1080 655 Lavinium
1110 594 1374 678 recepit
1401 593 1464 657 :¹²
1506 603 1661 674 tunc
1684 596 2009 709 deinceps
2042 602 2492 683 Corbionem,‘²

1495 745 1590 766 m

320 879 332 891 .
856 858 871 875 .
937 825 1215 889 vulgatam
1251 829 1490 880 defendit
1522 832 1576 884 J.
1618 832 1677 882 F.
1711 832 2073 886 Gronov-12
2106 836 2261 901 Vulg.
2302 838 2492 888 Pollus-

281 884 557 955 ειμι-13
592 892 606 913 ·
623 887 745 936 Non
784 897 866 938 est
889 892 1025 954 quod
1049 892 1321 957 displiceat
1352 894 1412 945 τὸ
1445 898 1643 955 novena,
1664 905 1721 947 et
1742 913 1856 949 cnm
1879 901 2084 951 Bauero
2107 910 2263 968 atque
2286 902 2489 956 Grono-

280 946 387 993 vtis
410 946 614 1011 legatur
636 951 921 1009 Pometiam,
945 956 1027 1005 ve!
1060 958 1292 1016 Bovillas,
1327 964 1407 1010 vel
1431 976 1494 1010 ex
1522 963 1736 1028 Dionys.
1786 965 2044 1026 Magium
2067 967 2174 1016 sive
2198 968 2488 1032 Moegillam,

279 1012 432 1085 finde
473 1014 532 1063 L.
569 1015 814 1094 Papirius
852 1020 1152 1083 Mugillanus
1187 1025 1396 1076 dictus-,²
1433 1027 1631 1091 Rupere.
1696 1023 1908 1080 ‘Placet
1929 1031 1982 1082 J.
2008 1032 2067 1081 F.
2093 1033 2487 1084 Gronoviicon·

265 1084 510 1152 jectura,
531 1079 750 1132 Bovillas
783 1099 878 1148 pro
914 1090 1095 1139 novella
1132 1090 1385 1155 legentis:
1430 1094 1508 1142 sin
1545 1094 1731 1156 minus,
1754 1095 2025 1146 dicendum
2061 1099 2181 1159 erit,
2214 1114 2373 1149 novas
2396 1100 2487 1150 has

280 1141 536 1219 colonias,
576 1148 913 1200 translatione
949 1153 1015 1202 ab
1056 1169 1178 1217 agro
1216 1158 1418 1206 novello
1458 1166 1646 1224 sumta,
1691 1161 1943 1224 appellari
1985 1164 2208 1213 novella.
2277 1164 2339 1214 In
2383 1166 2486 1215 Ms.

282 1205 469 1282 Yeith.
493 1217 574 1259 est
597 1213 863 1277 Nouellum,
887 1231 948 1266 ac
971 1232 1087 1267 mox
1110 1221 1313 1284 resipit.’
1347 1222 1544 1272 Stroth.
1613 1227 1628 1254 ‘
1649 1225 1803 1275 Haud
1828 1226 1981 1276 dubie
2012 1231 2233 1291 genuina
2263 1239 2345 1280 est
2377 1231 2483 1280 lec·

276 1277 367 1320 tto
407 1277 603 1353 nonque,
639 1278 691 1327 h.
717 1294 764 1328 e.
803 1296 970 1346 nuper
993 1299 1022 1333 a
1045 1285 1293 1336 Romanis
1319 1289 1556 1353 subacta,
1577 1297 1633 1340 et
1655 1290 1872 1355 imperio
1895 1291 2121 1356 adjecta.
2185 1295 2326 1346 Cave
2347 1294 2401 1346 J.
2427 1296 2486 1346 F.

280 1336 609 1390 Gronovium
642 1351 703 1421 ⁸et
738 1352 961 1408 ceteros,
981 1351 1069 1427 qni
1101 1351 1196 1400 sub
1231 1353 1328 1403 hac
1346 1368 1472 1405 voce
1508 1369 1693 1405 nomen
1714 1358 1894 1421 oppidi
1917 1358 2183 1422 cujusdam
2207 1362 2370 1410 latere
2395 1376 2486 1410 au·

282 1408 517 1481 tument,
537 1407 732 1458 audias.
804 1414 936 1463 Nam
973 1430 1016 1464 si
1050 1417 1194 1477 urbs,
1216 1423 1551 1486 quecumque
1574 1420 1777 1474 demum
1799 1423 1886 1488 sit,
1909 1438 2002 1487 pro
2021 1425 2200 1475 novellu
2220 1426 2487 1476 substitui-

279 1470 642 1545 tque-adjecta
677 1476 838 1526 verba
873 1479 973 1528 hoec
1009 1480 1236 1532 Βωηαιιίσ
1271 1485 1440 1548 oppida
1480 1486 1634 1549 plane
1677 1489 1845 1538 otiosa
1885 1494 2025 1538 sunt·
2088 1489 2307 1541 Animus
2345 1493 2482 1541 enirn

280 1534 425 1584 Luni
460 1545 541 1587 est
576 1539 690 1590 baec
731 1542 1078 1597 Romanorum
1112 1549 1308 1613 oppida
1339 1552 1405 1601 ab
1439 1551 1502 1601 iis
1528 1567 1645 1618 qum
1678 1561 1968 1619 sequuntur
2007 1553 2343 1621 distinguere,
2380 1571 2483 1607 non
2510 1604 2520 1610 .

281 814 432 878 qnod
471 817 672 880 probo-³
704 820 854 885 Sigon

1283 1681 1498 1732 NOTAE

281 1770 446 1827 putat
486 1765 672 1820 ducaie
705 1772 857 1825 hodie
895 1775 1163 1841 oppidum,
1202 1780 1346 1831 Polis
1423 1795 1454 1831 a
1479 1782 1759 1835 Plutarcho
1795 1784 2012 1849 factum,
2043 1785 2131 1851 qni
2156 1787 2350 1838 Latinis
2379 1765 2491 1840 130(

278 1842 569 1906 Longulam
595 1858 769 1920 autern
795 1856 938 1903 16⁰⁰.
957 1855 1170 1906 circiter
1186 1857 1348 1920 passi·
1421 1858 1570 1910 lanos
1591 1875 1709 1911 cum
1732 1862 1986 1913 Tolerinia
1996 1872 2244 1916 accenset
2261 1866 2477 1930 perinde

279 1918 385 1969 bus
419 1936 596 1974 versus
635 1936 804 1978 ortum
845 1946 876 1979 a
898 1932 1165 1984 Polustria
1194 1934 1344 1984 dissi-

279 2006 414 2062 tam,
430 2000 649 2067 ejusque
680 2007 864 2057 rudera
886 2011 1112 2072 spectari
1134 2012 1185 2061 in
1209 2013 1344 2062 colle

278 2088 310 2123 e
327 2075 542 2139 regione
567 2080 793 2133 viridarii
816 2084 1184 2140 ducisPoiani.

346 2158 375 2185 ⁸
407 2153 611 2207 Novella
623 2158 727 2209 hoec
747 2161 1183 2231 Romani-supputa]
1211 2166 1343 2217 Rec-

274 2235 338 2279 te
378 2233 577 2294 norell«,
615 2237 735 2299 qnia
758 2252 959 2305 recens,
997 2242 1048 2290 id
1088 2250 1191 2300 est,
1219 2249 1342 2294 ante

274 2305 560 2358 trienninm
595 2311 868 2377 duntaxat,
887 2328 1138 2369 venerant
1162 2321 1213 2370 in
1237 2321 1342 2371 Ro·

273 2399 549 2436 manorum
594 2398 928 2458 potestatem,
992 2403 1050 2445 nt
1104 2397 1342 2461 Sigonius

273 2471 456 2516 notat.
524 2468 626 2518 Sed
655 2470 966 2531 Gronovius,
998 2475 1050 2524 in
1073 2474 1344 2541 addendis,

273 2543 527 2595 observat
558 2546 612 2596 in
660 2549 891 2612 pluribus
931 2553 1198 2605 codicibus
1233 2556 1339 2620 legi

271 2623 536 2674 munus.-
570 2626 709 2676 unde
771 2630 1065 2694 suspicatur
1119 2629 1216 2682 sub
1275 2647 1340 2684 ea

274 2713 411 2751 voce
450 2715 632 2752 nomen
667 2705 885 2769 alicujus
914 2707 1095 2773 oppidi
1140 2710 1340 2772 latei-eg

274 2781 338 2829 et
376 2775 602 2830 fortasse
635 2781 868 2841 Bouillas,
912 2800 1041 2850 quas
1073 2800 1175 2836 non
1225 2787 1339 2837 siue

271 2853 457 2904 labore
478 2871 509 2906 a
523 2857 726 2908 Marcio
746 2870 1066 2926 expugnatas
1087 2863 1236 2913 testis
1257 2871 1341 2914 est

274 2929 583 2996 Dionysius.
648 2936 838 2987 Posset
859 2946 914 2988 et
938 2939 1051 3003 qnis
1072 2941 1337 3005 conjicere
1370 2939 1381 2949 “

283 3006 482 3067 Rotam,
515 3010 665 3074 cujus
700 3021 822 3064 tunc
855 3022 976 3080 post
1007 3031 1177 3068 acrem
1212 3018 1338 3068 ciri·

274 3096 370 3133 m
393 3086 718 3149 eruptionem
745 3099 915 3155 capte
940 3093 1172 3144 meminit
1198 3093 1336 3144 idern

276 3159 727 3215 Halicarnasseus.
795 3167 983 3218 Verum
1002 3170 1111 3220 sire
1142 3171 1337 3236 Βοωηι,

276 3239 393 3289 sive
415 3239 633 3292 Bovillas
654 3241 971 3295 substituere
1005 3248 1198 3313 placet,
1221 3251 1336 3315 quis

275 3315 588 3376 conficietur
608 3321 796 3385 dignus
830 3323 979 3374 Livio
1010 3340 1212 3390 sensus,
1247 3328 1334 3393 qui

270 3394 397 3456 hoc,
441 3395 525 3445 vel
566 3398 695 3447 iliud
739 3399 1010 3465 oppidum,
1055 3416 1171 3452 eum
1212 3414 1336 3455 ante

273 3473 557 3522 nominatis
581 3481 818 3538 quatuor,
860 3477 1115 3529 ademisse
1150 3481 1339 3531 Roma·

274 3547 358 3598 nis
399 3549 728 3602 Coriolanum
764 3554 904 3604 dicat
924 3573 939 3618 3
974 3558 1117 3621 qnasi
1140 3572 1243 3607 non
1281 3567 1338 3609 et

273 3625 567 3689 Lavinium,
587 3637 641 3677 et
666 3644 781 3694 quae
804 3632 906 3682 alia
928 3644 1231 3699 sequnntur,
1251 3636 1343 3688 iis·

276 3702 401 3752 dem
441 3703 732 3756 ademerit?
765 3706 842 3757 At
884 3716 992 3761 turn
1029 3712 1115 3762 illa
1147 3715 1340 3780 priora,

280 3786 407 3830 ante
445 3781 697 3833 aVolscis
743 3793 945 3850 erepta.
998 3788 1182 3840 iisdem
1239 3792 1336 3842 sub

277 3856 398 3921 ipsa
434 3857 557 3909 belli
588 3860 806 3910 exordia
846 3864 1071 3926 restitui,
1107 3873 1265 3931 atque
1305 3884 1334 3917 a

271 3932 423 3983 novis
459 3935 846 3999 possessoribus
877 3939 1124 4000 Romanis
1160 3943 1335 4010 avelli,

275 4008 493 4074 dignum
508 4009 695 4063 Marcii
719 4016 994 4078 prudentia
1015 4016 1177 4071 fuisse
1194 4021 1337 4072 vide-

281 4091 397 4136 tur:
433 4094 541 4137 tum
565 4104 665 4138 non
696 4091 975 4143 absurdum
1009 4093 1111 4145 fuit
1137 4098 1332 4150 aLivio

276 4175 500 4226 qnoque,
535 4165 837 4216 voiscorum
874 4171 1032 4221 armis
1056 4182 1272 4238 recepta
1302 4191 1333 4226 a

277 4241 662 4317 tunc4primum
695 4245 922 4297 subactis
942 4246 1220 4315 distingui:
1257 4253 1333 4302 uti

1418 1950 1481 1993 ac
1522 1938 1806 1989 Lavicanos
1839 1947 1895 1990 et
1929 1940 2207 2002 Pedanbs5
2242 1941 2370 1992 licet
2400 1943 2475 1992 ini

1420 2014 1695 2078 AEquorum
1737 2016 1789 2065 iu
1829 2018 1939 2066 solo
1985 2016 2195 2067 fuerint.
2261 2018 2365 2067 Sed
2400 2018 2477 2068 ni-

1417 2092 1599 2141 mirum
1622 2093 1673 2141 hi
1707 2095 1901 2158 populi,
1934 2094 2235 2145 Latinorum
2277 2096 2327 2146 iu
2351 2110 2475 2146 con·

1416 2167 1543 2218 finio
1574 2171 1680 2234 siti,
1701 2169 1901 2221 foedere
1912 2186 2040 2222 ‘eum
2065 2172 2262 2222 Latinis
2287 2187 2348 2222 ac
2373 2173 2475 2223 Ro-

1415 2247 1581 2296 manis
1609 2248 1814 2312 juncti:
1851 2248 2042 2313 alioqui
2075 2263 2171 2299 cnr
2201 2263 2232 2298 a
2271 2249 2475 2299 Marcio

1413 2324 1718 2376 Volscorum
1777 2326 1911 2377 duce
1967 2326 2106 2376 bello
2165 2332 2473 2390 peterentur

1414 2402 1555 2452 nulla
1576 2402 1761 2453 idonea
1782 2401 1966 2452 fuisset
1997 2416 2173 2464 causa,
2205 2416 2323 2452 curu
2347 2416 2476 2468 gens

1414 2478 1698 2544 AEquorum
1722 2485 1844 2530 tunc
1861 2479 2068 2530 Volscis
2082 2478 2307 2544 faveret,
2327 2486 2385 2530 nt
2408 2494 2476 2530 ex

1416 2555 1674 2622 Dionysio
1696 2557 1957 2608 discimus.

1477 2633 1501 2669 b
1522 2633 1777 2684 Maiam
1795 2633 1995 2698 recepit]
2029 2634 2148 2685 Hoc
2170 2636 2287 2686 loco
2310 2636 2325 2663 ‘
2341 2635 2475 2686 reei-

1413 2724 1540 2777 pere
1553 2710 1567 2733 ’
1583 2718 1683 2769 est,
1695 2712 1747 2761 in
1765 2710 1920 2762 fidem
1934 2712 2194 2776 accipere.
2220 2714 2307 2763 De
2324 2713 2475 2764 Lavi-

1413 2790 1499 2839 nio
1519 2788 1717 2839 dictum
1740 2789 1831 2841 lib.
1856 2803 1896 2839 1.
1929 2804 1976 2839 c.
1999 2793 2049 2839 8.
2112 2788 2177 2849 Id
2212 2797 2480 2854 postremo

1411 2864 1529 2916 loco
1560 2867 1795 2917 Marcius
1827 2865 2093 2917 obsedisse
2126 2874 2366 2917 narratur
2404 2867 2472 2918 ab

1410 2944 1828 2995 Halicarnasseo.
2398 2954 2406 2959 '

1475 3029 1499 3056 c
1537 3020 1838 3085 Corbionem]
1885 3021 2138 3087 Stephani
2187 3021 2472 3073 breviatori

1412 3098 1649 3161 Κορονῖὸν
1681 3098 1804 3149 urbs
1820 3097 2123 3163 AEqnorum,
2156 3111 2222 3148 ex
2259 3097 2473 3162 Dionys·

1410 3174 1500 3226 lib.
1533 3189 1590 3225 x.
1631 3173 1736 3225 fuit
1777 3175 1921 3226 circa
1960 3175 2094 3224 viam
2137 3174 2472 3238 Lavicanam,

1410 3254 1550 3302 ultra
1564 3251 1832 3315 Algidum,
1848 3266 2025 3301 versus
2048 3251 2474 3302 PraenesteLatii

1411 3328 1601 3379 veteris
1622 3328 1912 3391 civitatem,
1943 3331 2025 3378 1⁵.
2050 3328 2121 3377 ub
2143 3328 2287 3377 Urbe
2320 3329 2473 3378 mini-

1411 3407 1487 3457 ari
1509 3414 1679 3456 ortum
1705 3421 1911 3457 versus:
1947 3405 2211 3456 deditione
2243 3408 2387 3456 venit
2419 3407 2471 3456 in

1411 3484 1598 3533 Marcii
1658 3491 1715 3533 et
1767 3483 2074 3533 Volscorum
2142 3489 2473 3547 potestatem.

1407 3559 1639 3610 Tandem
1664 3575 1695 3609 a
1732 3561 1811 3610 M.
1835 3560 2060 3610 Horatio
2082 3560 2306 3612 Pulvillo
2328 3558 2470 3610 diru-

1412 3641 1521 3684 tum
1541 3643 1755 3686 auctore
1777 3636 1890 3686 Liv.
1914 3635 2000 3685 lib.
2034 3648 2121 3686 ιιι.
2142 3650 2192 3686 c.
2212 3640 2296 3687 3⁰.
2368 3635 2470 3686 Or-

1414 3711 1567 3761 teiius
1581 3713 1842 3762 existimat
1858 3712 2009 3762 hodie
2021 3712 2124 3761 dici
2142 3711 2473 3775 Cui-bognum
2491 3748 2496 3755 «

1410 3791 1502 3840 aed
1536 3790 1707 3842 hocin
1744 3790 1932 3841 Tuscia
1970 3796 2075 3853 est,
2109 3797 2167 3839 ut
2206 3789 2468 3840 Ferrarius

1412 3873 1475 3918 et
1492 3867 1720 3917 Brietins
1743 3867 2102 3916 adverterunt.
2166 3865 2474 3917 Holstenius

1414 3943 1722 3994 Corbionem
1779 3942 1938 3993 fuisse
2002 3948 2182 3992 censet
2232 3941 2319 3992 ubi
2359 3942 2472 4006 jam

1412 4022 1574 4073 Roaca
1594 4023 1792 4072 Prioru-
1835 4021 2120 4071 Kircherus
2144 4020 2231 4071 ubi
2252 4021 2491 4082 Mentor--

1412 4099 1535 4162 tino,
1568 4099 1718 4164 qnod·
1738 4105 1820 4149 est
1853 4100 1906 4148 in
1927 4097 2125 4150 ditione
2149 4100 2320 4164 gentis
2336 4099 2496 4149 Bur--

1415 4176 1623 4240 ghesiae.
