3034 4925
1070 377 1231 426 mm
1261 377 1380 426 ιιι.
1425 377 1591 427 οη.
1633 363 1740 429 56.
2078 381 2089 394 ’
2380 359 2514 432 655

231 517 453 588 lum
496 523 1072 609 supprimebantur
1094 551 1098 556 ’
1122 522 1680 609 vitiabanturque.
1792 519 1891 592 Μ.
1919 524 2217 591 ‘Duilius
2267 523 2511 592 deinde

237 630 619 694 tribunus
648 631 863 714 plebis
890 628 1471 713 plebemrogavit,
1500 631 1863 714 plebesque
1892 631 2132 696 scivit-t
2175 634 2197 666 ‘
2218 632 2338 717 qui
2367 634 2512 717 ple-

242 730 466 795 bem
493 733 637 796 sine
667 731 948 797 tribunis
975 730 1385 816 reliquisset,
1409 733 1662 816 quique
1689 733 2152 816 magistratum
2183 734 2327 799 sine
2357 756 2531 819 pro·-

252 837 666 898 vocatione
710 839 1030 909 creasset,
1054 840 1240 918 tergo
1281 854 1363 900 ac
1391 835 1617 919 capite
1644 834 2078 919 puniretur.'⁸
2166 835 2343 903 Haeo
2375 849 2514 902 om-

255 936 432 1001 nia
473 942 562 1000 ut
593 937 843 1017 invitis,
888 938 983 1003 ita
1022 958 1153 1003 non
1199 938 1743 1017 adversantibus,
1785 938 2088 1024 patriciis
2138 943 2512 1006 transacta·
2495 987 2514 1020 ,

266 1040 473 1124 quia
503 1039 847 1104 nondum
827 1061 896 1106 m
928 1059 1324 1125 quenquam
1338 1061 1540 1106 unum
1574 1041 1998 1107 saeviebatur.

361 1142 506 1206 56.
560 1143 874 1210 Fundata
930 1144 1173 1209 deinde
1230 1154 1302 1210 et
1351 1150 1691 1229 potestate
1752 1143 2135 1221 tribunicia,
2182 1151 2251 1209 et
2297 1143 2514 1228 plebis

269 1242 639 1322 libertate,
673 1254 814 1310 tum
860 1246 1107 1311 tribuni
1151 1247 1421 1329 aggredi
1466 1246 1764 1328 singulos
1793 1254 2021 1311 tutum
2052 1254 2515 1352 maturumque

266 1345 448 1429 jam
493 1349 639 1427 rati,
670 1354 1128 1414 accusatorem
1172 1349 1456 1432 primum
1489 1349 1860 1438 Virginium
1889 1356 1955 1414 et
1983 1347 2286 1435 Appium
2326 1347 2517 1413 reum

288 1445 671 1533 deligunt.
718 1450 890 1516 Cum
937 1450 1108 1515 diem
1146 1448 1383 1535 Appi-o
1413 1450 1760 1533 Virginius
1789 1452 2098 1530 dixisset,
2116 1459 2196 1517 et
2224 1451 2517 1538 Appius,

295 1552 612 1634 stipatus
654 1554 957 1637 patriciis
974 1553 1367 1637 juvenibus,
1400 1555 1474 1619 in
1500 1554 1723 1620 forum
1754 1555 2247 1636 descendisset;
2286 1553 2519 1619 'redili—

298 1661 568 1736 tegrata
610 1658 960 1741 extemplo
995 1663 1099 1722 est
1142 1658 1450 1723 omnibus
1490 1658 1812 1723 memoria
1852 1657 2246 1726 foedissimae
2287 1663 2519 1741 potes-

304 1758 498 1834 tatis,
541 1765 694 1823 cum
739 1757 962 1843 ipsum
1007 1760 1469 1846 satellitesque
1509 1761 1658 1846 ejus
1706 1759 2051 1827 vidissent.
2139 1759 2318 1826 Tum
2360 1752 2521 1823 Vir-

213 1865 224 1874 ’
306 1859 554 1944 ginius,
586 1867 607 1896 ‘
633 1859 911 1936 Oratio,’
949 1863 1187 1945 inquit,
1216 1866 1236 1897 ‘
1263 1864 1463 1928 rebus
1509 1863 1732 1928 dubiis
1759 1864 2036 1928 inventa
2065 1867 2189 1927 est.
2273 1861 2519 1943 Itaque

308 1982 533 2047 neque
561 1984 684 2045 ego
715 1963 1100 2028 accusando
1133 1963 1317 2045 apud
1349 1983 1471 2029 vos
1502 1979 1654 2028 eum
1686 1970 1953 2047 tempus
1985 1971 2218 2040 teram,
2247 1982 2291 2026 a
2319 1958 2518 2046 cujus

308 2064 707 2131 crudelitate
751 2071 1009 2131 vosmet
1051 2065 1183 2149 ipsi
1204 2072 1260 2103 ²0
1306 2066 1513 2130 armis·
1546 2064 1982 2145 vindicasti83
2027 2083 2148 2127 nec
2181 2064 2383 2129 istum
2427 2064 2519 2129 ad

245 2189 250 2194 ·
312 2173 536 2233 cetera
580 2168 835 2233 scelera
878 2167 1361 2251 impudentiam
1392 2169 1458 2232 in
1490 2166 1913 2231 defendendo
1957 2186 2030 2231 se
2059 2164 2350 2250 adjicere
2396 2181 2521 2249 pa-

311 2270 464 2334 tiar.
554 2270 866 2337 Omnium
920 2271 1115 2350 igitur
1162 2270 1312 2349 tibi,
1367 2269 1508 2353 Ap.
1554 2268 1821 2349 Claudi,
1876 2289 2032 2355 quae
2077 2270 2284 2352 impie
2332 2269 2519 2334 nefa-

313 2373 540 2456 rieque
601 2392 720 2455 per
776 2374 1153 2438 biennium⁰
1209 2373 1342 2437 alia
1394 2393 1594 2457 super
1653 2372 1790 2437 alia
1840 2391 1915 2437 es
1967 2390 2191 2450 ausus,
2240 2373 2522 2454 gratiam

314 2474 516 2540 facio.
607 2476 828 2541 Unius
874 2485 1134 2542 tantum
1180 2477 1496 2554 criminis,
1539 2478 1610 2541 ni
1643 2476 1939 2561 judicem
1988 2466 2276 2554 dioes,¹‘¹
2324 2480 2391 2540 te
2432 2477 2520 2540 ab

313 2574 618 2643 libertate
658 2580 726 2644 in
770 2582 1155 2645 servitutem
1205 2587 1441 2646 con-tra
1479 2582 1663 2662 leges
1693 2578 2022 2644 vindicias
2052 2597 2188 2642 non
2228 2577 2521 2655 dedisse,

265 2680 268 2685 ’
318 2681 700 2747 in-vincula‘
735 2689 798 2749 te
828 2682 989 2749 duci
1005 2683 1265 2768 jubeo!
1286 2690 1311 2720 ²
1398 2683 1550 2750 Neo
1579 2685 1649 2748 in
1679 2682 2037 2748 tribunicio
2067 2679 2332 2748 auxilio
2375 2679 2520 2765 Ap-

379 2843 406 2867 ¹⁸
447 2835 614 2897 Virgis
632 2852 798 2902 coesus,
820 2836 971 2888 securi
988 2840 1337 2900 percuteretur.
1413 2876 1419 2883 .
1511 2844 1516 2851 ·

1240 2963 1606 2985 OO‘O‘OOO‘OOO

381 3052 446 3098 20
480 3050 600 3100 Vet.
623 3051 741 3101 lect.
766 3049 1177 3113 vosmetipsum—1
1215 3047 1338 3100 vid.
1365 3049 1493 3100 Not.
1519 3048 1614 3098 inf.
1636 3053 1691 3099 et
1715 3045 1848 3098 Not.
1869 3046 2095 3097 Van—2
2131 3045 2280 3109 Conj.
2303 3045 2523 3108 Rupert.

1208 3234 1212 3239 ,
1309 3179 1524 3231 NOTAE

379 3284 402 3311 ²
428 3280 551 3335 Quoe
571 3279 713 3342 impie
731 3278 1003 3342 nes'arieque
1020 3294 1107 3343 per
1120 3278 1380 3342 biennium]
1458 3279 1660 3344 pletum
1695 3292 1837 3341 esse3
1884 3283 1947 3326 ut
1989 3274 2282 3342 biennium,
2295 3270 2520 3321 oratorie

323 3354 477 3406 Hune
494 3355 703 3403 tertium
718 3355 888 3405 locum
907 3355 1197 3407 Glareanus
1215 3363 1377 3410 notat,
1458 3353 1682 3402 dicatur.
1913 3389 1927 3395 -

323 3445 422 3495 quo
444 3430 648 3494 planum
673 3429 784 3481 fieri
817 3431 889 3480 ait
911 3432 1109 3481 Valerii
1133 3430 1379 3480 Horatii·
1524 3428 1550 3462 ὂ
1589 3427 1744 3476 Unius
1765 3430 1952 3477 tantum
1971 3424 2202 3484 criminis,
2234 3421 2287 3469 ui
2308 3420 2522 3480 judicem

320 3522 418 3573 que
459 3523 578 3557 con.-
560 3508 722 3558 ulum
780 3522 966 3558 annum
1013 3508 1304 3572 sejunctum
1348 3521 1379 3554 a
1459 3501 1610 3565 dices]
1644 3500 1792 3550 Alias
1827 3501 2102 3561 legebatur
2135 3496 2274 3561 apud
2314 3496 2522 3545 Rhena-

319 3583 472 3633 tertio
493 3582 917 3645 decemvirorum,
949 3599 1051 3648 quo
1083 3598 1177 3647 per
1201 3590 1377 3646 tyran·
1459 3594 1620 3627 uum:
1663 3576 1818 3626 Unius
1838 3581 2021 3626 tuntum
2056 3573 2293 3634 criminis,
2311 3572 2408 3622 ιιίιι·
2433 3572 2520 3633 Ju-

323 3658 490 3709 nidem
516 3659 706 3723 privati
737 3666 1039 3723 regnarunt.
1103 3659 1167 3708 Id
1199 3664 1376 3707 tamen
1455 3655 1607 3705 dicem
1620 3654 1830 3703 vindices
1845 3657 1920 3702 te.
1926 3646 2081 3715 quod
2100 3652 2337 3713 sequitur
2356 3648 2517 3699 etium

321 3737 436 3785 iiiuc
481 3736 777 3786 necessario
832 3750 935 3785 non
991 3736 1269 3800 sequitur.
1329 3737 1378 3783 1.
1459 3730 1731 3795 Sigonius.
1754 3730 1852 3779 hoc
1874 3742 2049 3790 sensu,
2071 3727 2170 3776 nisi
2194 3734 2247 3776 te
2271 3743 2301 3773 a
2316 3725 2517 3790 judicio

324 3813 530 3877 quidem
553 3812 689 3877 quod
731 3812 994 3862 biennium
1035 3812 1257 3876 primum
1294 3809 1379 3861 hie
1459 3812 1611 3859 unius
1627 3821 1858 3856 crimmis
1877 3805 2103 3865 liberes
2138 3817 2230 3852 seu
2249 3801 2440 3865 potius,
2463 3809 2523 3851 ut

323 3891 540 3954 intelligi
584 3890 813 3947 videtur,
863 3902 967 3955 quo
1015 3889 1215 3953 Appius
1262 3900 1379 3937 cum
1461 3875 1756 3936 Gronovius
1786 3882 2035 3947 explieat,
2058 3896 2086 3930 a
2114 3879 2331 3929 crimine
2371 3875 2522 3931 unlus

323 3968 497 4030 primis
520 3968 827 4017 decemviris
852 3981 985 4017 anno
1007 3979 1127 4025 uno,
1149 3979 1263 4014 cum
1301 3978 1379 4013 se·
1451 3960 1665 4027 judieii,
1686 3973 1716 4007 a
1743 3967 1794 4007 te
1818 3958 2018 4008 scilicet
2036 3953 2246 4006 redditi.
2287 3955 2405 4006 Sed
2417 3962 2523 4004 me-

324 4042 503 4092 cuudis
530 4058 663 4092 anno
686 4045 848 4094 altero
871 4043 1230 4106 magistratum
1268 4054 1381 4106 ges·
1462 4039 1616 4088 liores
1651 4035 1859 4086 codices
1886 4035 2100 4090 habent,
2142 4033 2295 4084 Unius
2335 4035 2522 4084 tantiam

324 4127 497 4170 serat·
483 4154 498 4168 .
533 4127 806 4183 praeterea,
827 4119 925 4170 etsi
948 4119 1211 4169 biennium
1234 4132 1264 4167 a
1299 4131 1379 4169 se·
1460 4113 1676 4165 miminis
1690 4110 1957 4173 nijudicem
1978 4114 2133 4161 dices.-
2156 4109 2294 4176 quod
2318 4110 2524 4159 notavit

327 4196 506 4247 cundis
545 4196 855 4246 decemviris
890 4195 1082 4245 creatis
1120 4208 1378 4255 numeres,
1463 4190 1802 4255 probavitque
1845 4188 1924 4236 Cl.
1969 4188 2192 4238 Putean.
2214 4186 2359 4252 qnasi
2385 4184 2525 4246 judi-

323 4286 535 4329 uecesse
552 4287 654 4323 non
674 4279 754 4323 est
775 4271 1054 4325 secundum
1073 4285 1260 4323 aunum
1285 4271 1376 4320 im·
1460 4283 1560 4317 cem
1591 4266 1748 4316 dicere
1793 4264 2103 4330 respondeat
2149 4262 2305 4314 alteri
2344 4258 2521 4311 formae
