3034 4925
531 380 664 448 1ae

1461 397 1531 443 'l'-
1576 397 1651 444 m
1662 397 1770 446 vn

534 541 889 620 Romulus,
929 541 1190 607 Remus
1235 540 1637 606 Aventinum
1652 551 1693 577 ⁸²
1740 543 1831 607 ad
1886 543 2418 625 inaugurandum
2468 546 2729 630 templa

533 645 872 726 capiunt.¹¹
885 640 918 669 ⁸

615 749 682 811 7.
725 747 944 810 Priori
972 745 1198 810 Remo
1225 746 1573 826 augurium
1608 747 1877 810 venisse
1904 747 2130 826 ferun,
2172 769 2303 813 sex
2336 750 2729 828 vultures30

525 848 831 931 jamque,
849 851 1159 913 nuntiato
1183 850 1491 931 augurio,
1517 869 1675 913 cum
1698 848 1957 932 duplex
1988 871 2303 916 numerus
2324 852 2627 916 Romulo
2648 867 2728 914 se

536 951 965 1027 ostendisset,
1020 958 1369 1035 utrumque
1409 972 1633 1034 regem
1686 972 1817 1016 sna
1858 954 2221 1019 multitudo
2259 943 2729 1019 consalutave-

533 1059 642 1117 rat
662 1063 723 1114 :¹²
768 1060 1062 1137 tempore
1099 1054 1206 1117 illi
1233 1056 1630 1138 praeoepto,*
1674 1062 1748 1121 at
1770 1056 1845 1119 hi
1868 1076 2145 1122 numero
2168 1059 2419 1136 avium,
2446 1075 2724 1140 reguum

599 1201 1472 1266 *Iniqua-parentandum

1513 1318 1733 1369 1501·AE

534 1414 652 1463 dem
678 1414 759 1462 vel
782 1430 811 1463 a
835 1415 1006 1464 Roma
1039 1416 1201 1465 nobili
1229 1414 1459 1471 femina,
1478 1416 1589 1465 sive

533 1492 799 1554 Trojanae,
822 1494 932 1541 sive
967 1494 1168 1543 Italica
1193 1496 1404 1556 stirpis3
1441 1495 1526 1542 vel
1558 1509 1591 1542 a

532 1568 804 1616 conditore
833 1570 997 1618 Romo
1026 1580 1118 1620 ant
1137 1572 1362 1632 Rau-10
1381 1571 1591 1632 imposi-

533 1653 642 1699 tum
666 1650 862 1698 volunt.
913 1651 1118 1699 Solinus
1138 1658 1197 1700 et
1219 1652 1403 1699 Festus
1423 1650 1590 1699 dedn-

531 1731 659 1776 cunt
676 1738 709 1771 a
727 1724 917 1773 Graeeo
938 1727 1144 1775 nomine
1163 1726 1332 1787 Ῥύμῃ,
1349 1727 1488 1791 quod
1505 1743 1590 1776 ro·

533 1799 635 1848 bur
669 1815 761 1849 seu
795 1801 1150 1852 fortitudinem
1181 1804 1454 1866 signifieat.
1522 1804 1587 1852 ld

529 1875 623 1924 ine
644 1876 711 1925 ab
733 1877 979 1926 Evandro
1013 1881 1234 1941 primun
1271 1880 1452 1929 datum
1493 1881 1589 1943 ait,

532 1952 645 2015 qui,
664 1966 780 2000 cum
803 1953 874 2001 ibi
896 1955 1143 2018 oppidum
1165 1953 1471 2005 offendisset
1491 1957 1589 2005 Va·

530 2028 691 2076 leat-ia
712 2029 964 2080 vocabulo
984 2046 1017 2079 a
1038 2032 1239 2080 Latinis
1257 2032 1471 2094 dictum,
1489 2033 1590 2081 R·-

529 2119 638 2153 nea
657 2120 749 2153 sna
769 2106 945 2169 lingua
978 2107 1186 2171 dixerit,
1203 2118 1413 2157 servata
1431 2108 1588 2171 signi-

529 2180 794 2229 ficatione-

537 2273 548 2280 ·
596 2264 632 2288 Ι·
669 2256 848 2305 Remus
877 2257 1194 2320 Auenti-tn]
1225 2259 1471 2307 Romulus
1508 2271 1591 2305 se-

531 2329 652 2378 dem
675 2331 1011 2381 observandis
1033 2334 1245 2382 alitibus
1267 2335 1470 2395 optavit
1487 2333 1588 2383 Pa·

528 2405 749 2454 latinum
783 2415 1030 2472 montem,
1065 2410 1157 2458 ubi
1190 2411 1444 2460 colonia-
1465 2425 1589 2460 eon-

529 2481 657 2531 dere
679 2483 1005 2534 destinabat:
1041 2487 1233 2536 Remus
1268 2501 1392 2536 vero
1412 2486 1587 2537 Aren-

529 2558 696 2607 tinnm
717 2562 1035 2624 contignum.

595 2627 1641 2705 -AAi-angnmautanpueqanq'

526 2710 800 2774 Templum
833 2714 999 2777 (quod
1024 2730 1056 2764 a
1076 2714 1292 2777 tuendo,
1325 2716 1434 2763 sive
1468 2730 1588 2763 eon·

527 2789 794 2850 spiciendo
813 2789 1011 2839 dictum
1045 2790 1252 2853 volunt)
1280 2805 1385 2838 nou
1420 2791 1586 2839 solnm

527 2863 596 2910 de
623 2863 738 2912 aede
761 2880 910 2912 saera
929 2866 1154 2924 dicitur;
1188 2865 1280 2914 sed
1314 2865 1380 2912 de
1402 2867 1586 2928 quovis

525 2938 646 2986 loeo
681 2953 774 2986 seu
809 2940 1001 3002 spatio,
1033 2940 1171 3003 quod
1193 2941 1246 2987 in
1272 2940 1403 2988 eoelo
1426 2942 1508 2989 vel
1533 2942 1585 2989 iu

527 3022 671 3064 terra
690 3022 942 3078 notatum,
963 3030 1025 3064 ac
1045 3016 1178 3064 lituo
1193 3014 1396 3063 finitum
1417 3023 1498 3064 est
1519 3015 1587 3065 ab

527 3103 725 3153 augure
762 3091 829 3139 ad
867 3090 1340 3154 contemplandum.
1404 3090 1587 3155 Desig-

527 3165 724 3215 nabant
777 3167 976 3216 scilicet
1028 3168 1264 3228 regiones
1316 3174 1585 3231 metasque

528 3242 877 3302 certas,iutra
904 3255 1034 3305 quas
1065 3256 1122 3289 se
1160 3242 1308 3305 signa
1340 3241 1585 3290 observa-

524 3324 674 3367 turos
706 3318 1124 3367 constituebant:
1165 3333 1267 3382 quo
1300 3317 1440 3366 facto
1475 3326 1582 3367 sta·

527 3395 622 3443 tim
659 3395 1007 3458 captabantur
1026 3395 1259 3457 auguria.
1325 3393 1466 3442 Hinc
1495 3410 1581 3442 ex·

523 3471 696 3535 templo
726 3471 945 3534 dietum,
985 3485 1079 3534 pro
1111 3470 1302 3519 subito.
1369 3469 1582 3531 Ianga-

521 3548 667 3596 rndi
700 3555 874 3597 antem
906 3547 1117 3596 verbnm
1148 3547 1303 3595 modo
1338 3555 1581 3596 nentrum

524 3632 626 3680 est,
659 3627 1020 3688 accipiturque
1052 3624 1290 3674 absolute
1313 3639 1408 3687 pro
1445 3627 1462 3652 ‘
1488 3640 1580 3673 au·

523 3702 724 3763 gui-ium
737 3710 951 3765 captare
967 3700 1003 3760 ;’
1016 3710 1072 3750 et
1087 3702 1163 3749 sic
1174 3699 1421 3749 Auctoris
1434 3714 1579 3749 mens

524 3777 644 3834 erit,
681 3787 882 3826 montes
921 3777 1052 3827 duos
1098 3792 1194 3839 pro
1230 3777 1434 3838 tamti-s,
1467 3777 1581 3823 sive

526 3853 769 3912 captandi
810 3854 1010 3917 augurii
1047 3851 1278 3912 sedibus,
1299 3867 1330 3899 a
1363 3851 1581 3899 Romulo

525 3933 584 3974 et
605 3926 770 3975 Remo
789 3926 946 3977 fuisse
967 3936 1272 3990 occupatos.
1323 3927 1486 3975 Modo
1505 3926 1585 3973 ia-

521 4016 760 4062 ngurare
781 4006 952 4054 active
973 4007 1210 4060 sumitur,
1235 4008 1295 4053 nt
1315 4002 1581 4066 significet

525 4077 687 4125 certis
709 4084 765 4125 et
796 4081 1063 4141 conceptis
1098 4081 1268 4129 verbis
1289 4079 1582 4142 designare,

524 4167 591 4202 ac
630 4154 769 4201 velut
805 4168 1128 4204 consecrare.
1193 4155 1348 4204 Unde
1381 4156 1428 4202 si
1464 4169 1576 4202 ver·

523 4228 652 4279 bum
672 4230 737 4278 ad
758 4239 1059 4294 sequentem
1095 4245 1272 4280 vocem
1303 4232 1478 4293 templa
1497 4245 1579 4279 re-

521 4307 743 4373 feratur,
775 4308 1054 4359 dicendum
1085 4310 1188 4359 erit
1219 4311 1354 4360 velle
1383 4307 1577 4359 Aucto-

1666 1431 1775 1465 rem
1798 1432 1827 1465 a
1842 1416 2059 1481 geminis
2074 1417 2325 1467 fratribus
2344 1417 2567 1467 insessos
2581 1431 2725 1466 mou·

1664 1499 1766 1554 tes,
1788 1500 1847 1541 nt
1866 1494 1920 1540 in
1940 1493 2005 1542 iis
2038 1495 2215 1556 te-pla
2248 1495 2635 1556 inaugurarent,
2669 1500 2727 1541 et

1662 1570 1867 1617 solenni
1902 1584 2155 1631 anguru-
2194 1571 2300 1619 rita
2327 1584 2476 1618 suun
2504 1568 2725 1632 quisque

1663 1646 1783 1692 eoeli
1804 1646 2029 1708 spatium
2053 1662 2121 1694 ex
2157 1647 2219 1694 iis
2253 1654 2579 1705 metaretnr3
2605 1658 2725 1708 «με

1662 1722 1904 1784 acceptio
1925 1723 2081 1784 paulo
2103 1720 2445 1786 frequentior.
2765 1761 2773 1766 .

1720 1798 1911 1859 Templa
1928 1797 2145 1860 cupiat]
2169 1799 2289 1847 Hoc
2305 1805 2405 1857 est,
2424 1795 2726 1845 Palatinum

1663 1880 1723 1922 et
1744 1871 2055 1922 Aventinu-
2074 1873 2451 1937 montegqnasi
2468 1874 2585 1920 loca
2601 1879 2729 1934 apta

1664 1949 1731 1997 ad
1751 1951 2017 2014 captanda
2036 1953 2277 2016 auguria,
2306 1951 2565 2013 deligunt.
2618 1947 2727 1997 Adi

1664 2027 1875 2076 Pestun
1897 2029 1950 2075 in
1987 2035 2003 2056 ⁸
2025 2026 2401 2091 contemplari:
2438 2037 2497 2075 et
2533 2025 2728 2073 Varro·

1663 2104 2253 2155 nenlib.v1.de1..I..
2302 2106 2421 2153 Vox
2459 2110 2726 2164 est-ngu-

1598 2229 1609 2236 .
1664 2182 1806 2231 ralis.
1852 2184 1990 2231 Vide
2011 2191 2068 2233 et
2098 2198 2149 2232 e.
2181 2187 2262 2232 18.
2286 2183 2375 2231 nbi
2397 2180 2727 2244 inauguratio

1665 2258 1875 2307 Numae.
1907 2261 1963 2307 J.
1989 2258 2221 2308 Clericus.

1728 2333 1760 2360 ‘
1791 2333 1936 2384 Ante
1960 2335 2089 2383 Urb.
2112 2333 2263 2383 cond.
2287 2346 2370 2381 an.
2393 2336 2442 2381 l.

1724 2419 1751 2477 9
1779 2410 1883 2459 Sea:
1910 2409 2144 2473 vultum]
2190 2409 2257 2458 In
2284 2407 2515 2472 auguriis
2532 2407 2726 2455 nullm

1662 2488 1938 2550 plurimu-
1972 2489 2053 2538 nsi
2088 2488 2345 2536 Veteres:
2392 2499 2511 2534 enm
2551 2484 2726 2533 arium

1660 2559 1775 2610 fere
1796 2564 2004 2611 minime
2023 2578 2213 2612 nocens
2231 2562 2321 2624 sit,
2339 2568 2401 2610 ut
2420 2560 2511 2625 qui
2533 2575 2640 2610 non
2658 2574 2725 2608 ex

1662 2638 1723 2686 iis
1743 2653 1864 2702 quae
1885 2645 2149 2701 seruntur,
2170 2645 2263 2687 ant
2283 2640 2608 2700 plantantur,
2630 2634 2725 2684 sed

1661 2730 1729 2763 ex
1765 2713 2101 2764 cadaveribus
2141 2720 2343 2762 tantum
2386 2713 2487 2760 sibi
2523 2713 2724 2761 victum

1662 2797 1880 2853 quaerat.
1944 2790 2085 2839 Hinc
2106 2788 2273 2837 letari
2288 2787 2498 2836 solitum
2522 2786 2727 2835 Hercu·

1658 2869 1761 2916 lem
1784 2868 1945 2917 tradit
1966 2867 2287 2923 Herodotus,
2309 2866 2353 2914 si
2382 2866 2434 2913 iu
2456 2879 2513 2912 re
2537 2877 2723 2927 geren-

1660 2944 1730 2993 da
1753 2947 1987 2994 vultures
2008 2959 2066 2993 se
2088 2942 2462 2993 ostendissent.

1724 3029 1752 3062 Ρ
1788 3022 2049 3084 Utrunque
2067 3033 2323 3081 rege-sna
2344 3015 2724 3064 nant-dom-

1656 3096 1974 3158 salatwerd]
1994 3094 2325 3144 Praedixerat
2340 3091 2593 3141 Numitor
2608 3091 2722 3153 ejus

1658 3171 1773 3221 fore
1795 3172 2071 3233 coloniam,
2094 3170 2178 3219 cui
2195 3168 2340 3232 prius
2362 3166 2608 3215 meliores
2631 3165 2721 3213 ol>-

1656 3250 1781 3297 latae
1803 3247 2031 3298 fuissent
2051 3246 2220 3295 alites.
2284 3244 2393 3293 Sed
2425 3257 2549 3293 cnm
2582 3241 2721 3290 idem

1659 3325 1830 3373 avium
1854 3339 2017 3387 genus
2040 3324 2247 3387 utrique
2279 3327 2620 3382 conspectum
2641 3333 2721 3366 es·

1659 3408 1762 3463 set,
1780 3402 2074 3465 ambignum
2098 3399 2261 3448 videri
2282 3403 2508 3462 poterat,
2525 3409 2594 3445 an
2616 3396 2721 3444 ma·

1649 3477 1784 3539 joris
1828 3478 2031 3527 numeri
2075 3475 2316 3525 habenda
2362 3480 2508 3523 esset
2549 3472 2722 3532 ratio;

1659 3569 1725 3602 an
1765 3556 1937 3618 potins
1977 3553 2246 3615 temporis,
2269 3565 2371 3615 quo
2404 3565 2464 3598 se
2496 3550 2719 3614 primum

1659 3622 1891 3678 vultures
1912 3631 2239 3679 obtulissent.
2304 3626 2475 3690 quue
2512 3640 2579 3675 eo
2611 3640 2720 3673 ma·

1658 3705 1757 3768 gis,
1767 3704 1924 3768 quod,
1933 3720 1999 3753 ex
2017 3705 2436 3761 Halicarnasseo,
2450 3700 2722 3761 Romulus,

1658 3788 1936 3844 antequam
1950 3782 2149 3842 signnm
2161 3779 2322 3827 ullum
2340 3776 2579 3839 vidisset,
2591 3790 2721 3825 nun·

1662 3857 1888 3904 tiaverat
1922 3855 2077 3905 fratri
2114 3854 2256 3918 prius
2280 3869 2313 3903 a
2332 3869 2390 3902 se
2412 3855 2554 3902 visas
2574 3853 2719 3902 addi-

1660 3942 1840 3979 centes
1852 3947 1973 3981 aves
1991 3948 2007 3980 z
2030 3930 2123 3979 sed
2139 3945 2256 3980 cnm
2270 3939 2543 3993 rogaretur
2559 3929 2719 3994 qnod-

1658 4020 1778 4055 usm
1796 4007 1936 4068 prior
1952 4006 2239 4070 auspicium
2257 4006 2497 4065 vidisset,
2514 4019 2612 4054 nec
2632 4005 2721 4054 ha-

1660 4079 1811 4130 beret
1823 4080 1960 4144 quod
1973 4079 2309 4144 responderet
2325 4095 2343 4139 ;
2380 4087 2489 4128 tum
2507 4080 2719 4128 demum

1658 4157 1894 4206 volantes
1914 4156 2184 4208 duodecim
2208 4157 2441 4207 vultures
2462 4170 2521 4206 se
2544 4166 2718 4207 osten·

1656 4231 1863 4284 derunt.
