3034 4925
561 337 689 403 178

560 500 659 560 ter
685 491 1037 559 Lavinium
1066 500 1136 559 et
1162 493 1412 559 Albam
1444 493 1746 579 Longam
1778 497 2491 563 coloniam·deductam
2523 500 2752 582 trigin-

564 604 636 661 ta
676 597 881 661 ferme
926 596 1285 662 interfuere
1324 598 1531 661 anni.¹²
1611 597 1909 668 'rantum
1945 606 2167 664 tamen
2196 619 2361 683 opes
2386 610 2754 678 creverant,

564 700 861 765 maxime
910 700 1084 766 susis
1137 699 1463 778 Etruscis,
1505 706 1585 763 ut
1628 721 1713 765 ne
1753 708 1968 767 morte
2016 702 2283 785 quidem
2331 704 2598 779 AEneae,
2629 724 2754 768 nec

564 801 826 880 deinde,
875 802 1050 869 inter
1091 803 1477 868 muliebrem
1524 805 1805 870 tutelam
1854 805 2421 891 rudimentumque
2466 807 2755 889 primum

564 904 845 986 puerilis
873 905 1078 988 regni,
1109 926 1378 972 movete
1410 925 1599 971 arma
1625 913 1741 972 aut
1772 906 2145 973 Mezentius
2173 907 2606 992 Etruscique,
2642 914 2759 973 aut

557 1007 680 1071 ulli
713 1007 827 1072 alii
855 1009 1112 1074 accolae
1142 1009 1290 1074 ausi
1322 1010 1471 1074 sint.
1560 1008 1716 1073 Pax
1754 1010 1846 1075 ita
1892 1022 2310 1089 convenerat,
2349 1018 2422 1077 nt
2452 1010 2757 1076 Etruscis

569 1109 965 1194 Latinisque
1008 1111 1255 1178 fluvius
1306 1111 1581 1191 Albula,
1636 1132 1837 1196 quem
1882 1129 2053 1178 nunc
2099 1113 2448 1177 Tiberim⁰
2493 1119 2757 1191 vocant,

565 1211 720 1275 finis
761 1211 991 1278 esset.p
1078 1215 1351 1300 Sylvius
1381 1216 1624 1281 deiude
1664 1224 1947 1299 regnat,‘¹
1970 1213 2000 1244 ⁴*
2030 1215 2310 1281 Ascanii
2356 1216 2563 1293 filius,
2596 1235 2758 1281 casu

566 1315 874 1402 quodam,
904 1317 972 1381 in
1020 1318 1231 1402 sylvis
1276 1327 1497 1384 natus.
1588 1320 1662 1385 Is
1705 1320 1965 1385 AEnean
2025 1319 2327 1404 Sylvium
2382 1327 2595 1384 creat.
2684 1319 2756 1384 Is

566 1416 802 1483 deinde
847 1419 1159 1485 Latinum
1199 1420 1522 1506 Sylvium.
1609 1420 1724 1487 Ab
1753 1443 1837 1488 eo
1866 1422 2151 1490 coloniae
2187 1422 2444 1506 aliquot
2465 1429 2487 1457 ¹
2510 1422 2758 1488 deduc·

1501 352 1570 399 T.
1618 352 1809 402 mvn

1555 1587 1775 1638 NOTAE

569 1709 732 1772 ripam
757 1709 1096 1776 ostentantem,
1119 1714 1246 1763 etin
1280 1714 1508 1778 tumulis,
1534 1714 1622 1780 qui
1763 1711 1789 1746 Ρ
1821 1702 1962 1753 Finis
2002 1703 2145 1767 emt]
2194 1703 2401 1753 Medius
2443 1717 2652 1767 semper
2694 1704 2761 1753 E·

570 1791 690 1833 sunt
714 1785 851 1835 inter
875 1788 1124 1838 verticem
1159 1791 1345 1839 montis
1377 1797 1431 1839 et
1456 1792 1624 1847 lacum
1699 1785 1901 1830 truscos
1921 1780 2059 1830 inter
2080 1788 2136 1831 et
2159 1781 2370 1831 Latinos
2393 1780 2539 1829 limes
2561 1779 2763 1829 Tiberis

570 1861 848 1924 Albanum,
866 1862 1026 1914 fuisse
1061 1865 1249 1929 probat
1270 1881 1337 1916 ex
1361 1866 1628 1918 Halicarn.
1700 1855 1823 1906 fust·
1902 1856 2063 1907 1¹1ffi0
2107 1856 2310 1921 ‘lumem
2355 1871 2452 1920 1¹0¹·
2494 1857 2758 1906 ΕΤῑῑῑὶῑω

568 1947 624 1988 et
668 1940 939 1990 Cicerone.
1007 1941 1312 1992 Holstenius
1355 1942 1452 1992 sub
1492 1944 1627 2008 jugo
1702 1936 1914 1999 ltbitm',
1954 1935 2045 1986 Sed
2089 1949 2207 1985 mox
2255 1935 2318 1985 ab
2374 1950 2438 1984 et
2489 1936 2761 1998 distinguit

568 2016 758 2065 montis
781 2014 968 2066 Albani
992 2017 1149 2073 locat,
1172 2018 1262 2081 qui
1284 2018 1437 2084 vulgo
1459 2020 1630 2071 Monte
1704 2012 1967 2063 Umbl'lm
1989 2012 2187 2077 Ρῐῗΰῑῡῖ
2220 2012 2339 2062 ‘¹⁹3⁰
2370 2012 2592 2062 sabin&
2624 2013 2761 2062 1⁴⁸⁶·

574 2094 722 2154 Gneo,
760 2093 825 2142 ad
862 2094 1255 2152 Meridionalem
1278 2096 1418 2147 lacus
1439 2096 1631 2148 Albani
1701 2097 1925 2157 11111911θὶ
1958 2089 2046 2140 ubl
2061 2087 2333 2140 Veientem
2356 2091 2563 2141 Tuscia!
2584 2105 2762 2153 ugrum

571 2170 756 2234 ripam.
823 2172 983 2222 Ponit
1001 2172 1174 2237 itaque
1198 2181 1426 2224 veterem
1439 2173 1630 2224 Albam

569 2245 710 2295 inter
731 2247 1011 2298 Castellum
1035 2248 1353 2314 Gandulphi,
1377 2256 1432 2298 et
1454 2250 1628 2314 Capu·

571 2324 800 2373 cinerum
824 2324 1144 2375 Coenobinm.
1211 2326 1327 2376 Nec
1345 2327 1499 2390 longe
1522 2326 1632 2377 abit

570 2400 872 2451 Kircherus.
934 2402 1020 2452 Ab
1053 2401 1190 2453 Alba
1220 2404 1404 2469 Longa
1445 2415 1632 2454 vocan-

575 2485 660 2527 tur
693 2479 888 2545 Albani,
925 2480 990 2529 ab
1026 2480 1167 2531 Alba
1195 2483 1505 2547 Marsorum,
1539 2481 1630 2532 Az-

575 2555 749 2606 ben-res.

633 2640 658 2666 ¹
697 2633 919 2695 Triginta
950 2634 1109 2696 ferme
1164 2635 1424 2698 intetfroere
1489 2636 1630 2701 anni]

575 2710 895 2760 Numerandi
938 2722 1059 2763 sunt
1097 2712 1150 2762 bi
1190 2714 1402 2777 triginta
1435 2714 1557 2764 anni
1600 2726 1632 2765 ι

573 2787 784 2836 condito
809 2802 901 2851 per
931 2787 1147 2839 AEneam
1181 2790 1419 2854 Lavinio,
1438 2804 1538 2841 non
1563 2790 1630 2841 ab

573 2863 705 2912 inito
730 2878 823 2926 per
845 2862 1127 2914 Ascanium
1152 2881 1330 2931 regno,
1362 2868 1499 2932 quod
1513 2868 1632 2917 Vir·

575 2937 727 3002 gilius
753 2954 957 3005 quoque
976 2941 1186 2991 indicat.
1242 2942 1521 2993 conditum
1542 2961 1631 2996 au·

576 3023 682 3064 tem
740 3015 940 3065 videtur
993 3017 1262 3067 Lavinium
1318 3019 1470 3082 paulo
1513 3028 1635 3084 post

576 3088 856 3142 adventum
881 3092 1080 3155 AEneae,
1116 3092 1273 3144 ducta
1306 3095 1512 3146 scilicet
1537 3098 1633 3149 La·

577 3169 733 3230 vinis,
767 3169 946 3220 Latino
979 3172 1147 3221 adbuc
1163 3173 1477 3237 superstit03
1515 3181 1637 3237 post

574 3245 721 3309 cnjus
764 3245 962 3296 obitum
1003 3247 1189 3298 AEneas
1240 3256 1347 3299 tres
1396 3251 1635 3314 regnavit

574 3335 769 3372 annos:
820 3321 962 3372 unde
1005 3323 1258 3374 Ascanius
1301 3339 1435 3374 anno
1489 3325 1636 3390 regni

574 3399 785 3450 circiter
805 3403 887 3452 25.
908 3399 1095 3449 Albam
1121 3407 1321 3451 struere
1344 3402 1523 3466 coepit.

637 3482 661 3508 ⁰
694 3475 841 3524 Nunc
887 3475 1119 3541 Tiberim]
1171 3477 1254 3526 De
1295 3477 1497 3528 Tiberis
1542 3495 1633 3545 sp·

575 3550 858 3615 pellatione
897 3553 970 3602 ite
1010 3552 1212 3603 Plinius
1250 3552 1338 3602 lib.
1374 3567 1462 3603 ιιι.
1498 3569 1545 3605 c.
1583 3561 1633 3606 ὅ.

578 3627 779 3686 Tiberis,
817 3635 972 3679 antea
1009 3628 1180 3693 Tybris
1222 3630 1536 3693 appellatus,
1575 3639 1632 3681 et

574 3705 716 3767 prius
739 3705 932 3756 Albula.
999 3705 1262 3755 Posterius
1298 3720 1482 3756 nomen
1519 3721 1632 3758 cre·

577 3781 715 3830 ditur
734 3784 970 3833 sumsisse
993 3798 1023 3832 a
1046 3783 1294 3833 Tiberino
1309 3798 1400 3834 sen
1416 3785 1631 3837 Tiberio

577 3855 748 3917 Sylvio
792 3856 1109 3911 Albanorum
1153 3874 1294 3923 rege,
1336 3862 1424 3926 qui
1476 3863 1528 3911 in
1567 3878 1631 3913 eo

574 3946 914 3983 summersus:
951 3933 1089 3986 unde
1115 3934 1300 3986 fluvius
1335 3938 1447 4002 ipse
1476 3938 1633 3988 Tibe·

578 4007 720 4057 rinus
765 4023 986 4074 quoque,
1024 4027 1055 4061 a
1103 4014 1283 4064 Poetis
1313 4018 1635 4080 prasertim,

577 4084 802 4145 dicitur3
829 4086 1032 4137 Albulae
1052 4097 1223 4139 autem
1249 4092 1521 4157 antiquum
1544 4108 1633 4143 no·

577 4175 695 4211 men
728 4175 759 4210 a
787 4162 957 4211 colore
990 4177 1135 4229 equae
1171 4166 1306 4216 albo.
1353 4168 1433 4219 ·1n
1468 4178 1635 4220 metro

583 4238 740 4291 Tibris
759 4238 1000 4290 scribitur
1022 4255 1116 4304 pro
1143 4242 1345 4293 Tiberis.

1705 2181 1737 2215 a
1770 2166 2102 2218 Crustumino
2136 2173 2191 2216 et
2224 2165 2505 2229 Fidenate3
2554 2166 2760 2217 Vatica-

1705 2257 1824 2292 num
1847 2259 1877 2294 a
1898 2244 2136 2295 Romano
2156 2244 2362 2294 dividit.
2441 2240 2449 2246 “

1768 2329 1793 2365 ‘1
1825 2321 2020 2387 Sylvius
2045 2321 2215 2372 deinde
2244 2320 2439 2384 regnat]
2473 2321 2636 2371 Hunc
2667 2321 2762 2372 As-

1705 2400 1841 2451 canii
1863 2400 2075 2451 fratrem
2093 2398 2274 2460 fuisse,
2289 2414 2390 2450 non
2405 2399 2589 2461 tilium,
2611 2400 2763 2465 paulo

1706 2488 1831 2531 ante
1853 2479 2142 2531 observavi.
2210 2478 2265 2528 Is
2287 2478 2452 2540 Sylvii
2474 2492 2763 2540 cognomen

1705 2557 1770 2606 sd
1807 2565 2037 2620 posteros
2070 2556 2381 2606 transmisit:
2418 2569 2599 2604 omnes
2630 2553 2765 2603 enim

1705 2634 1898 2685 Albani
1921 2649 2072 2699 reges
2093 2634 2254 2699 Sylvii
2272 2633 2431 2684 dicti:
2467 2632 2653 2682 eodem
2676 2647 2766 2682 ex·

1705 2712 1896 2776 empto,
1939 2726 2040 2776 quo
2089 2709 2142 2760 in
2191 2711 2413 2775 AEgypto
2469 2709 2765 2759 anrsones

1704 2789 1894 2854 primo,
1934 2787 2123 2838 deinde
2165 2786 2458 2838 Ptolemoei.
2523 2786 2644 2837 Nec
2690 2793 2768 2835 ta-

1706 2880 1823 2916 men
1851 2866 2042 2930 primns
2075 2865 2158 2916 bic
2187 2864 2393 2930 Sylvius
2421 2864 2633 2914 omnino
2656 2864 2765 2914 siue

1706 2943 2061 2993 controversia
2097 2955 2311 3006 regnum
2345 2939 2570 3004 adeptus
2601 2949 2703 2998 est,
2723 2942 2766 2990 si

1710 3018 1961 3082 Dionysio
2001 3016 2152 3067 fides.
2215 3017 2363 3066 Iulus
2398 3016 2560 3080 enim,
2596 3016 2766 3080 major

1710 3095 1919 3145 Ascanii
1945 3094 2096 3150 filins,
2118 3100 2391 3157 paternum
2414 3106 2628 3153 reguum
2664 3108 2767 3143 sm·

1709 3170 1824 3222 biit.
1891 3171 1992 3221 Sed
2026 3185 2136 3220 eam
2167 3169 2311 3220 litem
2343 3170 2417 3220 its
2448 3171 2670 3233 populns
2692 3170 2768 3220 di·

1710 3249 1881 3310 remit,
1901 3256 1959 3299 ut
1982 3248 2210 3312 Sylvius,
2245 3247 2381 3312 quod
2418 3254 2585 3298 matre
2619 3248 2768 3297 Lavi·

1708 3327 1796 3376 nia
1833 3325 1977 3390 regni
2015 3325 2227 3376 haerede
2262 3325 2570 3390 progenitus
2605 3333 2767 3387 esset,

1709 3417 1922 3468 regnum
1976 3403 2233 3453 obtineret
2261 3417 2276 3452 ε
2324 3402 2439 3452 Iulo
2495 3417 2617 3453 vero
2670 3418 2766 3466 pro

1711 3494 1866 3543 regno
1903 3494 2129 3529 summus
2167 3480 2328 3529 bonor
2359 3479 2640 3530 sacerdotii
2678 3479 2765 3529 de·

1706 3555 1959 3617 ferretur,
2005 3570 2131 3620 qno,
2170 3555 2558 3606 Halicarnassei
2600 3556 2766 3608 adbuc

1708 3639 1883 3695 aetate,
1906 3632 2181 3683 fruebatur
2202 3646 2326 3695 gens
2346 3633 2503 3684 Julia.

1775 3711 1802 3741 ⁸
1834 3709 1975 3759 Ante
1998 3709 2126 3758 Urb.
2146 3708 2300 3759 cond.
2321 3723 2402 3757 an.
2424 3713 2540 3761 886.

1772 3794 1794 3820 ¹·
1824 3785 1904 3836 Ab
1924 3801 1976 3837 eo
1996 3786 2187 3835 odonia·
2205 3786 2409 3851 aliquot]
2446 3787 2594 3837 Inter
2633 3789 2768 3839 colo·

1711 3864 1839 3925 nias,
1859 3871 2111 3927 regnante
2147 3863 2335 3913 Latino
2364 3865 2555 3929 sylvio,
2577 3866 2770 3916 deduc·

1712 3946 1794 3991 tas
1812 3941 2138 3990 nominantur
2155 3940 2219 3990 sb
2233 3941 2352 3990 Sex.
2372 3939 2610 4005 Aurelio,
2625 3941 2768 3994 Prae·

1713 4023 1883 4077 nesto,
1905 4015 2084 4075 Tibur,
2105 4015 2282 4076 Gabii,
2297 4016 2598 4080 Tusculum,
2614 4018 2767 4080 Cora,

1713 4092 1971 4155 Pometia,
2012 4092 2234 4142 Corioli:
2272 4092 2374 4157 (sic
2416 4094 2554 4142 enim
2597 4094 2769 4159 legen·

1715 4170 1853 4224 dum,
1890 4170 1940 4217 ni
1981 4167 2152 4229 fallor,
2183 4183 2288 4218 non
2324 4168 2526 4235 laerte)
2561 4172 2764 4221 Crustu·

1717 4246 1893 4310 mium,
1934 4245 2168 4312 Capena,
2213 4245 2449 4297 Bovillas.
2523 4247 2767 4312 Virgilius
