3034 4925
537 332 674 424 316ss
1443 347 1767 397 ‘unum

1304 534 1598 596 395-423.
1652 534 1979 597 Honorius.

545 669 554 680 ⁴
626 680 856 755 Stilico,
884 689 1045 742 tutor
1071 679 1202 759 ejus
1228 689 1291 740 et
1316 681 1530 754 affinis,
1570 686 1713 743 405.
1758 679 2189 761 Radagaisum,
2217 679 2549 740 Gothorum
2577 682 2725 742 occi-

549 779 769 846 dental.
799 778 1035 851 ducem,
1072 777 1367 859 profligat,
1396 780 1504 840 sed
1531 783 1677 843 408.
1703 790 1972 851 necatur,
1997 779 2141 859 quia
2166 797 2301 839 cum
2320 777 2579 849 Alarico,
2598 796 2728 838 suc-

555 895 793 937 cessore
824 876 976 957 ejus,
999 876 1374 957 conspirasse
1400 877 1680 941 creditur.
1764 878 2053 938 395-408.
2095 874 2407 944 Arcadius,
2436 874 2605 958 cujus
2629 873 2725 933 im-

546 961 779 1053 'p‘erium
825 973 1108 1035 affectant
1153 974 1428 1048 Rufinus,
1455 985 1615 1035 tutor
1661 975 1945 1056 perfidus,
1989 973 2305 1055 Eutropius
2344 971 2652 1034 eunuchus
2677 978 2732 1030 et

554 1070 806 1145 Gainas,
854 1071 979 1132 dux
1022 1070 1379 1141 Gothorum.
1425 1090 1463 1131 a
1498 1072 1718 1136 Rufino
1745 1073 1973 1133 accitus
1992 1091 2013 1140 ;
2056 1071 2159 1150 qui
2202 1089 2340 1129 mox
2380 1087 2586 1130 omnes
2610 1086 2731 1148 per-

552 1177 717 1230 eunt.
772 1169 910 1239 Quo
939 1168 1100 1228 facto
1130 1167 1402 1229 Eudoxia
1426 1171 1704 1251 Aug-usta
1729 1179 1965 1250 regnat.
2035 1170 2175 1252 397.
2220 1166 2455 1228 Bellum
2470 1164 2733 1226 Gildoni·-

550 1284 711 1339 cum,
736 1284 776 1326 a
800 1265 1082 1337 Gildone,
1110 1265 1328 1326 comite
1356 1267 1599 1339 Africoe,
1641 1277 1890 1327 motum.
1975 1267 2265 1326 399-420.
2308 1259 2659 1323 Izdescherd
2690 1279 2732 1321 ι.

551 1365 696 1428 400,
736 1363 1110 1444 Hesychiusz
1154 1363 1439 1444 Longus3
1484 1364 1761 1425 Hermias
1791 1365 2191 1430 Sozomenusz
2234 1359 2580 1442 Eunnpiusz
2609 1359 2732 1418 Ser·

551 1449 706 1525 vius.
811 1461 1108 1520 402-417.
1179 1459 1561 1522 Innocentius
1592 1480 1641 1522 1.
1742 1464 1886 1522 403.
1948 1459 2313 1541 Epiphanius
2359 1457 2502 1517 obit.
2600 1458 2730 1515 405.

547 1551 936 1615 Prudentius.
978 1553 1320 1617 Nemeeius.
1350 1556 1690 1617 Ossianus?
1770 1560 1917 1619 407.
1950 1576 2043 1637 sq.
2073 1554 2455 1617 Gundaricus
2494 1563 2559 1615 et
2584 1552 2734 1610 Gen·

557 1652 801 1713 sericus.
881 1650 1163 1726 Vandali,
1208 1653 1413 1727 Suevi,
1460 1654 1772 1734 Burgundi
1821 1670 1883 1715 et
1924 1652 2123 1714 Alani.
2205 1654 2349 1713 407.
2391 1670 2482 1731 sq.
2526 1651 2588 1709 in
2617 1648 2734 1706 Bri·

549 1748 767 1809 tannia
810 1759 874 1810 et
899 1748 1101 1809 Gallia
1127 1749 1516 1830 Imperatores
1545 1752 1878 1812 salutantur
1905 1750 2172 1823 Marcus,
2211 1747 2557 1819 Gratianus,
2586 1745 2735 1805 Con·

562 1846 884 1933 stantinus,
924 1845 1250 1919 Constans,
1299 1847 1641 1916 Maximus3
1684 1850 1828 1908 411.
1869 1846 2238 1930 Magontiaci
2273 1845 2528 1905 Jovinus
2553 1855 2615 1903 et
2640 1841 2735 1901 Se·

557 1943 906 2012 bastianus3
949 1945 1096 2006 413.
1141 1943 1207 2004 in
1234 1943 1438 2004 Africa
1483 1944 1878 2006 Heraclianus
1923 1963 2149 2005 comes.
2228 1943 2531 2003 408ο450.
2556 1938 2736 1999 Theo·

560 2039 766 2100 dosius
795 2060 876 2101 11.
921 2040 1027 2121 qui
1072 2059 1232 2100 anuo
1279 2037 1479 2101 aetatis
1508 2061 1670 2102 v111.
1715 2041 2019 2122 imperium
2069 2041 2331 2100 Orientis
2379 2049 2593 2098 nactus
2630 2036 2737 2118 pri-

558 2157 724 2197 mum
765 2137 1160 2198 saluberrimis
1203 2138 1505 2199 Anthemii
1548 2140 1758 2201 tutoris
1802 2150 1869 2199 et
1905 2138 2239 2199 Pulcherioe
2265 2136 2510 2207 sororis,
2538 2130 2738 2194 deinde

563 2234 736 2295 malis
776 2234 1042 2295 consiliis
1090 2234 1392 2306 Antiochi,
1440 2235 1823 2317 Chrysaphii,
1865 2235 2230 2315 aliorumque
2269 2232 2738 2294 cubiculariorum

568 2331 1086 2411 eunuchorumque
1128 2351 1275 2391 usus
1314 2344 1427 2403 est,
1464 2344 1527 2392 et
1572 2353 1781 2412 pacem
1816 2352 1952 2394 cum
1982 2333 2222 2392 Hunnis
2267 2329 2480 2411 grandi
2506 2325 2741 2409 pecunia

565 2429 837 2491 redemit.
919 2431 1065 2491 408.
1091 2431 1237 2491 409.
1265 2430 1603 2513 Olympius,
1633 2442 1696 2493 et
1714 2433 1856 2493 409.
1886 2452 1981 2511 sq.
2007 2429 2215 2491 Jovius
2244 2427 2513 2489 Stiliconi
2541 2422 2741 2486 suffici·

569 2541 767 2598 untur,
795 2527 935 2587 mali
974 2527 1262 2588 homiues.
1343 2531 1643 2589 408-410.
1686 2528 1880 2589 Roma
1903 2540 1997 2588 ter
2033 2536 2381 2609 oppugnata
2422 2545 2493 2585 ac
2537 2524 2743 2601 direpta

571 2626 648 2684 ab
673 2624 929 2696 Alarico,
956 2634 1019 2684 et
1044 2623 1284 2684 Attalus
1313 2624 1639 2705 Imperator
1663 2625 2047 2687 constitutus.
2119 2626 2263 2684 410.
2296 2622 2530 2682 Alarico
2558 2635 2743 2680 succe-

572 2721 664 2779 dit
690 2721 1024 2801 Ataulphus
1051 2722 1440 2801 propinquus,
1485 2722 1590 2802 qui
1617 2742 1752 2782 cum
1785 2721 2048 2781 Honorio
2076 2739 2286 2800 pacem
2316 2717 2483 2791 facit,
2532 2730 2590 2777 et
2617 2714 2742 2773 414.

571 2815 756 2883 ducta
777 2817 908 2895 ejus
945 2836 1146 2879 sorore
1173 2816 1467 2889 Placidia,
1491 2819 1554 2879 iu
1586 2817 1941 2900 Hispaniam
1969 2817 2261 2878 adversus
2290 2815 2600 2875 vandalos
2626 2827 2743 2891 pro·

576 2912 789 2981 fectus,
814 2915 958 2975 415.
985 2931 1027 2971 a
1052 2912 1178 2970 suis
1204 2913 1508 2974 occiditur.
1591 2916 1735 2975 409.
1763 2934 1859 2994 sq.
1902 2915 2195 2986 Saxones,
2234 2912 2389 2973 Picti
2426 2921 2489 2972 et
2513 2910 2671 2971 Scoti
2695 2905 2745 2962 in

579 3006 910 3069 Britannia.
1015 3010 1160 3069 410.
1226 3008 1482 3070 Nonnus
1512 3032 1533 3078 ς
1601 3010 1917 3091 Pelagium
1989 3011 2315 3091 Syuesins3
2386 3004 2743 3068 Macrobius:

581 3103 881 3183 Sulpicius
934 3105 1208 3165 Severus.
1289 3106 1625 3186 Xenophon
1674 3107 2016 3186 Ephesius?
2057 3105 2393 3166 Chariton?
2471 3099 2745 3165 410-476·

583 3199 910 3260 Hierocles.
991 3202 1293 3263 412-485.
1335 3203 1607 3264 Proclus.
1689 3206 1985 3265 415-419.
2025 3203 2249 3263 Wallia
2288 3223 2391 3263 rex
2438 3201 2745 3262 Gothorum

582 3297 646 3356 iu
690 3296 1002 3378 Hispania,
1030 3321 1344 3362 successor
1391 3301 1694 3382 Ataulphi.
1771 3304 1918 3361 416.
1958 3300 2219 3360 Rutilius
2263 3301 2653 3359 Numatianus
2697 3300 2748 3348 et

588 3392 862 3457 Orosius.
940 3400 1237 3459 419-451.
1276 3400 1679 3460 Theodericus
1710 3418 1759 3459 1.
1779 3399 1883 3478 qui
1903 3417 2155 3478 regnum
2185 3396 2517 3457 Gothorum
2546 3395 2602 3453 in
2630 3388 2747 3451 uis·

583 3492 764 3572 panis
815 3490 1153 3573 amplificat.
1260 3499 1557 3557 420-440.
1598 3494 1933 3557 vararanes
1975 3515 2041 3555 v.
2146 3495 2447 3555 421-440.
2488 3483 2749 3551 Athenais

583 3609 640 3653 ³·
669 3590 956 3661 Eudocia,
987 3589 1218 3649 Leontii
1263 3589 1484 3670 philos.
1508 3591 1633 3652 filia
1656 3603 1721 3654 et
1756 3591 2008 3672 poetria,
2047 3600 2143 3650 est
2174 3609 2324 3650 uxor
2346 3582 2658 3649 Theodosii
2683 3597 2746 3640 11·

583 3696 654 3747 et
694 3689 772 3747 ab
820 3707 877 3748 a.
922 3690 1220 3749 440460.
1276 3687 1705 3768 Hierosolymis
1730 3687 1895 3762 vivit,
1932 3685 2129 3748 aulam
2176 3686 2507 3764 relinquere
2545 3688 2750 3743 coacta·

588 3784 734 3843 421.
775 3782 1185 3859 Constantius,
1225 3785 1440 3845 Gallie
1466 3805 1693 3860 comes,
1717 3786 1821 3866 qui
1867 3804 1926 3847 a.
1965 3787 2110 3845 417.
2156 3781 2505 3855 Placidiam,
2533 3768 2751 3841 Houorii

593 3897 854 3940 sororem
880 3881 1154 3956 duxerat,
1180 3883 1250 3941 fit
1274 3901 1524 3943 consors
1544 3882 1791 3963 imperii,
1818 3882 1927 3943 sed
1954 3900 2093 3940 mox
2118 3879 2381 3941 moritur.

1357 4079 1663 4139 423-425.
1699 4075 2027 4148 John-m,

598 4182 986 4275 Primicerius‘
1003 4187 1403 4251 Notariorum.
