3034 4925
544 366 675 433 188

1473 379 1781 428 ¹1⁸.1.1V11

547 526 899 605 Romulus,
941 526 1200 591 Remus
1247 522 1705 589 Aventinumm
1755 527 1843 592 ad
1899 524 2428 609 inaugurandum
2483 528 2741 612 templa

548 629 852 711 capiunt.
856 637 883 665 ¹²
899 624 929 655 '

561 734 694 796 ..7
738 731 955 795 Priori
986 729 1208 795 Remo
1238 728 1587 811 augurium
1622 729 1887 794 venisse
1919 731 2141 810 fertur,
2185 752 2313 797 sex
2354 733 2693 797 vultures·
2675 739 2742 812 ,⁰

538 834 842 917 jamque,
864 834 1182 898 nuntiato
1197 834 1501 915 augurio,
1532 852 1703 898 011111
1712 831 1969 916 duplex
2002 853 2314 899 numerus
2339 836 2640 900 Romulo
2664 845 2741 898 se

549 935 977 1013 ostendisset,
1034 941 1379 1019 utrumque
1422 956 1667 1018 regem.
1700 955 1828 1000 sua
1871 937 2232 1002 multitudo
2273 925 2742 1002 consalutave-

547 1043 653 1102 rat
675 1047 734 1100 :1³
782 1044 1073 1122 tempore
1114 1037 1217 1101 illi
1246 1040 1642 1123 praecepto?
1689 1044 1759 1103 at
1785 1039 1857 1103 hi
1883 1060 2155 1106 numero
2180 1041 2433 1120 avium,
2461 1057 2738 1123 regnum

557 1195 564 1202 ⁴
612 1186 639 1219 Β
662 1188 750 1237 1Πὶ
771 1189 893 1251 quod
914 1191 1118 1252 tempore
1139 1189 1484 1239 antecederent.

1529 1301 1745 1353 No'rAE

548 1399 664 1448 dem
691 1400 771 1448 vel
796 1414 824 1448 a
850 1400 1018 1449 Roma
1054 1400 1213 1449 nobili
1242 1399 1470 1457 foemina,
1492 1400 1601 1451 sive

547 1477 811 1540 Trojanae,
836 1479 943 1527 sive
980 1479 1180 1528 ltalicae
1208 1480 1416 1541 stirpis:
1455 1478 1538 1527 vel
1573 1493 1604 1527 a

547 1553 815 1602 conditore
846 1554 1009 1604 Romo
1037 1563 1129 1610 aut
1153 1555 1375 1616 Romulo
1397 1554 1602 1617 imposi-

548 1637 655 1684 tum
679 1634 874 1684 volunt.
929 1635 1131 1685 Solinus
1153 1643 1209 1685 et
1234 1635 1416 1684 Festus
1439 1633 1602 1684 dedu·

547 1714 672 1762 cum
692 1723 722 1756 a
742 1709 929 1758 Graeco
953 1711 1157 1759 nomine
1178 1709 1345 1772 Ῥώμη,
1362 1710 1499 1776 quod
1521 1727 1603 1761 ro·

550 1783 647 1834 bur
684 1799 773 1834 seu
810 1785 1163 1837 fortitudinem
1196 1787 1467 1851 significat.
1536 1787 1602 1837 ld

543 1860 637 1909 ille
661 1860 724 1909 ab
748 1861 991 1912 Evandro
1029 1864 1247 1926 primum
1286 1864 1464 1913 datum
1508 1865 1602 1928 ait,

548 1936 657 2000 qui,
679 1951 793 1985 cum
819 1936 887 1987 ibi
912 1938 1156 2003 oppidum
1181 1937 1484 1989 offendisset
1507 1940 1602 1989 Va-

546 2013 704 2062 lentioe
725 2014 977 2065 vocabulo
999 2030 1030 2064 a
1055 2016 1252 2066 Latinis
1272 2015 1484 2078 dictum,
1505 2017 1603 2065 Ro·

544 2104 651 2139 meu
672 2105 762 2139 sua
784 2090 958 2154 lingua
993 2091 1199 2155 dixerit,
1219 2098 1426 2141 servata
1446 2091 1602 2155 signi-

545 2165 807 2215 ficatioue.

550 2259 562 2266 ·
611 2249 646 2274 ¹¹¹
683 2242 860 2291 Remus
892 2242 1206 2306 Aventinum]
1238 2244 1484 2292 Romulus
1523 2256 1603 2292 se·

545 2315 665 2365 dem
690 2317 1024 2368 observandis
1047 2319 1258 2368 alitibus
1281 2319 1483 2381 optavit
1501 2319 1601 2369 Pa·

543 2391 761 2441 latinum
798 2402 1042 2458 montem,
1080 2395 1169 2445 ubi
1205 2396 1458 2445 coloniam
1479 2409 1602 2445 con-

544 2467 671 2517 dere
695 2469 1018 2520 destinabat:
1055 2473 1245 2522 Remus
1282 2486 1406 2522 vero
1427 2471 1600 2522 Aven-

544 2544 709 2594 tinum
732 2547 1048 2610 contiguum.

610 2629 634 2654 ¹¹
667 2620 748 2670 Aa
769 2623 1147 2685 inaugurandum
1181 2625 1352 2687 templa
1380 2624 1599 2689 capiunt]

542 2694 814 2760 Templum
849 2699 1011 2763 (quod
1039 2716 1069 2749 a
1092 2699 1304 2762 tuendo,
1340 2700 1447 2748 sive
1483 2715 1603 2749 con·

543 2775 807 2836 spiciendo
830 2775 1025 2825 dictum
1060 2775 1265 2840 volunt)
1297 2790 1399 2824 nou
1435 2777 1600 2825 solum

543 2849 609 2897 de
639 2850 751 2898 aede
778 2865 924 2899 sacra
946 2852 1167 2911 dicitur3
1204 2850 1295 2900 sed
1329 2851 1394 2899 de
1417 2852 1601 2914 quovis

541 2924 661 2972 loco
697 2940 788 2973 seu
825 2925 1015 2988 spatio,
1048 2925 1184 2989 quod
1208 2926 1259 2974 iu
1288 2924 1416 2974 coelo
1441 2927 1523 2974 vel
1549 2927 1600 2974 in

544 3008 685 3050 terra
706 3008 956 3064 notatum,
979 3015 1039 3051 ac
1064 3002 1192 3050 lituo
1208 3000 1410 3049 finitum
1433 3008 1512 3050 est
1535 3000 1601 3050 ab

544 3089 739 3139 augure
778 3076 843 3125 ad
884 3075 1355 3139 contemplandum.
1421 3075 1602 3140 Desig-

543 3152 737 3201 nabant
793 3152 991 3201 scilicet
1045 3152 1278 3214 regiones
1334 3157 1600 3216 metasque

545 3236 737 3288 certas,
757 3226 891 3277 intra
920 3241 1047 3292 quas
1082 3241 1136 3275 se
1176 3227 1321 3290 signa
1356 3225 1600 3275 observa-

541 3309 689 3353 turos
723 3303 1139 3353 constituebant:
1182 3318 1281 3367 quo
1318 3301 1455 3351 facto
1491 3310 1596 3352 sta·

544 3381 637 3429 tim
676 3380 1020 3444 captabantur
1043 3380 1273 3443 auguria.
1342 3378 1481 3427 Hinc
1512 3395 1597 3428 ex·

541 3457 711 3521 templo
743 3456 960 3520 dictum,
1001 3470 1094 3519 pro
1128 3454 1317 3505 subito.
1385 3454 1597 3516 Iuaugu·

538 3534 683 3583 randi
718 3539 888 3584 autem
923 3532 1132 3583 verbum
1165 3531 1318 3581 modo
1356 3540 1596 3582 neutrum

542 3616 642 3666 est,
678 3612 1035 3674 aecipiturque
1070 3609 1306 3677 absolute
1331 3623 1423 3673 pro
1462 3611 1477 3637 ‘
1505 3624 1595 3659 au-

541 3687 741 3748 gurium
756 3695 968 3750 captare
986 3684 1019 3746 ;’
1035 3693 1087 3735 et
1105 3687 1179 3734 sic
1191 3685 1437 3734 Auctoris
1451 3700 1595 3734 mens

542 3762 662 3821 erit,
700 3771 900 3811 montes
940 3762 1069 3812 duos
1116 3776 1210 3824 pro
1249 3761 1450 3824 templis,
1484 3762 1596 3809 sive

543 3837 789 3900 captandi
829 3837 1028 3901 augurii
1066 3835 1295 3898 sedibus,
1317 3852 1346 3885 a
1380 3836 1596 3885 Romulo

543 3920 600 3961 01
623 3911 786 3962 Remo
807 3911 964 3961 fuisse
987 3920 1288 3976 occupatos.
1340 3912 1500 3961 Modo
1523 3912 1601 3960 111-

538 4003 777 4050 augurare
798 3991 970 4039 active
993 3992 1226 4045 sumitur.
1253 3996 1312 4039 ut
1332 3986 1597 4053 significet

543 4065 703 4114 certis
727 4073 781 4114 et
814 4066 1080 4129 conceptis
1115 4066 1284 4116 verbis
1307 4065 1599 4129 designare,

542 4154 606 4189 00
649 4142 786 4190 velut
822 4156 1145 4192 consecrare.
1212 4141 1365 4190 Unde
1399 4142 1443 4189 si
1482 4156 1592 4190 ver·

540 4216 668 4266 bum
689 4219 754 4267 ad
776 4226 1076 4283 sequentem
1113 4232 1288 4268 vocem
1321 4218 1494 4280 templa
1515 4230 1595 4266 re-

540 4295 759 4363 feratur,
794 4295 1070 4348 dicendum
1104 4296 1204 4346 erit
1237 4297 1369 4347 velle
1401 4295 1594 4346 Aucto-

1679 1414 1787 1450 rem
1812 1416 1839 1449 a
1856 1398 2071 1465 geminis
2088 1395 2338 1451 fratribus
2358 1400 2581 1450 insessos
2596 1414 2739 1449 mon·

1681 1481 1778 1538 tes,
1803 1484 1858 1525 ut
1882 1476 2017 1526 iniis
2053 1478 2228 1540 templa
2262 1478 2647 1540 inaugurarent,
2683 1483 2741 1524 et

1677 1553 1879 1602 solenni
1918 1568 2166 1616 augurum
2210 1554 2311 1603 ritu
2342 1567 2488 1602 suum
2519 1552 2740 1616 quisque

1678 1629 1795 1677 coeli
1819 1629 2041 1694 spatium
2067 1645 2134 1678 ex
2171 1630 2232 1679 iis
2268 1636 2591 1688 metat-etun
2618 1641 2739 1694 quaeg

1676 1705 1917 1768 acceptio
1941 1706 2094 1768 paulo
2118 1704 2458 1770 frequentior.
2780 1743 2787 1750 .

1735 1782 1924 1843 Templa
1944 1780 2158 1844 capiunt]
2182 1782 2302 1830 Hoc
2320 1788 2417 1842 est,
2438 1778 2740 1828 Palatinum

1678 1863 1735 1905 et
1759 1856 2068 1906 Aventinum
2090 1864 2308 1918 montes,
2318 1855 2463 1920 quasi
2482 1857 2597 1904 1000
2614 1861 2745 1916 apta

1678 1932 1744 1988 ad
1766 1934 2029 1998 captanda
2052 1936 2290 1999 auguria,
2322 1933 2579 1996 deligunt.
2635 1929 2743 1980 Adi

1679 2011 1888 2060 Festum
1912 2011 1963 2060 in
2001 2018 2017 2041 ⁸
2041 2009 2414 2075 contemplari,'
2453 2019 2509 2058 et
2549 2009 2743 2057 Varro-

1679 2101 1795 2137 nem
1816 2088 1907 2137 lib.
1930 2103 2009 2138 vt.
2034 2087 2100 2137 de
2123 2090 2182 2139 Ι..
2205 2089 2267 2137 L.
2316 2089 2435 2136 Vox
2473 2092 2558 2135 est
2579 2098 2741 2147 augu-

1613 2213 1622 2221 ,
1680 2166 1818 2215 ralis.
1868 2168 2003 2216 Vide
2027 2174 2080 2217 01
2113 2180 2162 2216 0.
2195 2171 2275 2241 Ιβ.
2301 2165 2387 2215 nbi
2411 2163 2743 2228 inauguratio

1680 2242 1729 2291 N
1737 2257 1888 2291 umae.
1921 2243 1976 2291 J.
2005 2241 2235 2292 Clericus.

1743 2316 1773 2347 *
1808 2317 1949 2368 Ante
1976 2317 2102 2368 Urb.
2128 2317 2277 2366 cond.
2303 2329 2383 2365 an.
2408 2320 2456 2365 1.

1740 2402 1764 2460 9
1795 2394 1896 2443 Sex
1926 2393 2158 2456 vultures]
2206 2393 2270 2442 ln
2301 2390 2528 2454 auguriis
2548 2391 2742 2439 vulture

1678 2472 1951 2535 plurimum
1988 2472 2067 2522 nsi
2104 2473 2358 2521 Veteres:
2409 2481 2526 2518 cum
2566 2467 2742 2517 avium

1648 2543 1787 2616 ⁸fere
1810 2547 2017 2595 minime
2039 2561 2227 2597 nocens
2247 2545 2336 2608 sit,
2355 2551 2415 2594 ut
2436 2543 2525 2609 qui
2549 2558 2654 2593 non
2674 2557 2742 2592 ex

1677 2622 1738 2671 iis
1759 2637 1877 2687 quae
1900 2628 2163 2686 seruntur,
2186 2628 2277 2671 0111
2298 2622 2620 2684 plantantur,
2645 2617 2741 2668 sed

1677 2714 1744 2747 ex
1780 2697 2115 2748 cadaveribus
2158 2704 2357 2747 1011111111
2401 2696 2500 2745 sibi
2540 2696 2740 2744 victum

1677 2780 1895 2838 quaerat.
1959 2773 2099 2823 Hinc
2123 2773 2288 2821 laetari
2304 2771 2513 2820 solitum
2537 2769 2744 2819 Hercu·

1675 2853 1775 2902 lem
1800 2851 1960 2902 tradit
1984 2851 2301 2907 Herodotus,
2325 2849 2367 2898 si
2397 2849 2448 2898 111
2470 2862 2527 2897 10
2551 2861 2740 2912 geren-

1676 2929 1746 2978 da
1768 2931 2001 2978 vultures
2024 2942 2081 2977 se
2104 2926 2475 2978 ostendissent.

1740 3013 1766 3047 1)
1804 3006 2064 3068 Utrumque
2083 3018 2240 3066 regem
2254 3017 2338 3052 sua
2360 2998 2615 3049 multitudo
2627 3013 2740 3047 con-

1673 3081 1988 3144 salutaverat]
2010 3078 2339 3129 Praedixerat
2357 3074 2605 3125 Numitor
2623 3075 2738 3137 ejus

1673 3155 1786 3206 fore
1812 3158 2086 3216 coloniam,
2111 3154 2192 3204 0111
2212 3151 2355 3217 prius
2378 3150 2620 3200 meliores
2646 3149 2737 3197 ob·

1673 3235 1795 3282 latae
1820 3231 2046 3282 fuissent
2068 3230 2235 3281 alites.
2301 3228 2407 3278 Sed
2442 3239 2561 3277 cum
2594 3224 2737 3274 idem

1675 3309 1846 3359 avium
1871 3323 2032 3373 genus
2057 3308 2262 3372 utrique
2296 3310 2634 3366 conspectum
2657 3316 2736 3351 es·

1674 3392 1776 3447 set,
1797 3386 2088 3450 ambiguum
2114 3383 2275 3433 videri
2299 3386 2523 3446 poterat,
2541 3393 2605 3428 an
2632 3380 2737 3428 1110·

1666 3462 1799 3525 joris
1843 3463 2046 3513 numeri
2092 3459 2333 3511 habenda
2379 3465 2522 3507 esset
2564 3456 2738 3517 ratio;

1676 3554 1740 3588 an
1782 3541 1952 3602 potius
1993 3537 2261 3601 temporis,
2285 3549 2385 3600 quo
2421 3549 2478 3582 se
2511 3533 2734 3597 primum

1674 3606 1906 3664 vultures
1928 3615 2255 3665 obtulissent.
2321 3611 2489 3675 quue
2529 3624 2592 3659 eo
2626 3624 2735 3658 rua·

1675 3690 1772 3753 gis,
1785 3690 1939 3754 quod,
1950 3706 2015 3739 ex
2034 3686 2451 3746 Halicarnasseo,
2466 3686 2737 3746 Romulus,

1675 3772 1951 3829 antequam
1967 3767 2165 3828 signum
2179 3763 2337 3813 ullum
2356 3760 2593 3823 vidisset,
2607 3774 2736 3808 nun·

1678 3842 1903 3890 tiaverat
1940 3841 2093 3891 fratri
2132 3840 2272 3904 prius
2297 3854 2328 3888 a
2350 3853 2406 3887 se
2429 3839 2568 3887 visas
2588 3838 2734 3887 addi·

1676 3927 1855 3965 centes
1869 3932 1989 3966 aves
2009 3933 2023 3966 :
2047 3916 2140 3966 sed
2156 3931 2272 3965 cum
2288 3924 2558 3978 rogaretur
2574 3913 2732 3981 quod-

1674 4006 1793 4041 nam
1812 3993 1951 4055 prior
1969 3991 2255 4056 auspicium
2275 3990 2513 4051 vidisset,
2531 4003 2627 4039 nec
2647 3991 2734 4038 ha·

1678 4064 1828 4116 beret
1839 4066 1975 4132 quod
1991 4063 2357 4131 responderet:
2397 4071 2504 4114 tum
2526 4065 2733 4113 demum

1676 4143 1910 4193 volantes
1931 4142 2201 4195 duodecim
2227 4142 2456 4193 vultures
2479 4156 2537 4191 se
2560 4150 2733 4191 osten·

1675 4217 1879 4271 derunt.
