3034 4925
604 385 739 452 610

605 550 754 614 sine
780 546 1258 633 provocatione
1298 545 1512 611 creati
1543 551 1793 618 essent,
1823 546 2477 633 interpretabantur.
2575 548 2822 613 Decem

602 667 833 737 regum
859 649 1130 735 species
1153 656 1320 727 erat,
1351 648 1975 734 multiplicatusque
2012 657 2219 717 terror
2252 670 2399 716 non
2431 649 2692 716 infimis
2720 670 2822 715 so-

600 759 760 833 lum,
788 752 907 820 sod
937 752 1344 838 primoribus
1380 750 1680 830 Patrum,
1707 754 1871 818 ratis
1898 754 2111 819 cardis
2137 773 2427 819 causam
2468 773 2562 818 ac
2591 753 2821 836 prinei·

603 858 790 944 pium
822 855 1034 942 quaeri
1057 876 1076 936 3
1103 860 1222 932 ·ut,
1255 855 1319 919 si
1347 855 1506 939 quis
1547 874 1908 921 memorem
1953 856 2288 921 libertatis
2332 876 2587 921 vocem
2619 861 2738 921 aut
2762 855 2818 922 in

605 967 841 1028 senatu
910 965 1027 1024 aut
1091 958 1165 1025 in
1225 958 1483 1043 populo
1550 958 1876 1038 misisset,
1934 961 2168 1026 statim
2237 960 2455 1042 virgae
2523 977 2821 1023 secures·

604 1082 736 1147 que
805 1061 1013 1127 etiam
1082 1062 1170 1127 ad
1239 1067 1615 1127 ceterorum
1689 1070 1943 1127 metum
2017 1063 2533 1148 expedirentur.
2631 1060 2820 1138 Nan,

603 1171 1048 1249 praeterquam
1099 1164 1279 1248 quod
1334 1165 1402 1229 in
1460 1166 1717 1249 populo
1758 1167 1921 1231 nihil
1962 1172 2107 1231 erat
2153 1164 2491 1250 praesidii,
2555 1165 2819 1229 sublata

604 1268 1110 1351 provocatione,
1168 1267 1721 1334 intercessionem
1791 1288 2065 1353 quoque
2123 1287 2466 1335 consensu
2533 1266 2815 1333 sustule-

602 1376 751 1436 rant
772 1390 791 1451 3
813 1378 908 1409 ²0⁸
952 1389 1107 1436 cum
1153 1371 1408 1455 priores
1444 1370 1800 1437 decemviri
1845 1371 2303 1456 appellatione
2346 1370 2655 1453 collegae
2687 1388 2817 1435 cor·

603 1475 728 1558 rigi
757 1474 1018 1541 reddita
1043 1477 1133 1539 ab
1164 1494 1240 1539 se
1263 1474 1420 1559 jura
1448 1474 1799 1557 tulissent3
1844 1481 1918 1540 et
1944 1475 2278 1561 quaedam,
2309 1495 2475 1559 quae
2510 1475 2628 1539 sui
2646 1473 2814 1558 judi·

602 1578 693 1641 cii
748 1577 952 1644 videri
995 1584 1294 1663 possent,
1348 1577 1435 1643 ad
1481 1580 1810 1664 populum
1857 1579 2277 1663 rejecissent.
2367 1575 2815 1662 Aliquamdiu

603 1688 915 1763 aequatus
960 1683 1129 1745 inter
1167 1700 1401 1746 omnes
1443 1688 1656 1747 terror
1682 1683 1845 1748 suit:
1892 1683 2215 1766 paulatim
2245 1688 2433 1747 totus
2468 1681 2817 1746 vet-tercia

602 1781 867 1864 plebem
918 1783 1155 1866 coepit.
1242 1782 1724 1850 Abstinebatur
1772 1805 1816 1850 a
1861 1786 2213 1851 Patribus:
2236 1796 2260 1824 ⁶
2305 1784 2378 1848 in
2422 1784 2815 1848 humiliores

601 1883 962 1954 libidinose
982 1885 1473 1972 crudeliterque
1497 1888 1970 1953 consulebatur
1990 1909 2006 1951 ε
2026 1887 2392 1960 hominum,
2414 1907 2558 1952 non
2583 1905 2813 1952 causa·

602 1993 770 2064 rum,
804 1988 927 2053 toti
968 1999 1160 2053 erant
1185 1988 1239 2050 ι*
1280 1994 1357 2056 ut
1401 1992 1587 2075 apud
1633 2010 1806 2074 quos
1849 1981 2060 2075 gratia
2104 1989 2238 2056 vim
2278 1991 2462 2075 aequi
2516 1990 2813 2055 haberet.
2845 2029 2855 2037 -

601 2087 648 2153 J
653 2088 879 2154 udicia
927 2089 1115 2155 domi
1160 2090 1575 2170 conflabant,
1619 2092 2138 2177 pronuntiabant
2181 2093 2251 2157 in
2289 2094 2454 2158 foro.
2553 2093 2635 2157 Si
2666 2093 2811 2177 quis

604 2191 924 2275 collegam
955 2194 1383 2278 appellasset,
1410 2196 1499 2260 ab
1534 2216 1640 2274 eo,
1680 2195 1765 2260 ad
1807 2217 2003 2279 quem
2036 2204 2331 2275 venerat,
2364 2197 2465 2261 ita
2499 2194 2811 2260 discede-
2844 2204 2849 2208 ·

601 2293 768 2372 bat,¹
823 2302 902 2361 ut
944 2298 1323 2381 poeniteret,
1365 2317 1501 2362 non
1551 2299 1793 2382 prioris
1844 2298 2113 2364 decreto
2156 2300 2460 2365 stetisse.
2562 2297 2807 2383 Opinio

604 2396 816 2462 etiam
842 2397 983 2465 sine
1012 2405 1280 2466 auctore
1309 2400 1587 2479 exierat,
1616 2400 1841 2467 nonin
1874 2402 2230 2487 praesentis
2253 2401 2453 2469 modo
2482 2399 2809 2486 temporis

603 2520 720 2565 eos
750 2502 1063 2588 injuriam
1093 2493 1550 2588 conspirasse,
1580 2504 1697 2569 sed
1729 2503 1955 2571 foedus
1986 2504 2478 2570 clandestinum
2511 2506 2686 2569 iuter
2714 2505 2807 2586 ip-

606 2622 723 2667 sos
753 2604 908 2687 jure
950 2606 1241 2690 jurando
1274 2608 1506 2685 ictum,
1539 2627 1626 2672 ne
1657 2608 1933 2672 comitia
1961 2607 2309 2685 haberent,
2341 2613 2806 2692 perpetuoque

603 2704 1052 2774 decemviratu
1081 2728 1475 2793 possessum
1510 2711 1721 2777 semel
1753 2710 2122 2776 obtinerent
2141 2718 2166 2747 ²
2213 2710 2632 2793 imperium.¹¹

1552 399 1625 450 Τ.
1674 398 1867 448 lell

667 2882 689 2906 ⁹
725 2875 834 2923 Non
856 2876 1151 2926 vexabuntur
1169 2892 1200 2926 a
1220 2879 1499 2929 decemviris
1512 2880 1728 2944 patricii.

1517 3005 1887 3029 ,uuonan

601 3086 833 3134 Crevier.
851 3104 1104 3146 ‚consensus
1116 3091 1488 3141 sustulerat—1
1524 3092 1541 3119 ⁸
1560 3093 1843 3143 Discedebaet
1869 3100 2014 3142 recte
2035 3105 2213 3145 omues
2238 3093 2365 3142 Mu.
2388 3096 2442 3140 et
2468 3090 2595 3140 edd.
2624 3098 2809 3153 preter

603 3149 906 3264 gamag-u
925 3169 1023 3218 qua
1045 3157 1292 3205 decedebat
1311 3156 1517 3220 legitur,
1534 3158 1692 3223 culpa
1712 3156 1850 3208 forte
1872 3156 2296 3223 typothetarum.’
2321 3158 2646 3221 Experto-2
2669 3157 2808 3219 Vulg-

1597 3321 1814 3373 NOTAE

565 3440 570 3447 ·
627 3428 632 3441 ’
665 3422 684 3447 ·
717 3414 1106 3465 Inter-cessionem
1119 3431 1295 3481 quoque
1313 3432 1537 3469 consensu
1557 3434 1662 3471 stus·

598 3493 834 3556 tulerant]
891 3493 1324 3545 Intercessionem
1360 3496 1448 3546 hic
1492 3502 1663 3559 vocnt,

600 3583 751 3631 quam
777 3584 894 3632 cap.
935 3573 1019 3619 38.
1056 3577 1112 3619 et
1144 3571 1227 3620 bic
1252 3585 1457 3637 quoque
1482 3577 1661 3637 postea

598 3647 1004 3710 appellationem
1026 3648 1191 3698 dixit:
1216 3650 1303 3713 jus
1330 3650 1533 3700 scilicet
1553 3651 1660 3700 col·

599 3725 732 3788 legis
754 3738 1051 3775 concessum
1090 3727 1308 3791 collegae
1333 3729 1547 3778 alterius
1571 3728 1660 3776 de-

1740 3421 1996 3485 AEgyptiis
2040 3420 2271 3486 sculptas
2306 3416 2472 3466 fuisse
2518 3418 2675 3467 aiunt
2716 3413 2809 3465 effi-

1742 3498 1872 3560 gies,
1900 3498 2134 3561 judicum
2169 3494 2374 3561 quidem
2412 3494 2532 3543 siue
2563 3493 2803 3545 manib-t.

1739 3575 1830 3640 (ue
1850 3587 2064 3623 munera
2087 3569 2439 3636 acciperent,)
2458 3572 2710 3633 pretorio
2729 3583 2805 3617 au·

1743 3657 1849 3700 tem
1879 3651 1990 3700 sine
2010 3648 2192 3705 oculis,
2227 3655 2318 3698 aut
2346 3647 2411 3697 iis
2429 3656 2588 3696 certe
2610 3646 2805 3700 eta-dn.

1738 3727 1832 3791 (ne
1853 3728 2121 3792 litigantes
2146 3723 2457 3789 aspicerem)
2494 3737 2748 3787 suspensa
2776 3735 2802 3770 e

598 3807 746 3848 creta
771 3800 1110 3864 retractandi,
1144 3812 1305 3867 atque
1336 3804 1657 3867 corrigendi3

600 3875 642 3921 si
663 3877 729 3924 ab
745 3877 828 3938 iis,
851 3879 938 3943 qui
962 3893 1117 3927 causa
1138 3880 1459 3937 ceciderant,
1482 3896 1661 3932 eorum

601 3953 848 4004 auxilium
874 3957 1204 4019 imploratum
1226 3965 1381 4007 esset.

660 4026 677 4058 ‘
715 4029 991 4091 Hominum,
1012 4046 1106 4081 nou
1125 4046 1372 4081 cantarunt
1391 4033 1486 4082 toti
1495 4033 1662 4098 erunt]

600 4103 884 4154 Maximum
900 4108 1246 4170 judicantium
1273 4110 1451 4161 vitium
1474 4128 1659 4178 προσω-

599 4179 812 4244 remla
842 4193 943 4245 est,
975 4188 1015 4233 si
1042 4188 1278 4248 personis
1303 4189 1497 4238 addicti
1522 4191 1656 4240 sint:

601 4274 717 4309 cnm
742 4273 909 4308 cattsae
935 4262 1187 4326 cujusque
1203 4265 1381 4314 merita
1406 4266 1663 4316 duntaxat

600 4342 841 4399 spectare
888 4344 1145 4399 oporteat.
1230 4340 1434 4391 Idcirco
1470 4343 1661 4394 Thebis

1741 3804 1875 3853 collo
1892 3804 2152 3851 veritate.

1806 3889 1831 3915 ¹¹
1867 3881 2139 3929 possessum
2182 3879 2324 3928 semel
2361 3877 2643 3927 obtinerent
2676 3878 2804 3939 inpe-

1739 3956 1890 4022 rium]
1954 3956 2180 4017 Obtinere
2220 3953 2305 4003 hic
2351 3962 2437 4001 est
2484 3966 2804 4011 con-ervum,

1742 4033 2004 4084 obstinate
2039 4032 2291 4087 retinere,
2327 4036 2390 4080 ut
2414 4031 2471 4078 in
2496 4030 2606 4085 illo,
2642 4033 2660 4060 ⁸
2682 4029 2804 4078 nuti·

1742 4125 1897 4176 quum
1946 4109 2203 4169 obtines?
2257 4113 2313 4156 et
2361 4107 2507 4170 apud
2556 4109 2670 4156 Liv.
2722 4104 2803 4154 lib.

1744 4201 1928 4237 xxvn.
1961 4191 1976 4214 ⁴
1997 4185 2174 4236 Poeuis
2211 4184 2277 4233 ad
2309 4185 2663 4236 obtinendum
2698 4185 2801 4233 liet·

1744 4272 1948 4313 ternum
1975 4263 2130 4315 decus
2153 4261 2556 4312 annitentibus-⁹
