3034 4925
1171 348 1620 403 msa-omem.
2372 338 2504 408 143

285 500 558 580 Apronio
580 501 654 562 ab
679 501 752 561 iis
775 499 961 563 illata.
1020 503 1123 564 29.
1152 504 1319 565 Mors
1340 502 1563 567 Christi
1590 522 1666 564 ex
1685 501 2054 584 quorundam
2084 505 2378 568 sententia
2392 512 2494 585 (ex

283 597 542 657 aliorum
571 598 750 659 serior
778 598 889 657 fuit
916 600 1192 675 triennio)
1226 611 1288 661 et
1315 601 1514 661 Liviae.
1601 603 1698 661 30.
1744 601 1945 662 Divini
1977 601 2233 665 honores
2274 605 2493 685 sejano

284 693 539 754 decreti.
606 694 834 775 Sempr.
863 694 1151 757 Proculus
1176 709 1237 760 et
1266 700 1341 760 C.
1363 699 1612 760 Cassius
1633 698 1936 779 Longinus
1956 700 2121 762 JCti.
2195 704 2294 761 31.
2324 703 2491 782 Seja-

282 791 344 850 ni
373 792 729 852 consulatus
765 803 828 853 et
854 811 1030 854 mors.
1117 796 1277 856 Nero
1306 806 1367 856 et
1395 796 1632 857 biennio
1660 806 1797 877 post
1826 797 2061 858 Drusus
2089 800 2283 859 necati
2313 801 2490 873 fame,
2598 789 2605 798 ’

281 898 342 949 et
375 890 567 949 falsus
618 890 924 951 Drusus-a
963 892 1226 973 Poppoeo
1272 894 1492 954 Sabino
1544 912 1882 974 oppressus.
1968 897 2066 957 33.
2112 897 2200 956 Μ.
2245 898 2488 960 Asinius

283 986 503 1048 Gallus
530 996 593 1047 et
632 988 979 1068 Agrippina,
1007 989 1347 1050 Germanici
1383 1008 1554 1061 uxor,
1594 989 1793 1050 inedia
1835 994 2488 1055 enecantur.—-Lesbo—

281 1104 422 1157 nax,
452 1086 726 1146 Valerius
765 1086 932 1146 Max.
1017 1090 1229 1148 34-62.
1273 1086 1540 1147 Persius.
1628 1089 1726 1146 35.
1772 1087 2010 1168 Nuptiae
2062 1089 2484 1170 C.-caliguloe.

281 1179 349 1240 L.
382 1182 659 1242 Vitellius
685 1201 849 1263 proc.
895 1183 1082 1265 Syriae
1110 1185 1502 1257 Artabanum,
1540 1183 1892 1245 Parthorum
1921 1204 2144 1265 regem,
2173 1206 2248 1247 ex
2275 1190 2486 1249 Arme-

279 1278 377 1337 nia
402 1278 580 1359 pellit
619 1290 679 1339 et
707 1279 1008 1342 Tiridaten
1040 1282 1284 1343 deducit
1305 1283 1367 1344 in
1396 1272 1679 1362 regimme
1752 1283 1850 1344 36.
1896 1281 2149 1343 Phoenix
2178 1285 2239 1344 in
2261 1284 2484 1367 AEgyp-

277 1385 360 1437 to.
449 1379 661 1438 36-44.
704 1378 971 1440 Herodes
999 1379 1263 1460 Agrippa
1294 1399 1347 1442 1.
1418 1381 1514 1440 37.
1546 1380 1712 1439 Mors
1738 1371 1995 1440 Tiberii(

888 1611 1092 1670 37-41.
1142 1610 1323 1671 Caius
1353 1611 1558 1671 Caesar
1589 1609 1889 1692 Caligula.

357 1741 458 1800 37.
506 1739 931 1800 Ducentesima
976 1741 1337 1815 auctionum,
1364 1761 1471 1823 pro
1498 1742 1826 1803 centesima
1854 1763 1889 1803 a
1917 1742 2151 1804 Tiberio
2187 1740 2479 1816 instituta,

279 1838 620 1916 abrogatur,
664 1847 723 1898 et
774 1836 1016 1897 comitia
1069 1838 1291 1920 populo
1344 1839 1754 1900 restituuntur.
1843 1841 2098 1900 37-‚100.
2157 1838 2480 1920 Josephus.

279 1937 377 1996 38.
417 1933 874 2012 Philo-Judaeus
903 1945 965 1995 et
993 1936 1147 2016 Apio
1191 1955 1228 1995 a
1269 1935 1525 2009 Judaeis,
1566 1935 1944 1996 Alexandriae
1985 1936 2386 1997 habitantibus
2418 1948 2480 1997 et

278 2034 351 2092 ab
392 2031 609 2092 Avidio
649 2032 868 2093 Flacco
916 2032 1069 2093 male
1101 2032 1338 2104 habitis,
1380 2031 1565 2112 legati
1614 2033 1866 2092 Romam
1912 2032 2094 2093 missi.
2175 2033 2248 2094 T.
2285 2031 2481 2104 Flavii

274 2129 630 2211 Vespasiani
659 2128 936 2190 aedilitas.
1021 2130 1235 2189 38-65.
1281 2128 1576 2190 Lucanus.
1657 2131 1754 2190 39.
1801 2128 2000 2190 Gallia
2019 2130 2094 2189 ab
2119 2129 2473 2209 Imperatore

277 2227 560 2305 expilata,
588 2239 650 2288 et
674 2238 965 2288 revocatae
989 2226 1316 2306 majestatis
1346 2228 1537 2307 leges.
1607 2228 1723 2288 Cn.
1753 2228 2052 2290 Domitius
2078 2227 2242 2299 Afer,
2269 2227 2385 2288 JC.
2414 2237 2477 2288 et

274 2333 489 2398 orator,
533 2324 888 2406 Principem,
918 2326 1340 2406 epigrammate
1377 2324 1690 2397 offensum,
1721 2327 1867 2385 mira
1895 2336 2018 2386 arte
2047 2335 2109 2385 et
2134 2324 2474 2385 adulatione

275 2420 502 2497 delinit,
532 2433 591 2484 et
620 2423 828 2484 consul
853 2422 1141 2486 sufficitur
1172 2423 1232 2483 in
1265 2423 1458 2484 locum
1488 2424 1604 2484 Cn.
1633 2423 1875 2483 Domitii
1907 2420 2279 2484 Corbulonis.
2343 2422 2472 2485 Ser.

282 2520 582 2601 Sulpicius
624 2521 823 2583 Galba
863 2522 923 2583 in
962 2520 1287 2583 Germania
1325 2522 1625 2601 superiore
1675 2519 1943 2580 succedit
1986 2519 2098 2579 Cn.
2151 2516 2473 2592 Gaetulico,

272 2631 510 2699 propter
536 2620 782 2693 militum
811 2619 1260 2699 favoremjussu
1287 2617 1581 2698 Caligulae
1610 2615 1941 2688 interfectO,
1970 2625 2032 2676 et
2059 2634 2264 2675 severa
2291 2614 2475 2675 utitur

272 2714 601 2797 disciplina.
682 2719 784 2778 40.
828 2717 1104 2778 Ridicula
1153 2719 1215 2777 in
1260 2716 1627 2778 Britanniam
1679 2713 1999 2794 expeditio.
2084 2711 2469 2787 Ptolemaeus,

272 2810 439 2874 Jubae
466 2814 513 2874 f.
544 2823 608 2874 et
628 2834 730 2874 rex
761 2815 1123 2887 Maurorum,
1151 2817 1228 2877 ob
1258 2813 1492 2876 divitias
1519 2815 1579 2873 in
1611 2812 1870 2874 Galliam
1911 2820 2191 2873 evocatur
2213 2821 2275 2871 et
2308 2810 2469 2872 occi-

273 2907 443 2972 ditur.
491 2910 772 2988 Caligula
798 2911 1187 2972 Germanicus
1214 2910 1400 2972 citans
1430 2933 1501 2972 ex
1533 2910 1873 2973 Germania.
1933 2909 2121 2970 Marsi
2148 2921 2206 2970 et
2237 2909 2465 2970 Chauci

278 3025 313 3065 a
348 3006 416 3067 P.
448 3008 712 3070 Gabinio
759 3010 1036 3070 Secundo
1076 3009 1627 3088 superati.—-Mela,
1658 3007 2011 3081 Columella,
2040 3007 2117 3068 A.
2150 3005 2465 3067 Cornelius

274 3103 501 3168 Celsus.
584 3110 838 3169 40-100.
870 3107 1183 3168 Martialis.
1266 3111 1365 3166 41.
1412 3106 1736 3187 Imperator
1771 3126 1808 3166 a
1835 3106 2046 3167 Cassio
2073 3104 2323 3165 Chaerea
2358 3123 2468 3164 ne·

272 3215 457 3267 catus.
1085 3232 1092 3235 ¹

766 3422 982 3480 41-54.
1031 3421 1125 3482 Τι’.
1158 3417 1444 3481 Claudius
1470 3421 1718 3489 Drum
1747 3420 1971 3481 Caesar.

343 3535 442 3594 41.
487 3535 811 3615 Imperator
850 3533 1125 3596 addictus
1171 3545 1294 3595 tum
1340 3534 1641 3608 uxoribus,
1686 3533 2030 3593 Messalinae
2067 3539 2128 3591 et
2154 3528 2230 3590 ab
2266 3547 2323 3587 a.
2351 3528 2455 3589 49.

274 3630 630 3714 Agrippinoe,
661 3644 782 3692 tum
811 3631 1061 3704 libertis,
1080 3631 1361 3704 Pallanti,
1384 3631 1684 3701 Narcisso,
1711 3630 1981 3709 Polybio,
2002 3626 2228 3697 Posidi,
2256 3625 2458 3698 Felici,

276 3728 567 3806 Arpocrae.
638 3728 832 3789 Mauri
854 3749 891 3789 a
918 3730 990 3788 C.
1022 3729 1305 3788 Suetonio
1337 3727 1587 3787 Paulino
1617 3726 1916 3786 Atlantem
1948 3744 2137 3802 usque
2162 3722 2459 3803 perdomi-

272 3821 330 3882 ti.
408 3826 526 3906 Ap.
557 3827 772 3887 Junius
802 3826 1043 3887 Silanus
1072 3845 1146 3886 ex
1175 3827 1460 3905 Hispania
1495 3835 1824 3894 revocatur,
1852 3831 1913 3883 et
1940 3840 2076 3881 mox
2120 3820 2261 3881 dolo
2290 3821 2459 3881 Mes-

274 3919 488 3984 sallinae
512 3935 575 3985 et
602 3925 863 3986 Narcissi
891 3926 1060 4004 perit.
1121 3925 1208 3986 M.
1233 3926 1442 3986 Furius
1473 3923 1756 3983 Camillus
1780 3920 2203 3982 Scribonianus
2221 3918 2281 3977 in
2304 3918 2455 3980 Dal-

273 4022 439 4081 matia
465 4042 560 4082 res
588 4041 773 4082 novas
799 4022 1053 4083 molitur.
1139 4022 1203 4081 L.
1233 4022 1501 4082 Annaeus
1534 4021 1763 4080 Seneca
1783 4018 2156 4079 insimulatus
2179 4014 2454 4077 adulterii

274 4131 392 4175 cum
418 4120 581 4180 Julia
607 4119 953 4199 Agrippinae
993 4138 1193 4179 sorore
1221 4129 1282 4178 et
1307 4120 1367 4177 in
1400 4119 1706 4178 Corsicam
1746 4117 2066 4197 relegatus.
2149 4117 2249 4174 42.
2296 4116 2455 4174 Cura

275 4212 518 4276 annonoe‘
544 4225 606 4278 et
630 4226 837 4297 portus
866 4214 1164 4277 Ostiensis
1208 4215 1515 4276 extructio.
1560 4248 1564 4252 ·
1594 4215 1953 4277 Mauritania
1988 4235 2025 4276 a
2055 4216 2171 4275 Cn.
2202 4209 2452 4271 Hosidio
