3034 4925
2273 390 2404 458 193

227 558 377 621 tites
426 554 600 624 sacri
625 552 777 636 ejus
815 571 938 637 per
979 552 1230 618 multas
1258 558 1498 618 aetates
1528 552 1831 617 fuerunt:
1881 548 2118 629 donec,
2152 552 2400 617 tradito

228 659 425 723 servis
455 655 748 741 publicis
778 654 1038 720 solenni
1077 653 1354 724 familiae
1394 654 1785 731 ministerio,
1813 671 2018 735 genus
2040 672 2235 718 omne
2267 652 2404 718 Po·

228 761 511 828 titiorum
543 757 814 824 interiit.
902 755 1083 821 Haec
1113 762 1251 821 tum
1282 775 1475 821 sacra
1514 756 1850 821 Romulus
1894 775 2027 820 una
2060 775 2150 819 ex
2195 757 2405 820 omni-

226 863 343 926 bus
372 860 714 945 peregrina
744 857 1041 941 suscepit
1060 878 1078 938 3
1099 859 1244 943 jam
1274 864 1417 923 tum
1447 859 1965 924 immortalitatis
1991 858 2233 923 virtute
2252 879 2404 942 par-

228 970 329 1041 tae,
359 964 446 1028 ad
474 982 676 1047 quam
705 980 853 1026 eum
874 978 1002 1026 sua
1026 959 1163 1026 fata
1191 961 1553 1039 ducebant,
1583 962 1826 1026 fautor.

300 1069 360 1130 8.
403 1064 633 1130 Rebus
650 1064 895 1129 divinis
913 1064 1038 1127 rite
1056 1063 1477 1147 perpetratis,
1496 1073 1872 1146 vocataque
1895 1065 1980 1130 ad
2002 1067 2358 1132 concilium
2376 1075 2403 1113 ⁸

229 1168 651 1244 multitudine,
683 1186 835 1251 quae
876 1165 1261 1232 coalescere
1298 1166 1369 1228 in
1416 1166 1652 1250 populi
1692 1167 1888 1230 unius
1937 1187 2186 1252 corpus
2215 1168 2406 1232 nulla

228 1289 311 1345 re,
325 1278 762 1353 praeterquam
779 1266 1065 1349 legibus,
1086 1273 1365 1350 poterat,
1383 1267 1541 1352 J’ura
1557 1267 1769 1332 dedit:
1789 1266 1816 1303 ¹²
1836 1266 1865 1296 *
1883 1289 2037 1353 quae
2052 1272 2149 1335 ita
2169 1278 2407 1336 sancta

230 1373 436 1452 generi
463 1370 800 1438 hominum
849 1370 1099 1453 agresti
1136 1369 1281 1433 fore
1328 1376 1538 1447 ratuS,
1579 1370 1640 1434 si
1669 1388 1745 1434 se
1792 1372 1940 1454 ipse
1971 1372 2407 1437 venerabilem

228 1474 587 1556 insignibus
634 1471 898 1556 imperii
942 1470 1233 1548 fecisset,
1262 1491 1413 1537 cum
1446 1477 1667 1537 cetero
1696 1472 1928 1536 habitu
1958 1493 2033 1538 se
2071 1473 2410 1558 augustio·

231 1592 376 1654 rem,
407 1582 552 1641 tum
580 1576 869 1641 maxime
897 1573 1248 1639 lictoribus
1276 1570 1666 1639 duodecim¹
1710 1575 1971 1654 sumtis,
1997 1575 2176 1641 fecit.
2267 1572 2407 1638 Alii

1029 407 1172 455 mn.
1217 407 1268 453 1.
1312 406 1477 458 car.
1521 388 1586 457 8.

1206 1740 1420 1793 NOTAE

234 1853 494 1899 sacrorum,
540 1841 624 1891 vel
680 1840 1064 1891 sacrificiorum.
1145 1837 1290 1890 Vult'

235 1918 354 1966 enim
378 1917 577 1969 Auctor
607 1918 835 1968 Pium-ios
863 1918 1141 1969 visceribus
1163 1918 1271 1968 vic·

235 1994 456 2044 tiniarum
502 1995 557 2044 in
591 1995 888 2044 solennibus
922 1994 1167 2044 Herculis
1192 2009 1273 2044 sa·

235 2074 327 2120 cris
365 2072 739 2122 immolatarum
791 2073 929 2122 vesci
972 2072 1273 2135 prohibitos.

235 2148 298 2197 Et
314 2148 516 2199 wleania
535 2157 644 2200 tam
663 2148 1004 2211 substantive,
1020 2163 1172 2213 quam
1182 2148 1274 2198 ad·

226 2225 422 2287 jective‚
456 2225 722 2287 dicuntur,
753 2232 813 2276 nt
839 2225 979 2290 apud
1018 2226 1275 2288 Tacitum,

234 2300 248 2326 ‘
267 2301 456 2352 Cuncta
510 2301 806 2365 nuptiarum
857 2302 1091 2352 solennia
1139 2302 1274 2352 cele-

237 2377 377 2428 brat.’
439 2379 510 2429 Et
543 2378 735 2429 Juven.
761 2378 872 2430 Sat.
897 2392 955 2429 x.
986 2380 1003 2408 ⁸
1023 2379 1276 2429 Incolumi

234 2455 369 2521 'froja
409 2457 650 2509 Priamus
693 2458 923 2509 venisset
957 2457 1021 2508 ad
1066 2458 1273 2509 umbras

239 2534 486 2595 Assaraci,
507 2537 706 2600 magnis
731 2536 1061 2588 solennibus.⁹

289 2620 317 2656 ⁸
344 2613 421 2663 Aa
439 2613 715 2676 concilians]
764 2614 913 2664 Inter
932 2615 1198 2665 Concilium
1218 2621 1277 2665 et

242 2690 433 2740 (leutitia
471 2692 569 2740 boc
603 2690 900 2741 discrimen·
921 2690 1043 2741 Aul.
1072 2691 1276 2742 Gellius

240 2775 298 2811 ex
327 2765 484 2814 Coelio
523 2766 701 2817 Felice
736 2772 883 2817 notat
913 2767 1004 2818 lib.
1026 2781 1117 2817 xv.
1138 2766 1277 2833 qnod

244 2839 484 2891 Concilium
516 2843 726 2907 proprie
763 2843 980 2906 dicitur,
1013 2858 1130 2895 cum
1157 2858 1278 2908 pars

240 2916 394 2980 aliqua
414 2920 595 2984 populi
620 2921 799 2971 adesse
821 2921 1070 2985 jubetur:
1118 2922 1278 2971 Consi·

242 2991 305 3040 tis
335 3009 474 3059 vero,
504 2996 711 3062 quando
750 2997 1019 3047 universus
1054 2999 1278 3061 populus

244 3080 537 3122 convocatur
568 3071 929 3138 suffragiorum
950 3073 1276 3124 ferendorum

243 3161 398 3198 causa.
440 3151 637 3201 Verum
660 3150 773 3201 boec
794 3149 1093 3202 differentia
1114 3152 1280 3201 minus

247 3226 382 3274 anxie
424 3234 658 3277 servatur
708 3227 775 3277 ab
830 3227 1149 3287 auctoribus,
1189 3228 1279 3292 qui

247 3297 444 3363 utroque
510 3303 759 3353 vocabulo
816 3300 929 3352 fere
990 3302 1281 3366 promiscue

249 3381 460 3428 utuntur.
526 3377 788 3429 Memorat
810 3378 1081 3428 Halicarn.
1107 3378 1196 3428 lib.
1217 3391 1281 3430 rr.

248 3449 498 3502 Romulum
531 3454 599 3502 de
634 3454 921 3504 Numitoris
957 3454 1037 3503 avi
1064 3455 1282 3504 consilio

248 3540 347 3576 sese
364 3539 593 3592 paratum
612 3530 898 3579 ostendisse
916 3529 983 3579 ad
998 3531 1283 3594 suscipien-

251 3603 351 3653 dam
375 3607 500 3671 reip.
523 3607 761 3670 formam,
790 3619 1132 3672 quascumque
1156 3607 1283 3654 mul·

251 3680 439 3732 titudiui
457 3684 691 3747 placeret
711 3700 727 3732 ι
767 3683 959 3747 populo
978 3689 1154 3733 autem
1178 3683 1276 3731 Re-

252 3756 373 3817 gium
393 3759 661 3823 imperium
691 3759 959 3821 placuisse.

299 3831 327 3866 ¹¹
355 3835 477 3884 διν-ιι
494 3833 649 3897 dedit]
691 3834 837 3885 Livio
860 3835 1154 3885 Glareanus
1176 3847 1280 3884 uon

254 3906 488 3961 immerito
522 3917 812 3967 succenset,
834 3909 971 3974 quod
1008 3910 1060 3958 iu
1092 3922 1281 3958 memo·

254 3985 394 4033 raudo
411 3985 652 4036 Herculis
668 3986 997 4052 Evandrique
1010 3985 1285 4049 colloquio,

256 4060 390 4124 inque
411 4062 529 4112 Arae
560 4064 793 4112 maximae
826 4062 1005 4113 fabula
1032 4072 1284 4123 moratus;

258 4133 371 4184 latas
392 4153 423 4186 a
445 4139 664 4189 Romulo
685 4139 825 4202 leges
862 4138 1056 4203 (prima
1085 4139 1308 4189 scilicet·

258 4211 399 4263 totius
422 4213 494 4263 rei
511 4214 751 4264 Romanas
767 4212 1130 4276 fundamenta)
1152 4229 1284 4279 prae·

261 4291 558 4342 termiseritz
614 4290 895 4356 laudatque
961 4292 1286 4358 Dionysium,

1348 1841 1484 1905 quod
1508 1855 1684 1891 earum
1721 1848 1916 1906 partem
1945 1855 2049 1892 non
2072 1847 2409 1893 contemnen-

1347 1915 1482 1972 dam,
1500 1918 1699 1970 retulit.

1412 1996 1544 2045 ἄοινα
1564 1996 1721 2060 dedit]
1753 1996 1944 2048 Qualia
1970 2002 2144 2046 essent
2176 1997 2264 2047 illa
2287 1997 2410 2061 jura

1348 2083 1501 2121 nemo
1541 2085 1644 2121 nou
1682 2077 1891 2135 optaret
1915 2086 1945 2121 a
1967 2070 2114 2121 Livio
2143 2071 2411 2133 traditum,

1346 2153 1408 2196 ut
1443 2154 1500 2197 et
1537 2155 1675 2198 artes
1709 2147 1889 2212 quibus
1922 2162 2135 2211 regnum
2167 2147 2409 2198 adminis-

1347 2222 1507 2272 travit
1531 2224 1799 2275 Romulus.
1848 2221 2099 2275 Profecto
2124 2223 2411 2289 Dionysius

1349 2298 1782 2349 Halicarnasseus
1806 2313 1866 2348 ea
1884 2298 1950 2348 de
1972 2300 2195 2350 Romulo
2211 2307 2412 2360 narrat,

1349 2390 1465 2440 quae
1488 2376 1771 2426 ostendunt
1793 2388 1891 2424 non
1918 2376 2040 2425 belli
2067 2383 2287 2438 tantum,
2314 2375 2409 2425 sed

1349 2451 1507 2502 etiam
1535 2451 1680 2516 pacis
1704 2451 1902 2502 artibus
1925 2453 2307 2503 ornatissimum
2330 2450 2410 2501 fn-

1350 2530 1472 2591 isse,
1514 2543 1631 2593 quoe
1675 2528 1815 2593 apud
1848 2543 1965 2578 eum
2008 2529 2111 2591 legi
2149 2535 2414 2592 poterunt.

1351 2606 1531 2658 Livius
1554 2605 1763 2657 videtur
1779 2619 1948 2655 rerum
1970 2605 2273 2656 bellicarum
2295 2620 2414 2655 nar·

1353 2681 1554 2732 ratione
1606 2681 1770 2746 magis
1821 2680 2133 2746 delectatus,
2189 2681 2414 2747 ideoque

1352 2758 1480 2808 alias
1517 2757 1626 2808 fere
1660 2758 2073 2821 prastermisisse.
2143 2759 2413 2809 Multa-in

1350 2834 1431 2883 his
1452 2844 1602 2884 erant
1626 2833 1763 2898 plebi
1794 2833 2042 2886 Romana
2068 2842 2151 2886 sat
2172 2842 2334 2897 note,
2357 2840 2414 2885 et

1354 2913 1616 2976 pleraeque
1652 2911 1851 2960 aridum
1901 2919 2257 2972 argumentum
2303 2912 2411 2962 elo-

1352 2987 1615 3052 quentiam
1639 2985 1867 3035 libenter
1899 2987 2187 3037 ostentanti
2224 3000 2413 3052 suppe-

1351 3063 1609 3114 ditabant.
1663 3062 1738 3113 At
1753 3062 1930 3113 Gra-ci
1952 3063 2103 3113 aliter
2119 3071 2412 3126 senserunt,

1352 3139 1487 3205 quod
1512 3141 1691 3203 ignota
1729 3138 1832 3186 suis
1870 3137 2177 3201 scriberent,
2213 3146 2268 3189 et
2303 3138 2415 3188 ubi·

1353 3231 1451 3280 que
1476 3216 1528 3264 in
1554 3214 1790 3265 Historia
1819 3228 1921 3263 non
1963 3228 2123 3278 usque
2149 3214 2280 3266 adeo
2303 3217 2408 3265 elo-

1353 3292 1579 3358 quentiae
1621 3290 1827 3341 laudem
1871 3297 2181 3353 captarent:
2228 3300 2414 3355 estque

1353 3368 1531 3418 curiis
1565 3377 1842 3430 propterea
1881 3368 2079 3427 gratias
2115 3365 2414 3423 habeamus,

1356 3445 1517 3498 multa
1552 3444 1710 3505 enim,
1744 3442 1935 3507 absque
1958 3441 2021 3492 iis
2047 3441 2249 3499 fuisset,
2271 3443 2417 3506 iguo-

1358 3533 1603 3571 raremus.
1639 3519 1696 3568 J.
1724 3517 1953 3569 Clericus.

1422 3595 1451 3625 *
1485 3595 1551 3644 A.
1577 3596 1644 3644 U.
1669 3593 1727 3643 C.
1750 3598 1797 3642 1.

1421 3670 1436 3704 ¹
1472 3668 1746 3721 Lictoribuae
1772 3666 2040 3731 duodecin]
2094 3666 2308 3715 Lis-tores
2329 3680 2417 3716 vo·

1267 3772 1274 3779 ’
1360 3754 1546 3797 cantur
1569 3759 1635 3795 ex
1664 3743 1832 3799 Festo,
1858 3743 1945 3807 qui
1966 3741 2132 3792 fasces
2156 3742 2415 3804 virgarum

1358 3824 1549 3887 ligatos
1571 3819 1768 3882 ferunt,
1786 3833 2000 3884 quorum
2016 3826 2130 3868 erat
2150 3819 2416 3883 magistra-

1361 3900 1498 3952 tibus
1511 3913 1577 3961 ap
1585 3908 1790 3960 parere,
1806 3894 2052 3958 populum
2076 3909 2417 3958 summovere,

1364 3981 1539 4026 sontes
1564 3972 1719 4036 virgis
1740 3970 1961 4031 cadere,
1978 3977 2033 4019 et
2055 3970 2223 4021 securi
2242 3969 2418 4022 ferire.

1361 4052 1491 4104 Ideo
1512 4053 1569 4099 in
1608 4061 1718 4111 rep.
1757 4046 1831 4095 illi
1866 4052 2067 4095 tantum
2091 4047 2417 4109 magistratus

1362 4125 1636 4179 lictoribus
1659 4122 1954 4178 utebantur,
1975 4136 2132 4185 penes
2155 4137 2283 4187 quos
2305 4131 2419 4174 erat

1363 4201 1654 4267 imperium.
1720 4194 1987 4247 Differunt
2008 4198 2183 4262 itaque
2204 4199 2421 4249 fictores

1367 4298 1398 4333 a
1436 4277 1735 4343 viatoribus,
1780 4275 1870 4341 qui
1902 4276 2285 4341 magistratibus
2324 4276 2416 4328 mi·
