3034 4925
631 371 761 439 260

637 532 870 598 omnia·
886 540 1072 599 tecta
1101 534 1421 620 adaequat
1462 536 1632 615 solu,
1652 556 1937 622 -unaque
1983 538 2149 605 hora
2183 539 2767 625 quadringentorum

605 708 608 711 Α
634 654 950 702 annorum
970 634 1195 721 opus,f
1217 639 1453 723 quibus
1472 635 1652 703 Alba
1668 644 1957 719 steterat,
1976 642 2243 709 excidio
2268 663 2351 709 ac
2372 643 2577 708 ruinis
2598 643 2767 710 dedit.

634 738 934 823 Templis
991 746 1218 806 tamen
1261 742 1481 807 Deum
1526 728 1656 829 (ita
1703 744 1879 809 enim
1927 745 2219 811 edictum
2261 749 2348 813 ab
2379 766 2532 830 rege
2569 747 2769 826 fuerat)

617 847 1076 925 ‘temperatum
1105 850 1230 909 est.
2060 848 2066 855 ”

718 943 829 1007 30.
873 944 1097 1012 Roma
1124 946 1381 1013 interim
1428 948 1676 1014 crescit
1722 949 1921 1019 Albae
1966 953 2198 1019 ruinis.
2268 953 2675 1037 ‘Duplicatur
2696 950 2769 1016 ci-

613 1047 820 1112 *vium
849 1064 1180 1116 numerus.
1268 1051 1529 1117 Coelius
1558 1051 1823 1119 additur
1854 1056 2001 1121 urbi
2042 1076 2236 1122 mons
2254 1078 2276 1139 3
2294 1054 2367 1104 Β*
2413 1065 2507 1136 et,
2532 1075 2656 1140 quo
2672 1054 2771 1120 fre-

607 1154 938 1235 ‚quentius
987 1153 1415 1233 habitaretur,
1466 1175 1613 1221 eam
1650 1157 1878 1223 sedem
1906 1157 2146 1224 Tullus
2175 1159 2376 1243 regiae
2405 1156 2638 1243 capit?
2670 1158 2771 1223 ibi-

635 1274 767 1339 que
819 1255 1229 1323 habitavit.1¹3
1314 1257 1663 1344 Principes
1721 1258 2128 1327 Albanorum
2172 1263 2245 1327 in*
2295 1261 2558 1339 PatreS,
2609 1265 2676 1325 ut
2709 1280 2773 1353 ea

632 1376 896 1443 quoque
916 1378 1071 1445 pars
1085 1359 1474 1445 reipublicae
1498 1372 1856 1444 cresceret,
1877 1364 2044 1450 legit
2058 1365 2341 1445 TullioS,
2373 1355 2775 1442 ServilioS,¹⁹¹

1560 388 1628 436 Τ.
1675 390 1863 438 mvn
1916 406 1920 411 ·

1544 1529 1906 1551 “ONOOmOO

700 1625 763 1670 18
777 1621 942 1688 Ibique
961 1624 1127 1676 deinde
1146 1625 1379 1678 habitavit
1402 1628 1632 1679 Gronov.
1655 1630 1899 1696 Campan.
1920 1632 2136 1697 Donjat.
2158 1628 2773 1683 caueant—lovilio

636 1685 866 1736 Gronov.
905 1690 1173 1754 [Doujat.]
1206 1693 1435 1745 Crevier.
1457 1694 1630 1744 forsan
1652 1697 1877 1748 rectiusz
1913 1712 2029 1747 uam
2053 1705 2108 1747 et
2131 1697 2407 1760 Dionysius
2447 1693 2669 1748 ‘Julius’
2694 1707 2773 1743 non

635 1750 653 1783 ⁴
671 1751 886 1801 Tullios'
905 1756 1152 1805 nominat.
1196 1757 1298 1807 Sed
1316 1760 1447 1809 Mss.
1472 1758 1588 1810 fere
1600 1762 1860 1826 omnes,in
1875 1762 2057 1827 quibus
2078 1768 2134 1813 et
2153 1761 2379 1812 Vindoh.
2397 1760 2603 1811 fiilios!
2623 1758 2772 1810 Stroth.

636 1815 654 1843 ⁴
670 1815 826 1867 Julius
843 1817 1019 1882 Sigon.
1040 1829 1186 1871 recte
1206 1820 1410 1875 forsan:
1443 1825 1536 1875 sed
1559 1828 1766 1891 vulgata
1788 1828 1911 1880 lect.
1935 1828 2172 1879 firmatur
2194 1828 2507 1899 auctoritate
2536 1821 2774 1876 librorum-¹

1611 1955 1664 2006 N
1669 1955 1834 2007 01*AE

699 2041 719 2076 f
758 2043 1223 2110 Quadringentorum
1269 2065 1498 2100 annorum
1548 2051 1687 2117 opus]

635 2117 801 2169 Immo
825 2118 937 2180 fere
959 2125 1355 2188 quingentorum
1388 2142 1455 2178 ex
1490 2128 1686 2193 Diony-

631 2193 726 2257 sio,
747 2196 883 2260 apud
899 2213 1052 2264 quem
1075 2200 1211 2252 Alba
1232 2202 1424 2254 dicitur
1438 2205 1687 2270 quingen·

632 2277 734 2336 tos,
754 2274 919 2325 minus
940 2277 1213 2341 tredecim,
1236 2295 1395 2331 annos
1416 2282 1688 2346 habitatag

631 2347 848 2413 triginta
886 2353 1192 2417 oppidorum
1239 2357 1540 2409 Latinorum
1581 2374 1689 2409 ma-

631 2429 735 2488 ter,
768 2431 825 2476 et
860 2441 1062 2494 semper
1096 2432 1267 2496 gentis
1300 2434 1409 2499 ejus
1446 2437 1686 2501 princeps

629 2499 823 2566 fnisse}
857 2506 1170 2574 tandemque
1189 2511 1298 2561 solo
1320 2521 1527 2578 aeqnata
1547 2528 1578 2563 a
1600 2527 1687 2564 no·

630 2578 836 2631 vissima
856 2583 1171 2636 colonlarum
1194 2602 1417 2647 suarum,
1438 2598 1495 2641 et
1527 2591 1697 2655 ipsius

630 2653 800 2716 adhuc
843 2660 1033 2711 saecnlo
1072 2661 1284 2714 deserta
1327 2668 1687 2730 permansisse.

629 2727 712 2778 Ex
736 2731 920 2796 quibus
944 2735 1187 2801 colligere
1209 2747 1293 2790 est
1313 2740 1572 2792 excidium
1594 2740 1687 2793 Al·

628 2804 713 2856 bae
747 2808 800 2858 in
844 2824 1032 2862 aunum
1065 2815 1356 2879 saltemssld.
1385 2819 1521 2870 'runi
1549 2821 1686 2872 Hos·

628 2881 727 2933 tilii
752 2899 782 2933 a
804 2886 1053 2953 Dionysio
1076 2890 1319 2949 conferri,
1342 2895 1431 2959 qui
1453 2897 1555 2947 erit
1586 2897 1688 2947 Ur·

629 2956 710 3007 bis
732 2974 799 3009 ex
821 2962 1051 3026 ejusdem
1071 2967 1271 3018 calculo
1293 2983 1456 3019 annus
1477 2975 1560 3023 95.
1612 2972 1687 3022 At

630 3034 823 3095 Livius,
856 3045 914 3088 ut
942 3040 1171 3107 Tanaqu.
1192 3044 1361 3096 Faber
1384 3054 1549 3106 notat,
1569 3048 1688 3099 Vir·

629 3110 802 3173 gilium
820 3116 1074 3181 sequitur,
1086 3119 1171 3183 qui
1190 3134 1221 3169 a
1236 3120 1448 3171 condita
1463 3121 1601 3173 Alba
1620 3124 1685 3174 ad

631 3186 905 3240 Romulum
949 3207 1107 3243 annos
1163 3203 1425 3248 trecentos
1483 3203 1687 3262 statuit,

626 3261 644 3289 ‘
662 3260 766 3335 Hic
777 3263 889 3327 jam
915 3270 1240 3328 tercentum:
1261 3274 1360 3324 &m
1401 3274 1502 3325 Sed
1521 3276 1687 3330 Poeta

627 3349 731 3389 non
765 3343 941 3392 statim
977 3344 1044 3394 ab
1077 3345 1214 3397 Alba
1249 3350 1480 3416 condita,
1516 3366 1685 3419 neque

628 3418 694 3467 ad
732 3418 941 3472 Romuli
976 3436 1207 3488 regnum,
1241 3442 1420 3495 annos,
1442 3432 1493 3480 ni
1515 3429 1686 3498 fallor,

627 3505 926 3563 computat:
973 3502 1063 3554 sed
1104 3517 1135 3553 a
1171 3514 1335 3557 morte
1369 3507 1581 3561 Ascanii
1618 3514 1681 3564 ad

627 3573 900 3628 Romulum
924 3585 1118 3637 natum,
1153 3588 1209 3632 et
1247 3582 1323 3634 sic
1363 3601 1568 3653 quoque
1591 3603 1683 3640 nu·

627 3663 826 3700 merum
849 3653 1004 3717 louge
1023 3655 1271 3708 minorem
1295 3662 1460 3725 ponit,
1491 3664 1582 3715 sed
1604 3680 1683 3717 ro-

629 3727 861 3778 tundum.
925 3730 1058 3781 Vide
1074 3747 1233 3797 snpra
1254 3750 1303 3787 c.
1324 3741 1373 3788 8.
1393 3747 1447 3790 et
1469 3744 1521 3790 4.

698 3803 894 3867 Unaque
928 3805 1044 3857 hore
1072 3811 1519 3876 quadringentorum
1539 3832 1681 3868 unno-

625 3890 750 3939 rm,
770 3878 880 3943 ξω]
906 3880 1076 3933 Parra
1092 3882 1192 3936 stiit
1208 3890 1350 3945 urbs,
1369 3890 1412 3939 si
1434 3906 1537 3942 una
1557 3892 1683 3944 hora

628 3949 764 4002 dirui
806 3957 1008 4021 potnit3
1057 3960 1148 4018 sed
1189 3970 1272 4014 cst
1308 3964 1591 4031 hyperbole
1628 3970 1681 4020 in

626 4026 770 4079 hisce
790 4033 1041 4087 omnibns.
1095 4038 1290 4091 Contra
1313 4045 1683 4108 quadringentos

624 4118 787 4158 annos
816 4108 951 4160 dixit
988 4126 1085 4176 pro
1122 4117 1412 4181 quingentis,
1434 4128 1493 4173 ut
1513 4124 1680 4189 liquet

626 4196 693 4232 ex
745 4185 1076 4252 chronologia
1133 4194 1468 4264 Dionysiana,
1527 4216 1675 4267 quam

626 4258 763 4333 ride.
800 4262 858 4313 .1.
884 4264 1114 4318 Clericus.

1827 2061 1854 2098 δ’
1888 2055 2066 2124 celius
2101 2055 2299 2113 additur
2330 2055 2439 2106 urbi
2479 2052 2626 2118 mons]
2653 2054 2773 2105 Mon·

1762 2138 1868 2181 tem
1906 2133 2401 2198 Querquetulanum,
2453 2145 2485 2182 a
2521 2131 2657 2182 Coelo
2691 2129 2773 2177 rive

1762 2207 1925 2257 Coelio
1948 2207 2186 2258 Vibenna
2207 2210 2450 2266 Etrusco,
2483 2207 2569 2272 qui
2596 2204 2774 2255 Romulo

1761 2285 2008 2336 auxilium
2030 2294 2212 2337 eontra
2232 2285 2445 2337 Sabinos
2468 2285 2671 2347 tulerat,
2684 2282 2774 2332 Coe·

1762 2363 1861 2412 lius
1894 2362 2067 2414 dictus
2102 2371 2202 2415 est.
2268 2365 2398 2414 Eum
2422 2363 2634 2414 Albanis
2653 2358 2773 2409 Tullo

1763 2438 1988 2494 Hostilio
2020 2441 2285 2492 habitandi
2321 2455 2479 2491 eausa
2500 2451 2773 2492 eoncessum,

1761 2524 1817 2567 et
1853 2519 2057 2582 prolato
2098 2521 2343 2585 poniaerio
2365 2520 2615 2570 moeuibus
2635 2517 2692 2568 ab
2709 2530 2775 2566 eo-

1761 2595 1878 2645 dem
1915 2596 2145 2647 clausum
2183 2603 2364 2650 censet
2401 2611 2522 2648 eum
2562 2592 2775 2657 Dionysio

1758 2672 1965 2722 Livius:
2002 2672 2139 2739 quod
2178 2673 2370 2723 Strabo
2410 2670 2561 2724 Anco
2596 2669 2777 2738 Marcio,

1759 2748 1969 2798 Tacitus
2013 2749 2293 2815 Tarquinio
2346 2749 2536 2800 Prisco
2583 2746 2775 2798 ascribit.

1760 2824 1939 2877 Habet
1963 2827 2046 2877 hic
2067 2841 2213 2877 mons
2237 2826 2304 2876 ab
2324 2827 2597 2878 occidente
2618 2823 2775 2876 Subur·

1759 2895 1868 2954 ram
1905 2912 1964 2954 et
2002 2895 2227 2954 montem
2269 2903 2586 2959 Palatinum,
2626 2917 2655 2951 a
2685 2913 2776 2963 sep-

1760 2979 2038 3029 temtrione
2082 2980 2314 3044 Carinas,
2377 2979 2658 3043 Coeliolum,
2690 2976 2774 3028 sive

1759 3054 2010 3105 minorem
2055 3056 2293 3119 Coelium,
2323 3063 2379 3107 et
2418 3056 2678 3121 Esquilias,
2704 3066 2774 3102 no·

1759 3146 1980 3197 menque
2003 3131 2173 3183 adhuc
2196 3133 2421 3183 retinet:
2457 3132 2527 3182 de
2559 3133 2682 3182 illius
2707 3143 2775 3192 ψ·

1760 3208 2045 3273 pellatione
2073 3218 2252 3273 postea
2269 3208 2409 3259 urbis
2428 3209 2575 3274 regio
2592 3204 2777 3259 secunda

1759 3282 2139 3334 Coelimontium
2163 3292 2245 3335 est
2264 3284 2547 3350 appellata.

1825 3359 1857 3391 ‘⁸
1887 3359 1956 3411 A.
1980 3362 2046 3412 U.
2075 3363 2137 3413 C.
2161 3366 2244 3413 96.

1822 3435 1848 3473 ὓ
1890 3439 2015 3490 Eam
2053 3440 2210 3492 sedem
2254 3437 2417 3488 Mas
2459 3437 2608 3502 regio
2653 3432 2775 3499 oepit]

1759 3513 2008 3566 Romulus
2054 3516 2248 3579 regiam
2288 3514 2343 3566 in
2387 3514 2591 3565 Palatio
2633 3511 2774 3561 sedem

1758 3589 2046 3653 delegerat.
2094 3592 2264 3641 Numa
2306 3590 2361 3639 in
2404 3588 2521 3640 foro
2565 3591 2775 3646 Romam»

1754 3665 1933 3715 Tullus
1988 3680 2125 3717 nnnc
2169 3667 2223 3717 in
2279 3665 2444 3717 Coelio
2496 3664 2772 3720 collocarit:

1757 3739 1900 3804 prins
1951 3743 2086 3792 enim
2115 3743 2292 3792 Tullus
2331 3742 2384 3792 in
2419 3741 2534 3793 foro
2576 3742 2774 3793 Romano

1756 3816 2102 3869 habitaverat.

1819 3891 1835 3927 ¹
1869 3893 2046 3944 Nlios
2071 3893 2295 3958 [ὄπιδος]
2320 3893 2579 3958 Servilios]
2609 3890 2773 3943 Eadem

1756 3970 1963 4020 nomina
1992 3971 2152 4022 habet
2179 3971 2459 4037 Dionysius
2491 3971 2581 4022 lib.
2602 3966 2771 4019 m-Ju·

1756 4047 1869 4109 lios,
1919 4048 2189 4111 Servilios,
2233 4048 2513 4114 Geganios,
2556 4047 2771 4106 Metilia,

1756 4121 2032 4187 Curiatios,
2076 4124 2374 4187 Quintilios,
2425 4126 2643 4175 Claelios.
2685 4122 2770 4172 Pro

1755 4200 1906 4249 Juliis
1957 4200 2093 4263 apud
2149 4201 2401 4251 Nostrum
2455 4201 2598 4252 Mi
2633 4203 2769 4251 mnt-

1756 4276 1862 4327 Sed
1903 4277 2133 4329 correxit
2185 4278 2483 4331 Sabellicus.
2564 4278 2632 4329 Et
2670 4286 2768 4326 vero
