3034 4925
502 315 589 382 26

500 475 688 548 lustii
717 474 1137 542 velocitatem
1159 476 1444 543 diversis
1472 477 1830 543 virtutibus
1850 485 2261 545 consecutus
2290 486 2418 546 est.
2510 479 2688 545 Nam

486 583 663 648 'mihi
694 580 957 663 egregie
989 578 1246 643 dixisse
1278 579 1537 645 videtur
1567 577 1891 645 Servilius
1922 581 2303 662 Nonianus,
2336 601 2536 712 pares
2561 600 2686 646 eos

501 686 742 767 magis,
775 700 981 766 quam
1013 680 1313 747 similes?

586 788 847 852 Praeter·
889 784 1172 849 virtutes
1212 784 1506 852 historiae
1560 784 1868 849 Liviauae
1905 783 2109 850 modo
2151 791 2550 850 memoratas
2597 803 2688 850 ex

501 907 586 955 ea
622 889 880 972 spirant
908 903 1233 951 summurn
1261 886 1494 950 odium·
1515 886 1846 962 vitiorum,
1877 886 2360 952 amor‘virtutis
2391 893 2459 950 et
2488 889 2688 953 animi

500 990 770 1069 candor,
809 988 1136 1074 judicium
1181 987 1429 1052 subtile
1459 992 1527 1053 et
1553 993 1829 1067 rectum,
1866 995 2300 1053 acer-sensus
2333 989 2495 1069 veri,
2540 991 2706 1074 pul·-

501 1094 642 1157 chri
682 1100 752 1157 et
799 1091 1084 1169 honesti,
1136 1090 1372 1155 artium
1418 1090 1611 1173 pacis
1674 1091 1960 1174 bellique
2012 1092 2270 1173 peritia,
2330 1091 2687 1175 ‘multiplex

498 1195 822 1267 doctrina⁴
849 1198 914 1256 et
964 1192 1165 1275 copia
1216 1192 1800 1273 tam·„egregiarum
1842 1194 2277 1277 graviumque
2329 1183 2687 1258 sententia·

496 1319 664 1377 rum,
722 1317 926 1382 quam
964 1293 1436 1378 'exemplorum
1471 1303 2119 1380 praeceptorumque,
2170 1296 2241 1359 in
2288 1296 2470 1360 omni
2522 1295 2683 1361 Vitae

498 1421 736 1485 genere
743 1407 836 1464 et
876 1399 945 1462 in
991 1401 1130 1461 arte
1173 1395 1447 1459 militari
1487 1414 1569 1459 ac
1602 1396 1879 1478 politica
1919 1398 2206 1462 utilium.
2296 1398 2416 1461 Ex
2436 1391 2685 1482 quibus

492 1503 810 1568 omnibus
838 1500 1038 1565 facile
1060 1497 1470 1581 intelligitur,
1496 1505 1671 1582 quot
1701 1505 1772 1624 et
1799 1507 2070 1584 quantae
2093 1499 2417 1566 utilitates
2440 1521 2528 1565 ex
2560 1501 2686 1566 tali

492 1605 772 1671 historia
804 1604 960 1688 capi
990 1609 1255 1686 queant.
2283 1631 2292 1637 ⁸
2603 1627 2606 1632 ·
2641 1607 2676 1630 ⁴

528 1707 891 1773 Ceterum
922 1726 967 1772 a
1008 1705 1203 1769 nobis
1247 1722 1381 1769 non
1409 1706 1622 1776 totum
1653 1724 1821 1789 opus
1861 1704 2240 1785 Livianum,
2272 1708 2393 1772 sed
2442 1713 2685 1793 quarta

497 1816 775 1889 tantum,
803 1830 957 1894 quae
1004 1813 1233 1885 restat,
1276 1826 1438 1890 pars
1466 1812 1658 1878 recte·
1686 1809 1999 1880 aestimari
2043 1815 2289 1893 potest.
2344 1809 2590 1894 'Cujus
2624 1799 2687 1875 si

492 1911 892 2000 ‘praestantia
921 1912 1117 1976 nobis
1166 1917 1352 1980 tanta
1387 1930 1537 1975 esse
1564 1911 1843 1990 videtur,
1875 1918 1946 1977 ut
1994 1933 2189 1977 nemo
2216 1917 2514 1979 'veterum
2547 1914 2687 1979 his-

493 2017 846 2081 toricorum
891 2014 1150 2082 Nostro
1179 2014 1617 2094 anteferatu13
1677 2014 1908 2098 quanti
1946 2015 2317 2080 faceremus
2366 2018 2683 2100 integram

493 2119 643 2202 ejus
672 2119 1044 2196 historiam,
1065 2136 1219 2200 quae
1250 2122 1319 2181 et
1346 2118 1558 2203 ἀρχὴν,
1587 2125 1655 2182 et
1679 2105 1887 2199 ἀκμὴν,
1911 2125 1979 2183 et
2005 2120 2312 2205 παρακμὴν·
2335 2139 2455 2185 seu
2486 2107 2683 2206 φθορὰν

489 2222 884 2305 reipublicae
909 2218 1264 2297 Romanae,
1291 2226 1605 2305 tanquam
1629 2221 1697 2285 in
1729 2221 1978 2286 tabulis
1996 2222 2158 2286 bene
2175 2223 2379 2306 pictis
2409 2225 2683 2305 expres·

493 2341 628 2402 SaS,
660 2324 878 2389 oculis
899 2323 1145 2387 nostris
1173 2321 1625 2406 subjecisseti
1658 2331 1917 2408 quanto
1948 2323 2229 2407 majoris
2249 2321 2684 2408 posteriorem

490 2428 632 2512 ejus
654 2433 899 2512 partem
924 2445 1125 2511 quam
1154 2426 1487 2510 priorem?
1535 2426 1717 2492 Na'm
1751 2428 1817 2493 in
1847 2426 1974 2493 hac
2016 2426 2373 2511 descripsit
2393 2426 2681 2510 primum

483 2528 793 2616 ‘tempora
823 2530 1222 2614 antiquiora,
1258 2529 1506 2613 quibus
1556 2530 1873 2614 pleraque
1911 2536 2099 2595 erant
2125 2531 2370 2610 tenuia,
2393 2530 2681 2606 incerta,

488 2635 776 2698 obscura
828 2638 893 2697 et
947 2631 1199 2697 sabulis
1241 2631 1601 2710 involuta,r
1660 2631 1899 2697 deinde
1946 2653 2051 2710 ea,
2103 2652 2379 2717 quorum
2421 2634 2679 2697 omnem

488 2755 683 2819 paene
713 2737 1098 2800 memoriam
1146 2735 1434 2818 Polybio
1469 2736 1789 2817 debebat;
1838 2736 1909 2800 in
1952 2736 2072 2801 iila
2102 2755 2258 2801 vero
2297 2735 2683 2829 recentiora,

489 2838 743 2919 'quibus
775 2837 1049 2921 propior
1085 2842 1381 2901 erataut
1406 2834 1578 2902 adeo
1611 2839 1918 2921 aequaIiS,
1960 2858 2366 2923 quorumque
2408 2858 2516 2903 res
2542 2857 2683 2902 me·

488 2939 850 3005 morabiles
881 2944 949 3002 et
976 2959 1062 3002 ex
1093 2939 1588 3023 limpidioribus
1634 2940 1880 3006 hauriri
1910 2947 2222 3024 poterant
2264 2942 2584 3019 fontibuS,
2613 2943 2683 3006 et

1166 332 1584 381 PROOEMIUM
1636 332 1733 381 DE
1779 331 1855 382 LI
1868 332 1972 381 vn

552 3222 730 3273 rHinc
744 3224 1161 3289 frequentissime
1175 3227 1545 3294 dubitat,quod
1626 3230 1891 3281 memoriae
1933 3246 2103 3282 rerum
2138 3235 2415 3295 gestarum,
2449 3231 2504 3275 et
2539 3223 2679 3290 qnod

479 3295 592 3360 jam
634 3300 852 3350 Quintil.
876 3300 922 3350 1.
962 3302 1031 3353 Ο.
1055 3316 1123 3354 ιι.
1149 3308 1199 3353 4.
1224 3307 1302 3353 19.
1330 3304 1545 3361 monuit,

486 3374 775 3438 passimque
799 3375 863 3425 de
887 3378 1140 3429 varietate
1175 3380 1430 3430 annalium
1456 3395 1544 3431 ve·

487 3453 655 3498 terum
680 3459 733 3500 et
754 3452 819 3501 de
850 3451 1060 3504 defectu
1095 3462 1554 3519 monumentorum,

485 3522 589 3573 fide
606 3524 899 3591 dignorum,
917 3530 1189 3595 caliginem
1209 3532 1393 3596 priscis
1411 3541 1543 3583 tem-

486 3601 700 3664 poribus
722 3602 1040 3670 offundente,
1063 3610 1313 3673 queritur,
1335 3624 1384 3660 v.
1413 3624 1460 3659 c.
1479 3624 1542 3660 ιι.

485 3679 641 3727 21.-v.
658 3683 738 3729 21.
754 3684 980 3733 vrr.2.in
1002 3685 1179 3748 primis
1198 3699 1274 3737 vr.
1294 3690 1339 3737 1.
1380 3687 1540 3738 ‘Qum

485 3754 551 3804 ab
585 3757 794 3807 condita
843 3761 967 3810 urbe
1014 3763 1179 3812 Roma
1226 3762 1289 3812 ad
1336 3770 1542 3826 captam

485 3832 700 3882 eandem
726 3834 948 3887 Romani
983 3852 1208 3902 gessere,
1233 3840 1456 3905 quinque
1478 3840 1542 3889 li-

485 3906 590 3956 bris
614 3911 859 3973 exposui3
895 3926 980 3962 res
1013 3930 1128 3963 cum
1165 3922 1430 3966 vetustate
1464 3915 1539 3964 ni·

484 3984 588 4034 mia
607 3985 871 4050 obscuras,
902 3990 1063 4039 veluti
1097 4006 1214 4057 quae
1254 4007 1440 4056 magno
1474 4007 1541 4041 ex

486 4063 755 4114 intervallo
807 4066 904 4115 loci
945 4068 1029 4115 vix
1079 4076 1380 4125 cernuntur,
1429 4076 1537 4117 tum

1626 3306 1804 3369 etiam,
1825 3307 1867 3355 si
1893 3323 2008 3372 quae
2033 3308 2085 3356 in
2108 3303 2490 3356 commentariis
2514 3300 2683 3375 ponti-

1625 3380 1778 3433 ficum
1823 3385 2040 3449 aliisque
2088 3383 2309 3447 publicis
2361 3377 2681 3445 privatisque

1624 3462 1774 3509 erant
1794 3460 2157 3516 monumentis,
2181 3459 2391 3508 incensa
2422 3455 2546 3506 urbe
2570 3454 2682 3518 ple·

1623 3549 1796 3600 raeque
1820 3534 2104 3585 interiere.'
2139 3542 2197 3585 et
2219 3538 2443 3585 viriato.
2476 3532 2494 3560 ‘
2511 3531 2678 3581 Vitia·

1625 3617 1729 3658 tam
1767 3606 2064 3660 meinoriam
2108 3609 2409 3659 funebribus
2444 3606 2680 3656 laudibus

1622 3695 1740 3736 reor
1766 3684 2014 3752 falsisque
2040 3679 2315 3750 imaginum
2340 3683 2524 3744 titulis,
2554 3682 2676 3732 dum

1623 3762 1818 3823 familia
1851 3762 1917 3812 ad
1954 3778 2009 3813 se
2045 3777 2263 3829 qumque
2285 3761 2473 3812 famam
2505 3773 2677 3810 rerum

1624 3848 1885 3910 gestarum
1918 3841 2264 3906 honorumque
2295 3837 2512 3889 fallente
2537 3851 2681 3888 men,-

1622 3917 1771 3968 dacio
1795 3919 2022 3967 trahunt.
2090 3916 2223 3966 Inde
2261 3925 2406 3966 certe
2430 3922 2483 3965 et
2507 3915 2680 3976 singu·

1620 3995 1786 4044 lorum
1811 4001 1989 4060 gesta,
2022 4000 2079 4044 et
2111 3993 2317 4057 publica
2348 3995 2681 4042 monuments

1622 4085 1793 4122 rerum
1817 4068 2046 4121 confusa.
2082 4071 2199 4121 Nec
2220 4071 2490 4135 quisquam
2508 4080 2680 4132 aequa·

485 4139 622 4203 quod
649 4144 821 4204 parva}
852 4151 907 4193 et
931 4157 1058 4194 rarae
1081 4158 1173 4210 per
1205 4145 1384 4201 eadem
1411 4151 1537 4194 tem·
1616 4147 1679 4196 lis
1699 4147 2017 4212 temporibus
2033 4147 2135 4197 illis
2149 4146 2377 4215 scriptor
2392 4150 2557 4209 extat,
2572 4155 2675 4209 qno

485 4231 609 4282 pora
630 4218 797 4271 literae
814 4219 983 4286 fuere,
998 4236 1102 4273 una
1117 4222 1352 4274 custodia
1368 4218 1537 4274 fidelis

1619 4224 1745 4274 satis
1767 4231 1913 4276 certo
1937 4229 2147 4276 auctore
2171 4221 2371 4274 stetur)
