3034 4925
572 409 703 479 338

577 578 707 651 est,
736 569 797 635 si
825 568 1042 655 primo
1067 565 1328 655 impetu
1347 573 1447 618 ¹⁴⁰
1474 569 1631 654 capi
1662 566 1890 634 Ardea
1920 571 2182 653 posset.
2252 564 2392 632 Ubi
2424 566 2496 633 id
2529 575 2766 651 parum'

572 675 933 764 processit,
963 672 1311 739 obsidione
1332 672 1951 758 munitionibusque
2001 672 2209 758 coepti
2260 671 2474 756 premi
2511 669 2755 735 hostes.

578 780 708 846 In
686 780 775 845 iis
805 776 1099 855 stativis,
1127 782 1204 842 ut
1229 776 1305 842 fit
1307 778 1529 869 longo
1569 778 1786 860 magis
1818 797 2016 861 quam
2059 777 2198 841 acri
2233 775 2434 853 bello,
2476 773 2646 875 satis
2684 773 2756 838 li-

578 884 726 949 beri
756 888 1170 948 commeatus
1192 886 1456 949 erantr’
1485 881 1884 967 primoribus
1917 887 2137 945 tamen
2167 880 2399 962 magis,
2422 865 2626 962 quam
2649 878 2755 943 mi·

574 987 832 1052 litibus.
925 982 1127 1067 Regii
1157 984 1424 1071 quidem
1462 984 1756 1070 juvenes
1801 985 2128 1051 interdum
2181 985 2386 1048 otium
2430 979 2758 1046 conviviis

576 1089 1308 1173 comessationibusque
1359 1088 1530 1154 inter
1588 1108 1664 1154 se
1712 1089 2045 1154 terebant.
2135 1087 2338 1153 Forte
2365 1084 2758 1170 potantibus

576 1192 685 1257 his
715 1191 895 1275 apud
930 1190 1096 1257 Sex.
1116 1191 1584 1276 Tarquinium,
1603 1190 1732 1263 ubi
1752 1196 1822 1256 et
1846 1189 2233 1257 Collatinus
2262 1191 2578 1256 coenabat
2606 1187 2759 1253 Tar-

577 1295 874 1382 quiniuS,
921 1294 1148 1378 Egerii
1176 1295 1410 1373 filius,p
1452 1294 1692 1360 incidit
1732 1292 1815 1359 de
1866 1295 2195 1360 uxoribus
2239 1294 2529 1359 mentio:
2578 1310 2760 1357 suam

579 1398 869 1485 quisque
914 1397 1192 1464 laudare
1234 1399 1423 1464 miris
1461 1398 1736 1467 modia.⁴¹
1824 1397 1996 1464 Inde
2049 1399 2407 1465 certamine
2460 1413 2763 1472 accenso,

577 1501 950 1569 Collatinus
999 1509 1203 1586 negat
1226 1506 1248 1537 ‘
1268 1503 1486 1569 verbis
1514 1521 1693 1587 opus
1722 1522 1895 1582 esse,
1925 1503 2163 1586 paucis
2191 1502 2260 1568 id
2284 1500 2566 1587 quidem
2592 1498 2761 1565 horis

578 1624 779 1691 posse
811 1604 997 1684 sciri,
1026 1608 1346 1691 quantum
1370 1606 1606 1670 ceteris
1635 1611 1907 1691 praestet
1938 1605 2249 1671 Lucretia
2292 1611 2465 1671 sua.r
2539 1601 2758 1696 Quin,

578 1709 641 1773 si
667 1709 886 1791 vigor⁸
918 1707 1224 1793 juventae
1251 1707 1448 1787 inest,
1474 1708 1988 1774 conscendimus
2016 1729 2250 1798 equos,
2278 1708 2761 1791 invisimusque

578 1818 951 1893 praesentes
994 1814 1373 1875 nostrarum
1401 1810 1714 1894 ingenia?
1801 1811 1887 1877 Id
1919 1812 2164 1897 cuique
2194 1811 2759 1897 spectatissimum

579 1912 710 1992 stit,t
750 1912 927 1997 quod
958 1932 1083 1980 nec
1112 1914 1397 2001 opinato
1428 1913 1556 1979 viri
1599 1912 1887 1980 adventu
1918 1915 2278 1982 occurrerit
2308 1912 2579 1982 oculis?
2661 1910 2759 1978 In-

578 2017 922 2082 caluerant
946 2017 1125 2082 vino.
1213 2016 1403 2103 ‘Age
1425 2016 1669 2098 sane‚’⁰
1701 2037 1950 2084 omnes.
2039 2019 2355 2086 Citati-⁰0¹⁵
2384 2019 2589 2105 equis
2612 2036 2764 2084 avo-

1501 423 1570 471 '1'0
1617 421 1807 472 mvn

640 2209 664 2235 ⁰
694 2200 991 2264 Satiefan‘le
1003 2200 1337 2254 meeaebatu·
1352 2201 1490 2254 mia
1505 2218 1536 2253 e
1548 2202 1721 2255 castris
1732 2203 1954 2270 abeundi,
1973 2204 2278 2267 mfucultca
2290 2203 2435 2255 mai
2454 2199 2766 2254 ardendi.

575 2471 649 2518 eat
678 2465 902 2532 primum,
936 2466 981 2516 οἱ
1012 2466 1168 2533 prino
1188 2466 1383 2532 impetu.
1430 2466 1556 2518 Vid.
1581 2468 1706 2521 Not.
1727 2467 1822 2519 inf.
1845 2474 1898 2522 et
1920 2464 2050 2522 Not.
2070 2469 2326 2522 Van—1⁶
2360 2468 2516 2534 vulg.
2538 2482 2634 2533 age
2649 2482 2770 2528 me,

1571 2618 1785 2671 NOTAE

575 2729 678 2779 quo
701 2728 855 2765 sensu
875 2712 1123 2778 Virgilius
1146 2727 1271 2765 vm.
1294 2713 1409 2767 AEn.
1440 2722 1457 2747 ‘
1482 2718 1629 2771 Quo·
1709 2721 1886 2772 consul
1909 2736 2024 2772 cum
2049 2722 2214 2772 Bruto
2236 2717 2351 2777 fuit,
2375 2716 2663 2784 Dionysius
2685 2715 2764 2768 lib.

572 2792 647 2841 illi
670 2791 805 2842 bello
829 2789 1074 2856 profugos
1097 2805 1253 2857 egere
1272 2794 1533 2860 superbo-⁹
1553 2795 1631 2846 Eo

573 2876 783 2931 spectat
803 2869 958 2918 etiam
976 2868 1101 2918 illud
1120 2871 1297 2920 Nostri
1314 2886 1431 2937 cap.
1454 2876 1537 2923 35.
1561 2872 1629 2923 de

573 2944 852 3009 Tarquinio
898 2943 1079 2994 eodem
1111 2945 1367 3013 Superbo,
1395 2949 1414 2978 ‘
1436 2963 1536 3000 nec
1571 2956 1630 3000 ut

534 3068 549 3085 ,
571 3019 868 3084 injnsnwin
898 3034 1027 3085 pace
1051 3021 1180 3073 rex?

626 3105 651 3130 ⁰
666 3097 866 3147 Tentata
880 3113 954 3148 ree
968 3104 1059 3163 eat,
1071 3100 1116 3149 εἰ
1123 3101 1278 3164 primo
1286 3101 1462 3166 impetu
1475 3103 1627 3168 [Ten-

570 3178 676 3224 tata
697 3189 772 3224 rea
807 3180 879 3225 eat
901 3177 1071 3239 primo,
1097 3177 1142 3226 εἰ
1174 3177 1376 3244 impetu]
1408 3181 1495 3232 Ita
1517 3196 1630 3231 rec-

570 3249 695 3308 tius,
738 3251 790 3300 ni
833 3250 1001 3309 fallor,
1045 3268 1110 3304 ex
1162 3257 1421 3307 sententia
1464 3257 1628 3310 Grou.

572 3338 746 3391 quam,
791 3332 850 3377 ut
895 3329 1045 3392 vulgo
1088 3331 1378 3399 legebatur,
1427 3335 1630 3387 Tentata

568 3422 649 3459 res
688 3414 777 3472 est,
811 3408 858 3458 εἰ
898 3410 1054 3474 primo
1093 3413 1272 3476 impetu
1302 3416 1407 3480 capi
1437 3423 1628 3480 posset,-

571 3494 679 3545 aut,
713 3495 770 3538 ut
799 3495 1001 3539 veteres
1045 3490 1290 3556 habuere,
1323 3496 1527 3546 Tentata
1553 3513 1628 3549 rea

567 3571 640 3616 est
657 3567 862 3630 primum
891 3569 937 3620 ai
964 3570 1118 3635 primo
1139 3573 1315 3638 impetu
1337 3578 1445 3642 capi
1466 3578 1631 3633 Ardea

564 3652 733 3711 ponet.
800 3647 959 3699 Aliud
1003 3650 1136 3700 enim
1181 3653 1375 3719 impetu
1421 3671 1629 3722 capere,

565 3725 763 3786 prendre
797 3722 1010 3775 d’amut
1027 3742 1047 3784 ,·
1080 3727 1220 3777 aliud
1244 3730 1409 3793 primo
1431 3733 1629 3799 impetu

566 3815 775 3864 capere,
792 3805 996 3869 prendre
1010 3805 1070 3855 de
1080 3806 1397 3871 prim-aborti,
1414 3810 1631 3862 insultem

568 3876 687 3926 Hoc
732 3880 1042 3940 sperandum
1098 3897 1200 3932 uon
1243 3886 1519 3937 videbatur
1562 3887 1629 3939 de

567 3952 693 4001 urbe
742 3953 872 4003 bene
928 3958 1141 4021 munita,
1192 3962 1371 4026 qualis
1410 3963 1628 4028 Ardea3

568 4035 747 4092 atque,
771 4036 826 4078 ut
850 4032 1017 4082 exitus
1042 4036 1166 4084 satis
1189 4036 1384 4097 docuit,
1423 4055 1453 4089 a
1477 4040 1627 4092 forti·

569 4104 667 4153 bus
689 4105 809 4152 viris
834 4106 1063 4160 defensa.
1094 4112 1252 4180 Illud,
1272 4117 1631 4184 etsiarduum,

567 4182 760 4232 tentari
786 4191 953 4232 tannen
979 4189 1167 4250 potuit.

631 4265 659 4301 Ι)
709 4260 881 4322 Egerii
904 4261 1070 4329 filius]
1120 4267 1274 4321 Hunc
1319 4272 1377 4324 L.
1418 4273 1631 4340 Tarqui-

563 4336 703 4388 nium
724 4337 1053 4400 Collatinum,
1074 4343 1160 4408 qui
1176 4354 1294 4412 poet
1313 4349 1631 4437 aliquamdiu

1707 2810 1789 2847 lv.
1843 2806 2129 2863 temporum
2179 2797 2357 2847 habita
2400 2795 2631 2859 ratione,
2673 2809 2766 2844 nou

1707 2874 1888 2940 filium,
1923 2876 2012 2926 sed
2047 2883 2287 2941 nepotem
2320 2872 2499 2937 Egerii
2535 2872 2765 2924 Collatia

1709 2951 1946 3017 praefecti
1986 2968 2017 3004 a
2055 2952 2339 3018 Tarquinio
2372 2949 2580 3015 Prisco,
2617 2949 2767 3000 fuisse

1709 3030 1944 3094 conjicit,
1965 3030 2031 3080 de
2054 3046 2156 3097 quo
2178 3044 2293 3096 cap.
2314 3032 2397 3079 ³8.

1774 3114 1799 3149 ⁴¹
1831 3107 2053 3158 Laudare
2094 3108 2233 3157 miris
2274 3106 2452 3172 modia]
2501 3101 2766 3170 Ejusmodi

1709 3184 1948 3235 laudibus
1972 3183 2259 3235 Candaule·
2288 3191 2466 3247 antea,
2487 3196 2628 3233 nunc
2659 3182 2768 3233 Col-

1709 3261 1918 3319 latinus,
1940 3263 2130 3312 malum
2154 3262 2249 3312 sibi
2273 3267 2539 3311 crearunt.

1774 3346 1794 3373 ¹
1825 3339 2053 3389 Lucretia
2080 3337 2190 3402 aua]
2235 3339 2325 3404 Sp.
2352 3335 2585 3389 Lucretii
2607 3335 2768 3386 Trici·

1709 3417 1864 3482 pitini
1887 3417 2038 3468 Rom.
2061 3416 2275 3467 Patricii
2303 3423 2362 3467 et
2396 3413 2653 3466 Praefecti
2674 3414 2766 3465 Ur·

1712 3493 1787 3543 bis
1810 3492 1933 3544 filia.

1772 3579 1792 3606 ⁸
1827 3571 1972 3630 Quin,
2014 3571 2056 3622 εἰ
2091 3572 2248 3636 vigor,
2291 3568 2400 3637 &ct-J
2433 3568 2610 3620 Verba
2651 3574 2767 3619 aunt

1711 3649 1955 3699 Collatini
1990 3647 2246 3699 hortantis
2285 3647 2352 3696 ad
2383 3646 2656 3697 visendum
2681 3658 2767 3695 ux·

1711 3741 1845 3779 ores.
1898 3734 1903 3744 “
2433 3756 2442 3765 ·

1779 3806 1797 3838 ⁸
1822 3796 2226 3870 Spem-tutissimum
2245 3799 2337 3865 eit]
2366 3798 2673 3868 Spectatum
2695 3799 2766 3849 di·

1707 3883 1870 3932 cimus
1920 3883 2067 3948 cujus
2118 3888 2394 3945 perspecta
2438 3879 2604 3929 virtus
2644 3887 2762 3929 est:

1712 3974 1812 4024 qno
1833 3975 1986 4010 sensu
2011 3959 2148 4025 apud
2174 3958 2286 4009 Cic.
2322 3971 2420 4023 pro
2444 3957 2609 4007 Sexto
2639 3944 2763 4006 Ros·

1710 4038 1812 4102 cio,
1842 4037 1861 4066 ‘
1882 4037 2096 4088 Caecilia
2131 4035 2513 4117 epectatiuima
2540 4030 2763 4087 foemina'

1709 4121 1938 4165 vocatur.

1770 4192 1926 4256 ”Age
1939 4190 2073 4256 anne]
2106 4189 2351 4254 Intelligc
2370 4189 2442 4241 ita
2459 4201 2636 4239 omues
2654 4184 2762 4235 dix·

1708 4271 1833 4335 isse,
1855 4277 1914 4322 ut
1933 4285 2027 4338 per
2044 4284 2155 4319 eam
2174 4269 2477 4333 particulam
2496 4278 2641 4316 nuum
2663 4272 2763 4317 teo·

1711 4355 1944 4400 tarentus·
1971 4359 2253 4400 assensum.
