3034 4925
1163 413 1261 463 ns
1306 413 1482 463 ‘rr-ro
1532 413 1765 463 mvro.
2465 385 2552 463 4‘3

997 646 1189 711 Idem
1221 646 1598 714 Domitiani
1636 666 1791 731 cap.
1818 646 1926 711 10.

433 778 716 846 Metium
731 781 1278 866 Pompusianum,
1297 783 1476 870 quod
1500 785 1749 848 babere
1778 781 2268 866 imperatoriam
2291 785 2554 866 genesin

367 881 570 964 vulgo
617 881 966 961 ferebatur,
1009 889 1078 949 et
1123 884 1307 967 quod
1347 884 1684 969 depictum
1731 884 1959 948 orbem
2000 888 2189 949 terras
2240 884 2309 947 in
2349 903 2556 948 mem·

366 983 618 1062 branis,
646 984 1144 1069 concionesque
1175 1005 1403 1069 regum
1433 1005 1517 1051 ac
1546 986 1794 1052 ducum
1824 1004 1912 1050 ex
1940 985 2027 1053 Τ.
2050 985 2245 1052 Livio
2276 987 2553 1052 circum·

366 1085 582 1164 ferret,
614 1086 972 1152 interemit.

1254 1280 1673 1346 PlutarchuS.

454 1411 939 1480 Auctoritatem
987 1413 1167 1480 Livii
1215 1415 1496 1481 adducit
1566 1416 1634 1479 in
1687 1414 1828 1479 vita
1879 1413 2172 1494 Camilli,
2229 1414 2557 1500 Marcelli,

371 1515 652 1582 Catonis
677 1516 984 1602 Majoris,
1031 1516 1423 1596 Flaminini,
1439 1517 1670 1601 Syllae,
1717 1516 2004 1595 Luculli,
2028 1515 2359 1582 Caesaris:
2404 1519 2560 1582 item

373 1619 742 1701 quaestione
771 1618 1081 1685 Romana
1102 1620 1212 1685 25.
1242 1619 1360 1685 sed
1389 1619 1535 1685 sine
1566 1619 1808 1703 elogio.
1927 1631 1934 1638 '

457 1850 799 1921 Martialis
824 1856 939 1922 lib.
969 1873 1137 1921 xw.
1175 1855 1405 1940 Epigr.
1436 1858 1587 1924 190.
1630 1856 1714 1923 de
1743 1857 1938 1923 Livio
1962 1858 2030 1923 in
2057 1853 2474 1923 membranis.

628 1987 933 2056 Pellibus
961 1992 1222 2074 exiguis
1254 1997 1545 2087 arctatur
1576 1992 1808 2058 Livius
1837 1993 2091 2074 ingens,

721 2091 945 2170 Quem
975 2112 1122 2159 mea
1149 2114 1286 2166 non
1316 2099 1525 2161 totum
1557 2094 1961 2161 bibliotheca
1993 2092 2198 2177 capit.

887 2325 1152 2392 Plinius
1178 2326 1416 2393 Junior
1453 2328 1573 2393 lib.
1608 2346 1693 2393 11.
1737 2329 1954 2414 Epist.
1984 2328 2047 2393 3.

463 2460 914 2546 Nunquamne
960 2464 1202 2546 legisti,
1243 2464 1651 2531 Gaditanum
1704 2466 2058 2550 quendam,
2095 2462 2180 2527 T.
2222 2462 2400 2530 Livii
2446 2483 2566 2527 no-

376 2564 555 2629 mine
596 2565 936 2648 gloriaque
977 2572 1410 2642 commotum,
1456 2567 1546 2631 ad
1589 2566 1949 2659 visendum
1998 2582 2151 2629 eum
2199 2564 2286 2627 ab
2328 2564 2564 2628 ultimo

378 2675 695 2731 terrarum
726 2667 885 2733 orbe
915 2668 1199 2747 venisse,
1229 2670 1611 2751 statimque,
1634 2676 1710 2733 ut
1737 2667 2009 2746 viderat,
2038 2666 2331 2732 abiisset

455 2902 784 2988 Papinius
803 2907 1082 2983 Statius,
1112 2908 1230 2973 lib.
1252 2923 1353 2974 lv.
1381 2909 1567 2993 Sylv.
1590 2911 1655 2974 ’7.
1686 2906 1772 2973 ad
1805 2905 2188 2972 Maximum
2204 2904 2249 2971 J
2254 2906 2500 2972 unium.

813 3042 952 3107 Sed
997 3049 1150 3107 tuas
1193 3050 1374 3109 artes
1419 3065 1591 3128 puer
1635 3048 1786 3110 ante
1830 3044 2089 3122 discat3

816 3143 1034 3211 Omne
1080 3148 1234 3230 quis
1276 3146 1504 3212 mundi
1550 3148 1807 3212 senium
1851 3161 2196 3210 remensus

814 3244 992 3313 Orsa
1034 3248 1316 3315 Sallusti
1358 3247 1611 3325 brevis,
1653 3255 1727 3312 et
1769 3246 2036 3311 Timavi

1375 3350 1635 3415 Reddis
1680 3350 2037 3415 alumnum.

384 3564 429 3628 J
436 3563 717 3641 ustinuS,
772 3563 891 3649 qui
941 3563 1239 3648 Trogum
1291 3564 1648 3642 contraxit,
1702 3565 1818 3629 lib.
1867 3579 2225 3628 xxxvrn.
2313 3559 2573 3623 Histor-

1358 3685 1511 3749 cap.
1541 3667 1607 3731 6.

475 3802 701 3883 Quam
733 3803 1098 3868 orationem
1128 3803 1394 3885 dignam
1424 3801 1613 3880 duxi,
1637 3801 1834 3886 cujus
1862 3799 2241 3883 exemplum
2270 3793 2579 3862 brevitati

387 3905 584 3989 hujus
614 3905 835 3990 operis
873 3907 1268 3983 insererem;
1312 3923 1514 3988 quam
1548 3904 1892 3987 obliquam
1923 3900 2283 3983 Pompeius
2316 3897 2579 3978 Trogus

390 4007 756 4091 exposuit3
799 4008 1113 4092 quoniam
1159 4006 1229 4070 in
1274 4004 1472 4071 Livio
1533 4012 1602 4070 et
1655 4006 1724 4070 in
1777 4004 2093 4068 Sallustio
2135 3997 2579 4085 reprehendit,

391 4107 572 4192 quod
600 4109 961 4174 conciones
992 4108 1284 4173 directas
1315 4127 1437 4191 pro
1487 4127 1616 4172 sua
1667 4106 1961 4173 oratione
2000 4104 2191 4191 operi
2236 4121 2359 4169 suo
2406 4101 2579 4165 inse-

391 4211 597 4277 rendo
626 4212 924 4279 historiae
951 4211 1218 4278 modum
1248 4210 1680 4277 excesserint.
