3034 4925
728 969 1251 1065 ELOGIA
1352 971 2121 1066 AUCTORUM

1132 1225 1260 1293 Ac
1302 1226 1347 1293 J
1353 1226 1700 1297 UmcIA

967 1442 1128 1523 DE
1202 1445 1463 1523 TITO
1545 1444 1872 1523 L1v10.

963 1932 1221 2001 Seneca
1241 1941 1435 2020 pater
1450 1938 1779 2004 Suasoria
1799 1938 1867 2003 6.

323 2060 696 2154 Quomns
738 2088 965 2172 magni
987 2088 1282 2175 alicujus
1325 2110 1504 2156 mors
1546 2089 1634 2158 ab
1679 2088 2053 2157 Histoi-icis
2097 2093 2357 2157 narrata
2394 2092 2517 2167 est,

318 2190 529 2254 toties
551 2190 684 2255 fere
708 2181 909 2256 tetius
930 2193 1419 2259 consummatio
1441 2194 1623 2272 vitae‚
1656 2198 1723 2258 et
1745 2193 1943 2276 quasi
1968 2193 2262 2258 funebris
2285 2190 2518 2263 lauda-

320 2292 419 2357 tio
441 2291 762 2358 redditur.
824 2292 983 2359 Hoc
1008 2296 1216 2361 semel
1244 2300 1446 2380 atque
1467 2296 1705 2361 iterum
1736 2314 1781 2360 a
1800 2294 2196 2378 Thucydide
2226 2293 2516 2359 factum:

320 2394 504 2459 idem
526 2394 594 2460 in
619 2396 1058 2480 paucissimis
1081 2398 1384 2483 personis
1405 2404 1806 2482 usurpatum
1832 2416 1875 2461 a
1893 2396 2238 2462 Sallustio.
2287 2394 2521 2459 Livius

321 2497 679 2580 benignius
714 2499 1022 2576 omnibus
1048 2501 1311 2583 magnis
1341 2500 1503 2566 viris
1531 2501 1866 2586 praestitit.
1950 2499 2321 2582 Sequentes
2355 2495 2521 2561 His-

319 2600 522 2666 torici
551 2601 763 2667 multo
787 2602 858 2669 id
882 2601 1165 2669 effusius
1187 2603 1510 2682 fecerunt,

1188 2819 1365 2886 Mox
1393 2819 1655 2886 eadem.

407 2956 507 3023 Ut
538 2963 648 3022 est
677 2960 914 3023 natura
939 2956 1457 3024 candidissimus
1487 2957 1787 3024 omnium
1814 2975 2210 3040 magnorum
2231 2955 2523 3036 ingenio·

320 3079 465 3126 rum
506 3060 874 3126 aestimator
911 3058 996 3124 T.
1026 3060 1292 3140 Livius,
1321 3060 1788 3147 plenissimum
1831 3059 2286 3124 testimonium
2325 3055 2524 3121 Cice·

320 3164 467 3229 roni
493 3162 812 3231 reddidit.

889 3362 1236 3432 Ptooenio
1259 3363 1381 3428 lib.
1428 3379 1498 3425 r.
1548 3360 1969 3429 Controvers-

410 3499 756 3566 Pertinere
776 3500 863 3565 ad
891 3521 1031 3569 rem
1049 3521 1181 3567 non
1205 3505 1397 3587 pute,
1416 3499 1750 3590 quomodo
1780 3500 2031 3566 Lucius
2049 3494 2320 3580 Magius
2337 3511 2529 3578 gener

321 3602 466 3668 Titi
490 3602 671 3667 Livii
703 3603 1196 3684 declamaverit,
1242 3607 1555 3691 quamvis
1589 3605 1818 3694 aliquo
1860 3612 2161 3687 tempore
2194 3616 2386 3663 suum
2405 3613 2529 3679 po·

322 3705 557 3790 pulum
587 3704 855 3787 habuit3
903 3728 1056 3775 cum
1082 3709 1273 3778 illum
1325 3708 1625 3780 homines
1670 3728 1803 3773 non
1833 3707 1901 3774 in
1958 3705 2173 3792 ipsius
2219 3702 2528 3769 honorem

323 3806 693 3887 laudarent,
728 3810 850 3876 sed
884 3812 953 3882 in
974 3812 1221 3877 soceri.

1144 3993 1569 4062 Controvers.
1604 3995 1715 4060 24.

410 4129 611 4197 Titus
645 4128 901 4197 Livius
929 4123 1070 4197 tam
1121 4131 1390 4218 iniquus
1423 4131 1747 4198 Sallustio
1796 4130 1943 4207 fuit,
1973 4132 2052 4191 ut
2096 4126 2267 4191 hane
2314 4123 2534 4208 ipsam

317 4231 777 4318 (sententiam)
795 4239 817 4269 ‘
838 4233 983 4303 Res
1007 4235 1320 4303 secundae
1348 4237 1514 4303 mire
1545 4241 1700 4302 sunt
1717 4232 1905 4303 vitiis
1935 4227 2233 4296 obtentui
2253 4225 2269 4254 '
2292 4237 2364 4289 et
2393 4228 2532 4329 tan-
