3034 4925
557 364 689 430 214
1490 382 1556 431 r.
1605 381 1793 430 mvn

559 529 628 591 et
645 524 1234 610 consanguinitate,
1253 521 1435 604 (narn
1457 524 1809 590 Fidenates
1827 545 2097 611 quoque
2117 525 2386 592 Etrusci
2415 523 2769 609 fuerunt,)‘

561 637 632 693 et
672 627 858 712 quod
887 629 1040 710 ipsa
1077 627 1542 710 propinquitas
1589 628 1757 706 loci,
1794 630 1854 692 si
1888 627 2193 694 Romana
2223 649 2409 694 arma
2441 630 2766 697 omnibus

562 730 804 795 infesta
846 728 1140 794 finitimis
1185 736 1435 806 essent,
1474 731 1935 795 stimulabat.¹³
1962 729 1993 758 '¹'
2079 732 2158 795 In
2204 731 2370 796 fines
2412 731 2771 796 Romanos

560 835 1099 906 excucurrerunt,
1128 831 1593 915 populabundi
1634 833 1877 915 magis,
1923 850 2126 916 quam
2157 830 2335 916 justi
2369 852 2552 896 more
2581 832 2772 896 belli.

566 934 809 1020 Itaque
837 955 969 1000 non
999 935 1244 999 castris
1276 934 1541 1016 positis,
1570 952 1696 997 uon
1728 940 2091 1017 expectato
2122 934 2407 1000 hostiurn
2434 935 2773 1005 exercitu,

564 1046 827 1123 raptam
858 1059 944 1104 ex
973 1039 1150 1121 agris
1179 1038 1480 1121 praedam
1511 1043 1881 1119 portantes,
1926 1036 2135 1102 Veios
2179 1038 2469 1102 rediere:
2503 1036 2775 1101 Roma-

562 1162 689 1206 nus
721 1149 971 1220 contra,
999 1148 1358 1226 postquam
1399 1140 1658 1206 bostem
1684 1141 1754 1204 in
1783 1141 1960 1224 agris
1989 1161 2119 1206 non
2158 1140 2437 1218 invenit,
2477 1140 2774 1204 dimica-

563 1244 732 1310 tioni
760 1246 1016 1310 ultimae
1044 1246 1400 1310 instructus
1429 1245 1876 1327 intentusque,
1904 1243 2198 1310 Tiberim
2227 1244 2490 1309 transit.
2539 1242 2773 1322 Quem

553 1355 924 1431 postquam
952 1352 1179 1412 castra
1206 1367 1483 1431 ponere,
1507 1354 1575 1413 et
1597 1346 1685 1411 ad
1709 1345 1962 1411 Urbem
1983 1366 2414 1412 accessurum
2431 1345 2770 1411 Veientes

563 1450 919 1528 audivere3
951 1450 1225 1515 obviam
1254 1450 1531 1532 egressi,
1551 1457 1626 1515 ut
1647 1450 1878 1534 potius
1902 1451 2052 1514 acie
2077 1450 2531 1527 decernerent,
2557 1467 2771 1533 quam

565 1551 805 1616 inclusi
838 1551 926 1616 de
956 1553 1154 1617 tectis
1181 1553 1655 1636 moenibusque
1685 1551 2091 1616 dimicarent.
2149 1551 2279 1629 Ibi,
2301 1551 2560 1615 viribus
2580 1550 2772 1615 nulla

566 1657 705 1716 arte
725 1659 778 1700 ¹4
807 1653 1108 1738 adjutiS,⁸
1134 1660 1387 1719 tantum
1417 1655 1718 1718 veterani
1737 1655 1974 1719 robore
1993 1655 2335 1719 exercitus
2361 1673 2482 1718 rex
2506 1654 2769 1719 Roma·

566 1773 695 1820 nus
744 1756 936 1822 vicit:
957 1756 977 1792 ²
1018 1767 1545 1841 persecutusque
1594 1756 1787 1822 susos
1845 1757 1931 1821 ad
1988 1756 2239 1822 moenia
2286 1758 2540 1835 hostes,
2599 1758 2768 1821 urbe

563 1856 794 1923 valida
837 1859 1046 1924 muris
1084 1876 1165 1924 ac
1210 1860 1346 1926 situ
1386 1862 1540 1945 ipso
1567 1862 1817 1927 munita
1847 1861 2235 1946 abstinuitr
2260 1880 2455 1943 agros
2501 1860 2768 1924 rediens

565 1964 809 2038 vastat,
857 1962 1227 2027 ulciscendi
1284 1964 1519 2046 magiS,
1581 1982 1780 2047 quam
1837 1962 2115 2047 praedae,
2174 1963 2414 2027 studio.
2533 1962 2770 2046 anue

566 2062 776 2141 clade,
813 2063 992 2128 haud
1037 2065 1253 2132 minus
1298 2086 1499 2151 quam
1547 2065 1833 2131 adversa
1861 2086 2107 2149 pugna,
2150 2067 2411 2131 subacti
2436 2064 2767 2130 Veientes

566 2183 807 2246 pacem
835 2167 1110 2248 petitum
1141 2173 1433 2232 oratores
1466 2166 1751 2231 Romam
1781 2167 2066 2232 mittunt.
2153 2166 2318 2251 Agri
2345 2173 2537 2252 parte
2556 2168 2763 2231 mulc-

567 2267 775 2331 tatis¹¹
805 2267 875 2331 in
899 2274 1163 2334 centum
1198 2289 1405 2335 annos
1428 2269 1720 2334 induciae
1747 2270 1979 2335 datae.x
2067 2270 2244 2335 Haec
2260 2271 2484 2349 ferme,
2512 2269 2766 2335 Romu-

1476 2451 1841 2475 ΟΝΟΜΟΟΝΟ

632 2568 694 2614 13
728 2566 983 2617 Minorem
1020 2568 1409 2621 distinctionem
1439 2577 1560 2633 post
1585 2571 1862 2621 stimulabat
1882 2555 2010 2621 daut
2040 2570 2272 2621 Gronov.
2290 2570 2512 2634 Doujat.
2533 2568 2767 2620 Crevier.

568 2628 728 2680 Drsk.
763 2632 1095 2685 Stroth—14
1126 2636 1142 2664 ⁴
1163 2637 1315 2686 Parte
1338 2633 1473 2687 Edd.
1507 2643 1629 2687 ante
1655 2636 1818 2689 Drak.
1857 2637 2166 2702 perperam!
2204 2636 2522 2686 Stroth—15
2555 2635 2770 2685 ‘Sebel-

1556 2782 1780 2838 NOTAE

566 2900 672 2940 xu-
702 2889 949 2952 lapidem.
1014 2895 1144 2943 Eam
1177 2895 1355 2945 urbem
1398 2911 1499 2945 non
1529 2897 1625 2945 mi·

565 2977 744 3015 norem
770 2964 989 3016 Athenis
1011 2966 1169 3017 fuisse
1187 2963 1465 3034 Dionjvsins
1488 2970 1625 3021 affir-

559 3045 694 3100 mat,
726 3039 813 3103 qui
848 3042 993 3104 hujus
1027 3043 1150 3093 beili
1182 3044 1414 3094 ordinem
1439 3056 1625 3097 exacte

565 3114 819 3179 depingit.
881 3117 1128 3168 Veiorum
1166 3120 1328 3170 ruinae
1368 3121 1419 3171 in
1456 3136 1520 3171 ea
1557 3123 1625 3173 E·

565 3193 745 3241 trnriae
778 3201 930 3257 parte
965 3195 1053 3245 ubi
1085 3210 1223 3246 nnnc
1258 3200 1622 3260 patrimonium

567 3269 748 3319 Sancti
770 3271 921 3320 Petri
942 3278 1041 3334 est,
1073 3274 1324 3337 visuntur,
1352 3276 1624 3327 Hoistenio

557 3346 758 3410 judice,
784 3348 834 3397 in
869 3350 1002 3398 colle
1045 3359 1310 3415 praernpto
1347 3352 1413 3401 ad
1443 3353 1626 3402 castei-

567 3423 670 3471 ium
695 3422 1077 3486 Farnesiornm,
1110 3426 1193 3474 cui
1229 3440 1414 3476 nomen
1446 3428 1629 3491 l'Isola,

564 3500 705 3548 inter
742 3499 1081 3549 diversorium
1118 3502 1167 3550 ῑα
1201 3500 1385 3566 Stortoe,
1420 3505 1556 3567 qnod
1579 3504 1627 3552 ei

565 3576 631 3626 ad
654 3582 843 3639 ortum,
865 3582 921 3625 et
942 3576 1191 3640 oppidum
1214 3578 1465 3639 Saffum.
1490 3581 1626 3644 quod

566 3650 631 3700 ad
655 3646 894 3702 occasum
918 3652 1156 3702 aestivnm
1180 3661 1263 3702 est
1284 3655 1456 3704 situm.

629 3733 666 3796 ξ
682 3728 809 3775 Nam
835 3726 1091 3776 Fidenates
1112 3743 1287 3792 quoque
1310 3730 1626 3791 Etruscisne-

566 3801 706 3864 runt]
737 3802 881 3864 Non,
898 3802 942 3851 si
962 3802 1141 3853 Tiberi
1166 3805 1372 3855 Etruria
1391 3806 1624 3858 finietur.

493 3917 496 3922 .
568 3877 863 3927 Fidenarum
896 3879 1029 3929 enim
1068 3881 1314 3945 oppidum
1351 3884 1425 3933 cis
1462 3883 1624 3934 Tibe-

569 3951 664 4002 rim
700 3952 766 4003 ad
802 3955 984 4005 iaeram
1013 3955 1176 4020 fluvii,
1209 3960 1346 4010 ultra
1367 3960 1622 4011 Anienem

568 4031 759 4076 tamen.
794 4030 897 4078 Sed
918 4045 1124 4080 causam
1150 4034 1231 4083 vel
1254 4036 1474 4085 colorem
1497 4035 1623 4087 beili

567 4116 597 4149 a
636 4104 938 4154 Veientibus
979 4121 1047 4155 ex
1091 4122 1154 4157 eo
1202 4111 1419 4173 petitam
1461 4110 1624 4162 refert

568 4178 714 4230 Piut.
758 4181 893 4244 quod
946 4180 1157 4233 Fidenas
1201 4193 1444 4253 tanquam
1487 4190 1624 4254 juris

565 4254 842 4309 Veientani
865 4266 1181 4324 repeterent.

1770 2895 1796 2921 ⁶
1830 2895 1895 2947 A.
1913 2898 1981 2947 U.
2005 2897 2065 2948 C.
2089 2900 2170 2947 81.

1767 2981 1786 3005 ⁸
1848 2973 2042 3023 Viribus
2084 2974 2217 3022 nulla
2257 2978 2368 3023 arte
2405 2969 2609 3034 αὕαέἰσ]
2676 2971 2775 3021 Its

1706 3049 1980 3109 Nannius3
2027 3048 2078 3098 id
2115 3055 2216 3105 est,
2253 3055 2437 3111 aperta
2477 3049 2563 3108 νίς
2610 3054 2775 3097 antes.

1704 3122 2003 3189 legebatur,
2021 3126 2202 3175 viribus
2224 3127 2352 3174 nulla
2370 3129 2509 3188 parte
2529 3122 2740 3182 adiuti&

1769 3206 1786 3236 ²
1817 3203 1928 3252 Rex
1950 3203 2192 3251 Romanus
2209 3201 2353 3263 eicit]
2388 3202 2506 3251 Non
2529 3214 2644 3255 nino,
2670 3200 2775 3249 sed

1705 3278 1904 3329 dnobus
1929 3278 2119 3341 praeliis
2147 3277 2616 3336 domiti'Veientes,
2635 3290 2773 3339 qno·

1705 3369 1819 3404 rum
1859 3362 2124 3418 postremo
2159 3352 2540 3419 quatuordecim
2572 3352 2776 3401 Veien-

1709 3431 1836 3480 tium
1872 3432 2058 3492 miliia‚
2097 3438 2153 3480 et
2183 3430 2351 3495 (quod
2388 3442 2540 3490 supra
2584 3427 2776 3493 tidem)

1710 3509 1825 3573 pius
1849 3508 2019 3557 media
2055 3515 2204 3570 parte
2238 3507 2400 3569 ipsius
2435 3504 2633 3554 Romuli
2655 3519 2777 3554 ma-

1708 3600 1795 3646 nu,
1828 3585 2043 3648 periisse
2081 3600 2113 3634 a
2148 3582 2451 3650 quibusdam
2488 3581 2777 3632 traduntur

1709 3661 1846 3725 apud
1874 3661 2014 3711 Piut.

1773 3745 1796 3770 ¹¹
1828 3735 1959 3797 Agra·
1985 3740 2126 3799 parte
2153 3733 2421 3798 mulctatis]
2454 3733 2597 3796 Agre
2616 3745 2777 3783 nem·

1708 3827 1774 3876 pe
1795 3811 1973 3862 Tiberi
1994 3810 2261 3874 contiguo,
2284 3812 2367 3861 cui
2391 3823 2573 3859 nomen
2598 3823 2626 3856 a
2642 3822 2776 3873 sep·

1706 3895 1814 3937 tem
1838 3887 2003 3951 pagis.
2068 3886 2211 3937 Jnssi
2234 3894 2490 3949 praeterea
2510 3883 2774 3936 Veientes

1704 3962 1894 4012 Setinis
1940 3960 2215 4021 abstinere,
2261 3976 2378 4025 qnoe
2419 3960 2554 4009 circa
2594 3956 2777 4012 flumi-

1702 4038 1783 4088 nis
1810 4038 1943 4088 ostia
1976 4043 2115 4102 sunt,
2145 4043 2200 4085 et
2222 4035 2593 4101 qninquaginta
2624 4035 2775 4086 obsi·

1702 4116 1794 4166 'des
1817 4114 1958 4163 dare.

1769 4198 1795 4224 ¹
1844 4190 1907 4240 In
1928 4195 2135 4256 ‘centum
2181 4204 2331 4239 annos
2372 4186 2575 4237 induet‘ae
2609 4189 2774 4256 data]

1706 4268 1911 4319 Novum
1934 4281 2057 4318 sane
2080 4280 2242 4332 genus
2263 4266 2590 4331 luduin-un,
2610 4267 2771 4331 cujus
