3034 4925
990 422 1140 473 mn.
1188 422 1303 471 m.
1350 421 1514 471 cu.
1558 406 1666 471 44.
2026 378 2035 386 ’
2295 407 2431 474 625

235 569 386 654 pari
428 568 690 634 viribus
730 567 976 646 animo,
1016 568 1507 634 circumventus
1556 572 1900 633 tutaretur.
1990 565 2324 633 Nuntiant
2361 568 2433 634 in

232 679 460 738 castra
490 670 718 748 ceteri,
747 670 1246 755 praecipitatum
1275 671 1342 734 in
1368 669 1650 736 insidias
1679 689 1831 735 esse
1854 669 2156 735 Siccium
2174 672 2453 754 egregie,

232 781 656 860 pugnantem,
702 774 1091 859 militesque
1132 774 1463 860 quosdam
1495 785 1648 838 cum
1679 792 1763 838 eo
1804 773 2113 838 amissos.
2201 772 2432 838 Primo

232 875 408 941 fides
453 877 909 942 nuntiantibus
951 876 1102 942 fuit.
1190 877 1508 943 Profecta
1551 875 1798 942 deinde
1843 875 2082 941 cohors
2125 875 2213 941 ad
2242 893 2436 959 sepe-

233 977 524 1056 liendoS,
556 979 672 1063 qui
691 979 1097 1058 ceciderant,
1122 979 1646 1045 decemvirorum
1675 979 2033 1063 permissu,
2064 983 2435 1062 postquam

235 1080 496 1152 nullum
527 1080 894 1165 spoliatum
924 1081 1020 1146 ibi
1053 1100 1326 1165 corpus,
1369 1081 1804 1166 Sicciumque
1849 1082 1915 1146 in
1945 1080 2168 1146 medio
2204 1079 2439 1164 Jacem

227 1190 380 1250 tem
410 1189 898 1269 armatumque,
941 1185 1260 1250 omnibus
1300 1184 1373 1248 in
1420 1204 1579 1249 eum
1623 1186 1832 1249 versis
1881 1184 2297 1267 corporibus,
2343 1185 2438 1248 vi·

232 1283 426 1364 dere3
452 1284 747 1354 bostium
770 1306 988 1371 neque
1016 1306 1265 1372 corpus
1285 1286 1516 1364 ullum,
1549 1306 1676 1352 nec
1700 1287 1991 1368 vestigia
2014 1287 2396 1351 abeuntium
2420 1303 2440 1367 ς

232 1387 540 1470 profecto
571 1390 658 1454 ab
688 1390 832 1454 suis
874 1390 1293 1456 interfectum
1342 1396 1810 1468 memor-antee,
1854 1391 2132 1454 retulere
2165 1408 2445 1474 corpus.

236 1487 667 1575 Invidiaeque
718 1493 922 1577 plena
970 1497 1191 1559 castra
1237 1497 1448 1570 erant,
1485 1498 1556 1558 et
1599 1490 1897 1558 Romam·
1939 1491 2093 1562 ferri
2137 1491 2442 1577 protinus

236 1591 542 1658 Siccium
573 1594 911 1678 placebat,
953 1596 1023 1660 ni
1064 1596 1427 1661 decemviri
1478 1595 1683 1660 funus
1733 1595 2021 1660 militare
2058 1595 2120 1659 ei
2167 1593 2444 1678 publica

237 1696 546 1780 impensa
567 1698 788 1764 facere
816 1707 1283 1765 maturassent.
1366 1699 1687 1783 Sepultus
1709 1699 1955 1786 ingenti
1974 1698 2260 1762 militum
2277 1715 2447 1762 moe-

242 1798 460 1878 stitia,
498 1802 800 1885 pessima
831 1803 1353 1868 decemvirorum
1380 1802 1447 1868 in
1478 1801 1715 1886 vulgus
1743 1800 1948 1879 fama,
1978 1806 2101 1864 est.

265 1935 288 1954 ·
333 1903 444 1966 44.
488 1902 806 1990 Sequitur
838 1905 1020 1969 aliud
1050 1906 1119 1969 in
1149 1907 1303 1969 urbe
1330 1906 1546 1982 nefas,
1574 1906 1660 1969 ab
1689 1904 1966 1969 libidine
1996 1911 2238 1982 ortum,
2267 1903 2448 1994 haud

241 2005 471 2072 minus
500 2006 690 2073 soedo
711 2010 734 2044 ⁸
790 2012 1055 2085 eventu,
1099 2027 1302 2092 quam
1332 2005 1513 2090 quod
1557 2026 1677 2091 per
1716 2013 2019 2091 stuprum
2051 2006 2449 2089 caedemque

247 2107 586 2176 Lucretiae
615 2113 780 2176 urbe
810 2130 1146 2197 regnoque
1173 2109 1588 2195 Tarquinios
1618 2108 2015 2193 expulerat:
2045 2115 2269 2174 utnon
2300 2108 2468 2174 finis:

248 2211 471 2278 solum
489 2213 664 2279 idem
688 2214 1114 2293 decemviris,
1141 2214 1260 2300 qui
1289 2214 1575 2297 regibus»,
1605 2212 1728 2276 sed
1753 2231 1964 2278 causa
1986 2213 2185 2277 etiam
2210 2212 2452 2276 eadem

249 2313 522 2396 imperii
564 2316 912 2381 amittendi
959 2324 1159 2383 esset.
1247 2314 1384 2401 Ap.
1438 2313 1800 2380 Claudium
1850 2315 2117 2397 virginis
2164 2314 2450 2398 plebeiae

249 2413 650 2502 stuprandae
679 2418 895 2485 libido
926 2420 1124 2505 cepit.
1191 2418 1400 2485 Pater
1423 2416 1701 2503 virginis
1731 2418 1812 2484 L.
1842 2416 2186 2507 Virginius
2215 2416 2453 2482 hones-

250 2525 400 2585 tum
444 2522 739 2588 ordinem
787 2522 858 2588 in
894 2522 1140 2608 Algido
1186 2523 1531 2601 ducebat,P
1581 2522 1677 2588 vir
1724 2522 2019 2606 exempli
2062 2521 2232 2587 recti
2275 2521 2458 2585 domi

251 2623 669 2708 militiaeque.
758 2625 1048 2691 Perinde
1079 2645 1254 2691 uxor
1279 2627 1583 2692 instituta
1627 2625 1868 2702 suerat,
1911 2623 2242 2709 liberique
2272 2624 2463 2687 insti-

252 2727 702 2811 tuebantur.⁹¹¹
790 2729 1268 2814 Desponderat
1294 2738 1348 2768 ¹⁰
1396 2729 1601 2793 filiam
1666 2728 1749 2793 L.
1793 2728 1998 2793 Icilio
2059 2714 2464 2803 tribunicio,¹'

253 2830 404 2923 viro
435 2832 596 2907 acri,
645 2838 714 2897 et
753 2852 875 2917 pro
905 2852 1118 2899 causa
1146 2833 1363 2918 plebis
1393 2839 1700 2916 expertae
1729 2829 2011 2897 virtutis.
2101 2827 2301 2894 Hanc
2328 2828 2463 2893 vir·

254 2934 475 3017 ginem
536 2934 861 3013 adultam,
922 2935 1136 3000 forma
1193 2933 1663 3012 excellentem,
1717 2932 2009 3019 AppiuS,
2068 2951 2298 3009 amore
2355 2950 2467 3001 are

1174 3083 1544 3106 OOOOOOOOOOO

328 3185 362 3231 s
396 3183 546 3248 conj.
571 3184 794 3249 Rupert.
825 3160 1129 3244 snam-9
1160 3186 1284 3237 vm.
1302 3185 1393 3237 ub.
1415 3201 1499 3250 ap.
1525 3185 1703 3251 Sigon.
1729 3184 1869 3235 uberi
1885 3198 2062 3250 quoque
2080 3182 2467 3235 immutantur.

1260 3318 1479 3371 NOTA-3

330 3418 357 3454 Ρ
390 3411 662 3463 nonatum
681 3417 892 3465 ordinent
912 3415 967 3466 in
983 3417 1165 3479 Algido
1188 3419 1329 3467 duce·
1471 3424 1498 3459 a
1536 3415 1745 3464 Perinde
1763 3429 1887 3463 uxor
1907 3411 2334 3471 institutasueret,
2355 3411 2473 3459 lihe-⁸

260 3487 370 3550 bot]
421 3488 564 3540 Cave
608 3491 858 3542 Rhenum
894 3491 1195 3555 credideris,
1240 3494 1329 3558 qui
1406 3493 1544 3557 rique
1563 3489 1960 3554 instituebantur]
1991 3491 2140 3539 Uxor
2176 3487 2475 3538 Numitoria

260 3564 420 3631 qnod
460 3567 523 3617 1..
569 3567 833 3631 Virginius
887 3569 1118 3633 plebeius
1170 3577 1329 3632 esset,
1408 3571 1758 3633 nomine,jam
1789 3565 2056 3627 defuncta,
2094 3563 2267 3613 mariti
2299 3577 2473 3612 exem-

261 3642 511 3707 quodque
540 3644 762 3707 pedibus
783 3644 1002 3695 Romam
1025 3647 1228 3696 venisse
1247 3655 1330 3697 at·
1413 3647 1499 3710 plo
1540 3647 1685 3697 bonis
1726 3643 1951 3693 moribus
1994 3638 2173 3690 fuerat
2218 3639 2475 3704 proedita3

260 3732 370 3782 qne
406 3719 460 3768 in
483 3718 730 3783 Algidum
768 3735 1008 3772 reversus
1039 3736 1155 3773 esse
1191 3722 1332 3773 dica·
1412 3724 1653 3790 idemque
1676 3722 1798 3772 vitre
1819 3720 2112 3770 institutum
2137 3722 2333 3766 secuta.
2361 3717 2476 3766 Nec

258 3803 371 3857 tur,
395 3801 566 3844 tentat
600 3811 719 3846 num
759 3797 1037 3860 legendum
1069 3799 1159 3862 nit,
1194 3801 1338 3863 peden
1414 3801 1583 3858 aliter.
1617 3807 1821 3850 mortua
1844 3795 2171 3861 quantumvis
2187 3791 2477 3851 matresin-

266 3873 609 3924 ranordinen·
629 3874 684 3923 in
702 3873 886 3936 Algido
912 3875 1125 3927 ducebat.
1194 3876 1333 3928 Quid
1414 3879 1768 3930 stituebautur
1811 3886 2105 3923 communes
2150 3870 2298 3919 liberi
2318 3870 2338 3919 ἰ
2389 3869 2479 3920 illa

266 3948 411 3998 enim
434 3949 500 3998 ad
537 3963 645 3998 rem
685 3950 929 4014 pedibus,
961 3965 1026 4001 an
1063 3966 1199 4018 equo
1221 3961 1335 4004 ute·
1414 3956 1618 4007 scilieet
1641 3953 1745 4004 tilia
1760 3950 2012 4014 Virgiuia.
2050 3947 2185 3998 Nam
2203 3946 2480 3996 liberorum

266 4025 450 4074 retur?
492 4023 610 4074 Hoc
632 4034 859 4083 constat.
880 4027 1088 4092 pedites
1109 4028 1334 4081 duxisse.
1418 4031 1772 4097 appellatione
1812 4027 1992 4075 unicus
2022 4023 2158 4072 filius
2193 4021 2365 4073 filiave
2403 4022 2481 4073 in-·

268 4101 384 4152 Cur
417 4102 580 4166 igitur
612 4103 878 4153 honestum
912 4105 962 4153 ei
996 4105 1229 4157 ordinem
1259 4109 1339 4157 in·
1418 4108 1744 4171 telliguntur,
1765 4109 1856 4152 aut
1879 4114 2043 4162 nepos
2071 4101 2331 4163 neptisve.

266 4179 542 4229 videamus
562 4180 582 4228 ?
630 4180 1001 4231 centurionem
1032 4196 1150 4232 eum
1184 4191 1339 4249 vocat
1480 4188 1501 4216 ¹
1532 4183 1596 4231 L.
1616 4180 1755 4231 Icilio
1773 4174 2052 4238 tribunicio]
2072 4175 2163 4240 Sp.
2181 4175 2319 4235 Icilii
2337 4173 2374 4224 f.
2394 4174 2480 4237 qui

273 4261 468 4305 auctor
488 4255 554 4306 de
572 4255 709 4306 Viris
730 4256 1047 4324 Inlustribus,
1062 4265 1118 4310 et
1136 4260 1337 4326 Diony·
1418 4260 1613 4323 primus
1649 4254 1974 4319 tribuniciam
2008 4260 2319 4317 potestatem
2360 4264 2482 4302 con-

270 4332 400 4388 θὶῑῑδ·
1418 4336 1662 4387 stituerat
1682 4338 1841 4400 atque
1863 4337 2157 4396 acceperat.
