3034 4925
1065 399 1208 447 ms.
1257 400 1305 448 1.
1351 398 1513 449 cst.
1557 382 1625 447 9.
2297 383 2425 449 197

338 547 398 609 9.
436 544 593 610 Jam
637 564 743 610 res
789 545 1103 611 Romana
1137 545 1310 611 adeo
1351 553 1495 610 erat
1523 542 1775 621 valida,
1803 550 1880 607 ut
1910 542 2191 610 cuilibet
2219 541 2425 611 finiti-

256 663 499 712 marum
521 647 893 712 civitatium
917 647 1099 711 bello
1132 668 1254 731 par
1285 652 1470 711 esset
1490 666 1509 726 3
1530 647 1559 675 '
1581 646 1725 718 sed,
1744 647 2025 728 penuria
2049 648 2424 724 mulierum,

249 749 529 813 hominis
561 756 830 814 aetatem
869 750 1183 814 duratura
1229 748 1615 832 magnitudo
1654 757 1833 812 erat:
1884 749 2139 832 quippe
2180 750 2424 833 quibus

252 870 374 916 nec.
390 851 570 916 domi
602 870 762 934 spes
798 853 1034 935 prolis,
1069 871 1192 916 nec
1240 872 1391 917 cum
1435 851 1738 916 finitimis
1764 851 2115 916 ‘connubia
2154 859 2428 916 essent.¹

249 951 414 1017 -Tum
440 972 529 1017 ex
572 953 847 1018 consilio
886 954 1159 1019 Patrum
1212 954 1548 1019 Romulus
1598 955 1857 1034 legatos
1907 954 2087 1019 circa
2119 954 2379 1018 vicinas
2398 962 2427 999 δ’

250 1061 464 1136 gentes
521 1056 723 1126 misit,
776 1058 898 1139 qui.
936 1058 1329 1122 societatem
1381 1056 1919 1140 connubiumque
1954 1043 2135 1120 novo
2178 1056 2426 1139 populo

249 1163 590 1237 peterent:
660 1163 681 1193 ⁶
714 1157 932 1223 Urbes
988 1179 1280 1244 quoque,
1341 1167 1421 1224 ut
1479 1164 1723 1236 cetera,
1781 1178 1868 1223 ex
1914 1157 2140 1221 infimo
2197 1158 2426 1222 nascit

248 1256 515 1336 deinde,
535 1279 711 1344 quas
764 1281 888 1325 sua
926 1262 1140 1325 virtus
1172 1280 1254 1327 ac
1295 1261 1407 1324 Dii
1444 1259 1707 1343 juvent,
1745 1278 2026 1342 magnas
2079 1278 2247 1342 opes
2292 1259 2428 1323 sibi

246 1378 673 1445 magnumque
704 1381 946 1427 nomen
975 1363 1234 1427 facere.
1303 1362 1486 1426 Satis
1514 1362 1712 1438 scire,
1740 1362 1976 1445 origini
2005 1357 2429 1425 Romanae-et

247 1449 424 1526 Deos
478 1462 772 1541 affuisse,
827 1469 894 1529 et
950 1483 1098 1528 non·
1130 1464 1504 1530 defuturam
1557 1465 1891 1528 virtutem.
1950 1513 1953 1520 .
2001 1462 2316 1529 Proinde'
2340 1481 2426 1526 ne

245 1572 661 1643 gravarentur
688 1566 992 1630 homines
1023 1587 1178 1631 cum
1227 1567 1608 1631 hominibus
1663 1567 2055 1649 sauguinem
2100 1572 2170 1628 et
2218 1583 2428 1647 genus

239 1666 555 1758 miscere?
648 1667 1001 1752 Nusquam
1063 1670 1343 1753 benigne
1378 1670 1626 1752 legatio
1681 1669 1909 1734 audita
1950 1675 2087 1733 est:
2134 1667 2307 1732 adeo
2337 1667 2430 1730 si·-

241 1767 368 1829 mul
394 1769 813 1858 spernebant,
841 1769 1041 1833 simul
1081 1776 1335 1835 tantam
1379 1771 1450 1834 in
1493 1770 1717 1834 medio
1748 1777 2154 1836 crescentem
2185 1769 2427 1833 molem

243 1868 363 1932 sibi
394 1889 478 1933 ac
521 1873 815 1952 posteris
848 1874 994 1936 suis
1035 1874 1436 1938 metuebant.
1525 1871 1586 1937 A
1623 1874 1960 1956 plerisque
1986 1872 2428 1955 rogitantibus

243 1968 525 2050 dimissi,
578 1976 599 2006 ‘
632 1971 917 2056 Ecquod
965 1974 1260 2039 foeminis
1309 1982 1614 2059 quoque¹
1659 1974 1923 2059 asylum
1954 1972 2424 2058 aperuissent?

239 2071 305 2135 id
347 2073 522 2137 enim
568 2074 835 2139 demum
881 2095 1154 2160 compar
1199 2077 1606 2140 connubium
1650 2074 1835 2140 fore?
1923 2076 2128 2158 AEgre
2167 2074 2238 2139 id
2285 2074 2467 2158 Ros

238 2191 431 2238 mana
489 2176 710 2259 pubes
754 2196 987 2259 passa,
1036 2184 1105 2241 et
1150 2177 1326 2242 haud
1383 2177 1582 2242 dubie
1640 2176 1728 2242 ad
1773 2178 1908 2241 vim
1964 2185 2270 2260 spectare
2318 2195 2426 2239 res

239 2275 463 2357 coepit.
556 2275 687 2340 Cui
726 2284 988 2361 tempus
1038 2278 1398 2362 locumque
1446 2285 1676 2362 aptum
1721 2282 1799 2342 ut
1843 2280 2028 2344 daret
2073 2278 2433 2355 Romulus,

237 2377 698 2457 aegritudinem
777 2379 978 2443 animi
1034 2379 1497 2457 dissimulans,
1544 2381 1738 2444 ludos
1795 2400 1887 2445 ex
1929 2380 2251 2444 industria
2309 2381 2426 2462 pa-

235 2485 356 2557 rat,
429 2479 757 2564 Neptuno
833 2479 1185 2565 Equestri²
1264 2482 1615 2548 solennes:
1696 2481 2065 2548 Consualia
2131 2487 2383 2548 vocat.²
2405 2488 2432 2514 ⁸

1137 2645 1345 2667 “emo
1350 2645 1436 2668 060
1440 2646 1500 2667 Οὐ

299 2747 324 2791 1
361 2744 513 2794 Vett.
539 2744 666 2793 libb.
687 2746 875 2822 Ecquid
896 2760 999 2794 ιιοιι
1019 2745 1236 2805 soestinis
1256 2704 1601 2809 quoque-2⁴
1624 2742 2051 2792 Constantianam.
2117 2742 2235 2790 Vox
2259 2748 2430 2805 poste

236 2806 336 2857 rior
369 2823 473 2858 non
497 2817 791 2873 comparet
826 2812 879 2859 in
912 2811 991 2859 Fl.
1028 2819 1088 2859 nt
1124 2811 1363 2860 videatur
1397 2809 1677 2884 scripsisse
1694 2809 1902 2858 Livius.
1936 2808 2097 2857 Ludos
2115 2823 2178 2857 ex
2197 2808 2432 2856 industria

229 2879 368 2934 parat
392 2875 626 2937 Neptuno
652 2875 880 2938 Equestri
905 2873 1153 2940 solennis,
1177 2876 1451 2926 Consualia.
1519 2873 1678 2924 Indici
1711 2871 1915 2923 deinde-³
1947 2872 2002 2924 J.
2041 2874 2100 2923 F.
2131 2872 2364 2923 Gronov.
2365 2897 2431 2909 —-

1222 3020 1440 3073 NOTAE

232 3116 353 3166 vitio
376 3132 479 3168 nou
520 3124 670 3168 caret
705 3120 769 3169 P.
800 3119 955 3169 Decii
986 3118 1155 3168 Muris
1176 3133 1289 3168 ora·
1372 3125 1428 3169 et
1465 3117 1644 3182 paucis
1689 3118 1986 3181 complexus
2029 3121 2115 3165 est
2156 3128 2252 3164 suo
2289 3128 2431 3165 more

234 3192 317 3249 tio,
351 3194 491 3297 apud
533 3195 816 3244 Auctorem
854 3204 1082 3245 nostrum
1121 3196 1211 3244 lib.
1234 3208 1290 3244 x.
1370 3196 1494 3245 Tac.
1517 3207 1600 3244 xl.
1624 3194 1762 3245 Αιιιι.
2426 3218 2431 3225 -

232 3281 275 3316 c.
297 3272 345 3318 8.
382 3271 501 3320 ‘En
527 3284 751 3334 unquam
775 3270 929 3321 fando
952 3271 1165 3321 audistis
1186 3272 1293 3321 Pa·
1437 3271 1466 3301 *
1501 3270 1569 3321 A.
1593 3272 1659 3321 U.
1684 3271 1746 3320 Ο.
1767 3275 1818 3320 4.

231 3347 406 3395 tricies
432 3347 605 3410 primo
625 3362 738 3397 esse
761 3347 951 3411 factos,
971 3362 1071 3397 non
1094 3348 1161 3397 de
1185 3362 1291 3398 coe·
1435 3356 1462 3382 ¹
1496 3349 1600 3397 Nee
1621 3362 1726 3396 cum
1746 3346 1981 3411 finitimis
2004 3347 2234 3397 connubia
2252 3345 2431 3407 essent]

231 3419 278 3468 lo
322 3421 603 3483 demissos,
646 3423 737 3473 sed
777 3425 866 3486 qui
908 3431 1104 3488 patrem
1147 3426 1291 3474 ciere
1372 3423 1696 3475 connubium
1721 3437 1862 3486 saepc
1899 3437 1994 3485 pro
2028 3423 2270 3486 conjugio
2300 3420 2430 3469 dici·

210 3509 482 3561 ·avumque
521 3505 767 3562 possent:
800 3499 852 3547 id
880 3508 981 3562 est,
1005 3500 1128 3548 nihil
1154 3501 1293 3549 ultra
1373 3507 1485 3550 tur:
1524 3498 1617 3548 sed
1656 3498 1792 3562 apud
1824 3498 2230 3550 Jurisconsnltos
2257 3511 2437 3549 eunus

231 3586 375 3635 quam
400 3573 693 3636 ingenuos?
711 3571 724 3593 ’
791 3574 957 3624 Fuere
982 3583 1154 3624 autern
1188 3589 1292 3624 nou
1371 3575 1498 3624 bium
1512 3573 1725 3637 proprie
1737 3573 1908 3621 uxoris
1924 3573 2156 3635 legitime
2177 3570 2427 3621 ducendae

232 3648 374 3698 unius
394 3649 607 3712 generis
632 3649 848 3698 Patricii
867 3650 1027 3699 etiam
1045 3656 1166 3699 ante
1189 3649 1294 3698 lm·
1365 3652 1456 3716 jus
1480 3659 1595 3700 est:
1623 3657 1782 3712 atque
1807 3649 1882 3697 ita
1905 3650 2126 3698 sumitur
2147 3650 2242 3697 hoc
2265 3648 2396 3698 loco.

231 3733 531 3788 peretot-es:
559 3725 646 3775 alii
664 3727 914 3790 maJorum
933 3728 1163 3790 gentium
1183 3725 1294 3776 dic·
1381 3762 1394 3769 -
1439 3736 1462 3770 ι
1494 3726 1704 3787 Legatos
1722 3725 1851 3774 circa
1871 3723 2429 3785 vicinas]1.egationem

221 3799 288 3855 ti,
321 3816 385 3849 ex
409 3829 414 3834 -
434 3802 781 3850 Senatui-ibus
811 3818 842 3851 a
878 3802 1099 3850 Romulo
1146 3801 1294 3851 lectis
1374 3804 1563 3852 nnllam
1586 3817 1649 3851 ea
1672 3802 1735 3850 de
1758 3815 1915 3850 causa
1932 3815 1963 3849 a
1981 3800 2202 3849 Romulo
2225 3800 2437 3849 missam

233 3879 365 3927 ertia
403 3879 496 3928 alii
543 3879 795 3928 minorum
838 3879 1088 3943 gentium,
1125 3893 1190 3927 ex
1232 3880 1300 3937 iis¹
1375 3880 1559 3929 scribit
1602 3879 1870 3929 Halicarn.
1912 3876 2000 3926 sed
2047 3890 2184 3936 eum,
2231 3877 2431 3929 omissis

234 3955 316 4015 qui
346 3969 377 4002 a
413 3955 703 4018 Tarquinio
743 3955 924 4004 Prisco
963 3970 1029 4004 ex
1063 3956 1293 4005 Plebeiis
1374 3956 1635 4021 precibus,
1658 3969 1787 4020 quas
1822 3954 1993 4004 irritas
2021 3952 2135 4002 fore
2171 3953 2238 4002 ob
2272 3952 2430 4004 finiti-

231 4028 449 4095 primnm
492 4031 547 4078 in
585 4030 930 4080 Patriciorum
964 4031 1195 4082 ordinem
1219 4031 1291 4080 al·
1373 4046 1571 4088 morum
1597 4038 1915 4082 contemtum
1942 4035 2181 4092 noverat,
2218 4029 2282 4078 sd
2325 4030 2429 4079 vim

230 4103 371 4165 lecti,
394 4104 594 4155 deinde
619 4104 835 4155 Petrum
851 4121 1065 4169 numero
1085 4106 1292 4158 fuerant
1373 4109 1721 4161 descendisse,
1742 4121 1893 4170 qnam
1923 4108 2239 4156 necessitate
2273 4119 2430 4155 excu

233 4182 468 4244 ascripti,
507 4187 570 4229 ut
603 4195 669 4229 ex
701 4181 852 4245 Livio
874 4181 963 4231 lib.
985 4196 1049 4232 ιι.
1071 4190 1125 4235 et
1149 4184 1292 4232 Plut.
1375 4184 1476 4234 seri
1502 4197 1659 4247 posse
1680 4191 1951 4245 speraret.
1994 4228 2001 4233 .
2082 4214 2089 4219 -

232 4255 283 4303 ἰιι
317 4257 603 4308 Publicola
645 4257 891 4322 colligere
927 4258 1072 4310 licet.
1138 4258 1298 4311 Quod
1432 4261 1731 4327 ‘Neptuno
1742 4260 1992 4325 Equestri]
2029 4260 2146 4310 Hoc
2166 4257 2280 4310 fuse
2302 4257 2428 4309 Dio·
