3034 4925
1075 409 1225 457 mn.
1271 409 1321 456 1.
1369 409 1536 461 cn.
1579 395 1645 459 ’7.
2318 397 2448 463 189

269 556 628 622 trabebant.
689 555 878 631 Inde,
907 574 1060 620 cum
1091 555 1520 621 altercatione
1552 555 1909 638 congressi,
1938 557 2297 623 certamine
2315 557 2446 623 ira-

265 678 406 724 rum
438 659 525 724 ad
572 658 828 723 caedem
874 662 1247 723 vertuntur:
1298 658 1395 722 ibi
1440 659 1510 723 in
1552 660 1750 724 turba
1777 660 1954 724 ictus
1984 659 2241 725 Remus
2271 664 2446 727 ceci·

266 761 413 825 dit.q
499 758 853 843 Vulgatior
881 759 1063 824 fama
1089 766 1213 839 est,
1257 759 1547 827 ludibrio
1588 760 1848 826 fratris‘
1899 762 2188 827 Remum
2227 783 2444 828 novos

261 863 675 927 transiluisse
692 882 946 927 muros:
980 862 1135 927 inde
1163 864 1251 927 ab
1281 863 1449 928 irato
1470 863 2003 950 Romulo‘(cum
2027 867 2250 932 verbis
2272 886 2442 950 quo-

263 984 393 1047 que
436 965 841 1048 increpitans
877 966 1251 1049 adjecisset,
1298 971 1318 1000 ‘
1349 966 1469 1031 Sic
1510 965 1775 1041 deinde,
1818 968 2226 1052 quicumque
2263 969 2440 1035 alius

257 1067 597 1131 transiliet
613 1069 862 1133 moenia
880 1067 1087 1145 mea')
1111 1055 1548 1134 interfectum.
1612 1067 1720 1132 Ita
1741 1068 1927 1132 solus
1951 1070 2205 1152 potitus
2228 1070 2442 1154 impe-

257 1168 353 1235 rio
385 1166 757 1235 Romulus:
802 1170 1076 1236 condita
1114 1172 1315 1235 urbs⁸
1354 1170 1724 1236 conditoris
1753 1171 2013 1236 nomine
2057 1173 2442 1256 appellata}

253 1327 260 1336 ‘
320 1315 336 1348 ¹
363 1317 617 1378 lust-atris
634 1321 973 1370 contumetiam.

1241 1433 1451 1486 NOTAE

251 1575 254 1580 .
284 1529 340 1571 '¹¹
372 1529 507 1580 Ictus
531 1531 710 1581 Remus
738 1534 932 1598 cecidit]
967 1535 1182 1585 Remum
1217 1534 1307 1583 alii
1381 1550 1477 1585 nus
1522 1535 1699 1599 colligi
1743 1539 1934 1599 potest.
2009 1534 2190 1584 Primo
2231 1532 2434 1598 quidem

256 1617 367 1682 cum
392 1607 661 1668 Faustulo,
683 1611 735 1657 iu
757 1610 855 1659 bac
880 1610 1216 1661 contentione
1237 1610 1304 1659 de
1381 1619 1504 1660 ante
1539 1609 1793 1662 excidium
1832 1610 2006 1674 Trojae
2046 1626 2075 1660 a
2111 1609 2278 1660 Romo
2308 1610 2435 1660 Itali

255 1683 475 1745 arnguriis
522 1692 666 1746 ortu
714 1686 799 1736 alii
837 1695 1021 1749 postea
1060 1703 1176 1738 cum
1212 1701 1303 1737 no·
1382 1686 1719 1738 OEnotrorum
1762 1687 1899 1750 regis
1955 1693 2011 1737 et
2071 1687 2301 1737 Luceriae
2341 1691 2436 1736 aut

254 1773 365 1809 vum
389 1773 588 1811 murum
608 1763 953 1828 transiliisset,
973 1763 1302 1815 interfectum

247 1832 444 1888 ferunt.

309 1918 329 1944 ¹³
349 1912 426 1961 Ab
439 1912 568 1961 irato
583 1913 805 1979 stmulo]
828 1915 1072 1977 Quidam,
1087 1921 1147 1965 ut
1164 1916 1300 1966 Nos-

243 1992 339 2042 ter,
361 1988 583 2038 Remum
618 1990 685 2039 ab
717 1992 828 2054 ipso
856 1992 1076 2041 Romulo
1098 1992 1301 2043 confos-

249 2075 351 2111 sum
376 2064 558 2125 aiunt3
592 2066 677 2129 qui
700 2080 765 2114 ex
790 2068 1099 2129 penitentia
1127 2067 1194 2117 de
1223 2069 1298 2118 in·

247 2137 471 2189 ferendis
518 2141 618 2190 sibi
663 2143 897 2192 manibus
950 2144 1293 2208 cogitaverit:

246 2215 331 2266 sed
347 2217 645 2268 Laurentiae
668 2220 949 2270 communis
969 2220 1164 2270 altricis
1182 2235 1297 2283 pre-

203 2321 208 2324 *
245 2291 385 2342 cibus
410 2293 476 2343 ab
499 2309 567 2344 ea
589 2307 763 2345 mente
785 2297 1038 2347 deductus
1054 2298 1140 2346 sit.
1178 2298 1296 2347 Ple·

245 2370 386 2435 rique
408 2381 585 2424 tamen
615 2388 647 2423 a
681 2374 841 2425 Fabio
881 2376 1065 2425 Celere
1103 2376 1295 2425 Centu-

243 2448 380 2498 tione
419 2451 658 2515 Remum,
691 2459 835 2502 rutro
875 2452 957 2503 vel
992 2458 1176 2515 rastro,
1216 2453 1293 2502 in-

243 2533 509 2578 teremtum
530 2536 832 2581 memorant.
897 2531 1148 2591 Egnatius
1173 2544 1293 2579 vero

242 2605 373 2667 apud
399 2606 577 2655 Aurel.
610 2607 879 2656 Victorem
914 2605 1204 2656 affirmabat
1240 2606 1291 2655 in

241 2692 296 2728 ea
317 2682 652 2731 contentione
667 2692 768 2732 non
787 2681 940 2732 modo
957 2683 1172 2731 Remum
1190 2696 1290 2732 non

239 2753 387 2819 fuisse
408 2759 677 2821 occisum;
714 2759 807 2808 sed
846 2759 1001 2809 etiam
1028 2761 1165 2809 ultra
1190 2760 1289 2809 Ro-

238 2834 419 2883 mulum
445 2835 652 2885 vixisse.
715 2835 891 2899 Atque
925 2837 1021 2885 huc
1044 2844 1287 2898 spectare

240 2908 396 2959 videri
417 2920 599 2973 posset
622 2912 746 2961 illud
770 2913 919 2976 Virg.
950 2913 966 2940 ‘
991 2913 1151 2961 Remo
1169 2927 1284 2962 cum

238 2981 392 3035 fratre
409 2987 661 3038 Quirinus
674 2988 807 3038 Jura
828 2988 1058 3038 dabunt!
1091 2990 1284 3037 Verum

240 3060 331 3111 alio
353 3064 526 3125 potius
563 3064 747 3114 alludit
779 3064 965 3120 Poeta,
989 3065 1054 3114 ad
1079 3066 1283 3117 Romuli

235 3147 414 3200 nempe
442 3137 660 3202 factum,
690 3140 794 3204 qui,
826 3147 943 3190 orta
966 3149 1085 3203 post
1106 3139 1283 3192 fratris

238 3225 407 3263 necem
466 3216 790 3280 pestilentia,
844 3229 963 3266 cum
1008 3217 1282 3280 placandos

238 3287 339 3350 ejus
379 3306 558 3341 manes
602 3292 810 3341 oracula
861 3292 1280 3355 respondissent;

238 3363 364 3414 inter
397 3375 582 3417 cetera·
615 3369 841 3431 piacula,
875 3369 953 3435 (in
986 3370 1168 3434 quibus
1193 3385 1280 3421 an·

238 3451 328 3489 nna
346 3455 494 3492 sacra
516 3445 628 3504 ejus
644 3445 820 3495 honori
838 3446 1096 3504 instituta,
1121 3455 1278 3512 atque

236 3514 349 3565 inde
368 3519 610 3569 Remuria
632 3519 823 3586 dicta,)
857 3522 1059 3587 quoties
1080 3522 1276 3588 aliquid

236 3594 556 3645 sanciendum
612 3605 764 3653 esset.
799 3598 1025 3661 jubebat
1078 3601 1278 3662 sellam,

235 3686 340 3721 cum
352 3684 563 3739 sceptro
581 3677 793 3741 aliisque
809 3678 956 3741 regni
971 3679 1276 3741 insignibus,

230 3748 373 3811 juxta
392 3768 447 3802 se
469 3754 614 3818 poni,
637 3754 784 3819 quasi
822 3755 983 3805 Remo
1006 3756 1275 3818 assidenti,

236 3832 284 3875 et
318 3843 487 3880 secum
523 3832 721 3895 pariter
757 3832 1050 3897 imperanti,
1073 3839 1131 3881 ut
1154 3834 1274 3883 Ser-

236 3902 335 3953 vius
356 3907 536 3958 tradit.

247 3994 254 3997 ’
293 3988 311 4013 ·
339 3983 545 4032 Condita
582 3984 719 4047 urbs]
766 3984 982 4034 Romam
1021 3992 1120 4047 ter,
1160 3984 1272 4035 sive

235 4055 454 4123 dirersis,
477 4059 570 4109 sed
593 4059 773 4109 vicinis
805 4061 933 4111 locis
949 4072 956 4079 ’
971 4062 1234 4112 conditam
1253 4079 1269 4124 ς

232 4130 331 4181 sive
353 4135 683 4185 instauratam
718 4144 969 4186 memorat
998 4150 1066 4186 ex
1090 4138 1269 4202 priscis

236 4208 559 4273 scriptoribus
595 4213 862 4263 Halicarn.
886 4213 922 4262 1.
947 4227 988 4264 1.
1026 4214 1177 4278 quod,
1201 4229 1268 4263 ex

234 4282 391 4347 Selino
414 4304 617 4354 quoque
653 4298 707 4341 et
742 4290 983 4341 Sallustio
1015 4291 1267 4357 aliquate-

1379 1765 1606 1815 Electroe
1649 1765 1773 1815 filio.
1836 1763 2078 1814 Secundo
2117 1764 2272 1829 paulo
2315 1770 2435 1827 post

1289 1877 1294 1884 .
1376 1841 1581 1904 Trojam
1604 1847 1844 1906 captam:
1875 1840 2022 1903 cujus
2061 1840 2276 1890 coloniae
2311 1854 2432 1889 auc-

1377 1923 1516 1967 tores
1537 1917 1846 1967 Aristoteles
1868 1917 2059 1980 aliique
2082 1916 2327 1972 Achivos,
2345 1916 2432 1966 alii

1375 1994 1629 2058 Trojanos
1672 1994 1849 2044 AEneae
1907 1993 2107 2053 oecion
2159 1991 2430 2055 indigenas

1368 2069 1463 2119 alii
1479 2069 1698 2133 faciunt,
1714 2068 2015 2119 ductoribus
2030 2074 2120 2118 sut
2137 2068 2322 2130 Romo,
2338 2075 2432 2116 ant

1374 2148 1610 2211 Romulo,
1643 2148 1730 2213 qui
1767 2147 1833 2196 ab
1864 2146 1940 2196 bis
1980 2147 2183 2209 Ulysse,
2224 2145 2289 2196 ab
2329 2147 2429 2195 illis

1371 2223 1555 2281 AEnea,
1579 2224 1645 2273 ab
1658 2221 1769 2273 aliis
1787 2223 1978 2273 Latino
1995 2222 2234 2286 prognati
2250 2221 2428 2271 dicun·

1373 2305 1477 2349 tur.
1541 2300 1730 2355 Tertio,
1766 2299 1832 2348 ab
1854 2297 2072 2348 Albanis
2107 2297 2265 2348 missa
2288 2298 2426 2348 colo-

1371 2376 1458 2425 nia
1508 2376 1807 2426 restitutam
1861 2373 2091 2424 nonnulli
2145 2373 2428 2424 tradidere.

1370 2452 1476 2504 Sed
1499 2452 1610 2503 baec
1628 2453 1704 2503 ita
1719 2450 1987 2502 commode
2006 2447 2172 2514 accipi
2190 2457 2425 2514 possunt,

1371 2536 1430 2577 ut
1455 2530 1585 2590 loca,
1606 2529 1693 2579 ubi
1718 2536 1902 2592 postea
1925 2526 2047 2576 urbs
2073 2525 2282 2575 condita
2304 2524 2424 2589 fuit,

1369 2606 1599 2656 cultores
1616 2605 1965 2670 oppidumque
2000 2602 2294 2663 habuerint,
2313 2602 2426 2652 aliis

1367 2681 1680 2736 nominibus,
1717 2679 1877 2729 veluti
1914 2678 2194 2740 Saturniae,
2216 2678 2426 2727 Pallan·

1371 2759 1458 2818 tei,
1488 2767 1580 2808 aut
1598 2758 1755 2807 etiarn
1777 2755 2063 2805 Valentioe:
2092 2754 2220 2826 licet
2241 2754 2422 2804 Histo-

1367 2833 1484 2893 rici,
1504 2834 1591 2899 qui
1610 2839 1728 2897 post
1745 2821 2002 2882 conditam
2024 2830 2236 2881 Romam
2256 2830 2421 2895 scrip—

1365 2919 1565 2972 serunt,
1601 2917 1888 2974 temporum
1923 2923 2130 2959 suorum
2165 2922 2309 2957 usum
2338 2922 2420 2957 se·

1363 2990 1494 3051 cuti,
1532 2990 1743 3039 Romam
1779 2996 1832 3036 et
1878 2987 2128 3035 Romanos
2171 2985 2420 3035 dixerint.

1363 3067 1450 3117 Ita
1470 3066 1586 3115 baee
1608 3080 1724 3131 quoe
1741 3064 1898 3113 tertia
1916 3068 2228 3123 numeratur,
2250 3061 2420 3124 prima

1361 3155 1483 3191 vere
1516 3140 1672 3191 fuerit
1697 3141 1893 3202 Romi»,
1925 3137 2020 3186 snb
2059 3138 2157 3185 boc
2196 3136 2420 3196 nomine,

1359 3219 1689 3282 constitutio,
1724 3216 1931 3267 Romuli
1967 3229 2156 3280 nempe
2188 3223 2242 3265 et
2267 3213 2415 3264 Remi

1360 3296 1538 3346 ductu.

1351 3402 1360 3407 -
1421 3376 1440 3407 ὃ
1477 3371 1751 3422 conditoris
1790 3369 1974 3418 nomine
2015 3368 2273 3432 appellata]
2322 3369 2410 3416 De

1360 3450 1540 3498 Romae
1577 3448 1785 3497 nomine
1820 3453 1874 3495 et
1908 3444 2177 3494 conditore
2219 3443 2410 3491 dictum

1358 3530 1441 3575 est
1471 3525 1536 3574 ad
1573 3531 1734 3588 caput
1753 3528 1803 3571 θ.
1841 3536 2014 3571 verum
2051 3521 2093 3568 si
2127 3534 2156 3567 a
2191 3519 2410 3568 Romulo

1357 3600 1502 3650 dicta
1527 3601 1698 3658 Romo,
1744 3613 1834 3648 cur
1864 3612 1963 3646 uon
2000 3596 2201 3644 Romala
2236 3595 2408 3657 potius

1354 3676 1650 3725 nominata?
1701 3673 2045 3723 Godelevoeus
2084 3673 2216 3720 hanc
2255 3667 2410 3719 affert

1355 3752 1630 3812 rationem,
1675 3748 1812 3814 quod
1868 3747 2115 3810 ampliore
2171 3744 2408 3796 vocabuli

1355 3826 1733 3892 significatione.
1750 3825 2081 3887 prosperiora
2099 3821 2281 3885 patrioe
2296 3826 2404 3872 suae

1354 3902 1573 3955 ominari
1616 3901 1855 3952 conditor
1896 3889 2149 3948 voluerit':
2205 3888 2269 3948 id'
2303 3907 2405 3961 est,

1354 3997 1471 4031 cnm
1523 3979 1727 4029 Romuli
1770 3984 1827 4027 et
1869 3976 2099 4026 Romulae
2141 3990 2327 4027 nomen
2372 3991 2403 4025 a

1353 4057 1522 4118 Rome,
1549 4070 1665 4121 quoe
1698 4067 1798 4102 vox
1822 4051 2010 4102 Graece
2037 4053 2179 4103 robur
2210 4052 2403 4115 signiti-

1349 4142 1454 4194 cat,
1471 4133 1751 4182 deductum
1774 4129 1844 4178 sit
1861 4143 1956 4193 per
1977 4127 2364 4180 diminutionem
2384 4145 2400 4189 ς

1350 4211 1598 4262 Romulus
1614 4208 1675 4265 ,iu
1696 4205 1823 4256 urbe
1844 4206 2156 4256 nominanda
2177 4206 2399 4256 diminu-

1348 4289 1456 4340 tivo
1489 4286 1610 4337 huic
1633 4283 1881 4335 vocabulo
1917 4283 2226 4346 primitivum
2251 4290 2395 4332 ante-
