3034 4925
540 414 627 480 38
1258 434 1536 482 nnocrA
1587 434 2004 486 ,mucronum

542 593 744 657 quam
777 574 1190 653 translatam,
1223 583 1293 641 et
1337 584 1652 662 tanquam
1705 558 2079 663 corruptam
2117 579 2269 643 dum
2324 583 2728 663 transfertur,

543 675 866 760 objiceret
909 675 1246 741 Sallustio,
1335 678 1489 744 Nec
1539 680 1668 745 hoc
1709 700 1930 745 amore
1958 681 2368 764 Thucydidis
2415 683 2602 764 facit,
2655 694 2729 752 nt

538 777 726 842 illum
751 779 1087 861 praeferat.
1173 779 1434 844 Laudat
1464 800 1658 863 quem
1704 802 1838 845 non
1868 782 2085 873 timet:
2134 790 2201 848 et
2228 783 2493 849 facilius
2538 781 2728 868 putat

541 899 744 962 posse
799 902 843 946 a
889 900 961 945 se
997 882 1386 947 Sallustium
1426 882 1626 961 vinci,
1674 884 1733 947 si
1781 887 1938 947 ante
1980 903 2024 947 a
2062 884 2451 966 Thucydide
2501 889 2727 955 vinca-

541 990 666 1049 tur.
984 1003 994 1012 ·

1343 1134 1772 1200 ControverS.
1804 1137 1914 1200 25.

622 1269 817 1337 Titus
869 1271 1130 1347 LiviuS,
1188 1270 1274 1334 de
1322 1270 1720 1336 Oratoribus
1752 1272 1868 1354 qui
1909 1271 2118 1336 verba
2147 1273 2423 1355 antiqua
2465 1286 2533 1340 et
2584 1296 2723 1341 sor-

537 1372 695 1437 dida
748 1378 1241 1452 consectantur,
1292 1379 1362 1438 et
1407 1374 1726 1438 orationis
1767 1374 2242 1438 obscuritatem
2297 1378 2726 1442 severitatem

539 1479 797 1558 putant,
827 1475 1073 1553 aiebat,
1107 1474 1488 1540 Miltiadem
1522 1475 1885 1544 Rhetorem
1910 1477 2242 1558 eleganter
2271 1477 2553 1556 dixisse,
2590 1478 2725 1542 Ἐπὶ

438 1592 445 1599 ’
540 1580 626 1659 τῷ
656 1574 890 1656 πλησίον
932 1575 1245 1658 μαίνονται.

1184 1781 1492 1890 Velleius
1538 1782 1931 1848 Paterculus
1974 1785 2089 1848 lib.
2118 1802 2168 1847 1.

627 1883 1014 1981 Historicos
1039 1916 1149 2002 (ut
1176 1923 1242 1983 et
1272 1918 1538 1984 Livium
1568 1937 1839 2001 quoque
1867 1918 2159 2001 priorum
2206 1920 2387 1985 aetati
2440 1917 2729 1999 astruas)

540 2024 782 2103 praeter
821 2018 1170 2098 Catonem,
1201 2026 1270 2085 et
1309 2021 1641 2105 quosdam
1688 2028 1948 2085 veteres
1996 2026 2061 2086 et
2105 2023 2452 2106 obscuros»,
2509 2025 2726 2089 minus

544 2121 888 2202 octoginta
917 2124 1110 2189 annis
1140 2123 1623 2189 circumdatum
1645 2142 1865 2190 aevum
1898 2123 2077 2202 tulit,
2106 2127 2227 2190 διο.

1414 2329 1611 2394 Idem
1638 2330 1755 2395 lib.
1784 2307 1866 2393 1‘1.

625 2477 834 2543 Paene
880 2480 1087 2544 stulta
1115 2486 1217 2546 est
1244 2480 1708 2546 inhaerentium
1756 2479 1973 2544 oculis
2002 2477 2413 2561 ingeniorum
2466 2478 2758 2544 enume-'

540 2581 738 2661 ratio,
767 2582 935 2646 inter
980 2602 1136 2667 quae
1166 2584 1457 2647 maxime
1491 2584 1699 2648 nostri
1731 2584 1861 2648 aevi
1909 2583 2199 2646 eminent
2241 2581 2550 2664 princeps
2591 2578 2758 2644 car·'

540 2685 788 2748 minum
839 2684 1163 2766 Virgilius
1224 2686 1707 2769 Rabiriusque,
1759 2688 1824 2749 et
1867 2690 2268 2748 consecutus
2329 2682 2727 2747 Sallustium

541 2784 799 2863 Livius,
824 2786 1289 2869 Tibullusque,
1321 2793 1392 2850 et
1413 2785 1635 2865 Naso,
1664 2789 1808 2850 &cs

1001 2998 1313 3067 Valerius
1346 2998 1697 3067 Maximus
1726 3000 1846 3068 lib.
1877 3017 1926 3064 1.
1960 3020 2113 3086 cap.
2142 3001 2268 3066 ult.

628 3135 813 3216 Quia
842 3156 1050 3221 supra
1077 3140 1390 3204 usitatam
1419 3140 1745 3205 rationem
1777 3139 2172 3204 excedentia
2196 3136 2558 3221 attigimus,
2591 3155 2729 3201 ser-

541 3240 761 3322 pentis
790 3260 1059 3325 quoqne
1086 3261 1129 3306 a
1156 3242 1240 3305 T.
1266 3242 1464 3307 Livio
1494 3244 1761 3307 curiose
1785 3244 2033 3326 pariter
2063 3261 2145 3307 ac
2175 3240 2464 3306 facunde
2493 3240 2729 3305 relatae

538 3341 659 3406 fiat
682 3344 958 3408 mentio.
1047 3343 1121 3409 Is
1144 3346 1314 3410 enim
1345 3346 1439 3410 ait
1456 3346 1537 3410 ‘in
1567 3344 1823 3422 Africa,
1855 3345 2029 3430 apud
2059 3344 2439 3425 Bagradam
2462 3342 2729 3415 flumen,

540 3449 744 3510 tantae
773 3447 1240 3530 magnitudinis
1266 3467 1547 3532 anguem
1591 3449 1821 3526 fuisse,
1852 3454 1923 3514 ut
1967 3446 2163 3512 Atilii
2208 3445 2454 3529 Reguli
2477 3445 2732 3508 exerci-

541 3553 687 3613 tum
716 3568 839 3614 usu
872 3551 1082 3615 amnis
1105 3552 1527 3634 prohiberet:
1573 3552 1933 3637 multisque
1970 3548 2294 3614 militibus
2340 3548 2584 3630 ingenti
2612 3565 2729 3611 ore

543 3653 896 3736 correptiS,
929 3650 1389 3737 compluribus
1428 3653 1666 3720 caudae
1698 3652 2147 3720 voluminibus
2193 3648 2407 3727 elisiS,
2442 3669 2595 3714 curn
2628 3655 2729 3714 te·

538 3753 748 3819 lorum
794 3757 993 3840 jactu
1038 3756 1355 3840 perforari
1414 3756 1743 3841 nequiret,
1798 3754 1886 3819 ad
1941 3753 2247 3819 ultimum
2303 3751 2730 3816 ballistarum

542 3860 884 3922 tormentis
936 3857 1224 3943 undique
1263 3859 1563 3943 petitam,
1611 3859 1870 3923 silicum
1916 3856 2164 3921 crebris
2214 3862 2283 3919 et
2327 3852 2731 3937 ponderosis

541 3960 920 4024 verberibus
966 3962 1454 4044 procubuisset
1496 3960 1935 4044 omnibusque
1984 3963 2052 4023 et
2092 3957 2477 4023 cohortibus
2521 3963 2594 4020 et
2638 3956 2733 4020 le-

541 4059 844 4143 gionibus
871 4063 1021 4146 ipsa
1045 4061 1451 4147 Carthagine
1496 4064 1715 4129 visam
1746 4062 2199 4127 terribiliorem
2226 4083 2240 4121 ε
2288 4063 2492 4142 atque
2524 4059 2730 4123 etiam

543 4181 779 4227 cruore
827 4182 952 4229 suo
1001 4165 1372 4247 gurgitibus
1422 4166 1723 4243 imbutiS,
1767 4165 2204 4248 corporisque
2243 4159 2541 4244 jacentis
2576 4180 2730 4245 pes-

543 4263 736 4331 tifero
766 4266 993 4334 afflatu
1020 4268 1247 4333 vicina
1274 4269 1545 4352 regione
1576 4269 1862 4353 polluta,
1895 4265 2209 4354 Romana
2251 4262 2409 4328 inde
2438 4280 2728 4328 summo-
