3034 4925
1111 357 1569 443 'iiisroaiosr-
2365 377 2496 446 159

709 547 993 609 364·375.
1044 545 1493 608 Valentinianus
1515 552 1579 607 st
1612 544 1820 607 Valens
1846 544 2072 609 fratres.

383 662 491 725 Ille
517 658 925 734 Occidentem,
976 659 1075 721 hic
1103 658 1406 720 Orientem
1452 656 1986 719 administrandum
2035 659 2263 741 recipit.
2348 662 2487 723 365.

310 758 592 821 Antonini
619 761 770 840 Aug.
806 757 1193 819 Itinerarium.
1263 756 1491 818 Marius
1517 755 1873 824 Victorinus,
1942 758 2083 819 Sex.
2114 757 2327 819 Rufus.
2371 758 2489 820 Pa·

306 858 465 938 gani.
571 858 710 917 367.
761 856 1116 930 Gratianus,
1156 854 1556 916 Valentiniani
1615 854 1772 915 filius
1839 855 2131 929 octennis,
2178 856 2489 937 Augustus

306 954 534 1018 dicitur.
622 956 760 1013 370.
841 952 1149 1034 vegetius.
1214 953 1606 1035 Euphraemus
1661 952 1862 1035 Syrus.
1917 951 2267 1034 Ampeliiisi
2350 954 2490 1016 372.

301 1050 630 1132 Gregorius
662 1051 997 1132 Nyssenus.
1064 1051 1350 1114 Avienus.
1435 1055 1574 1113 374.
1629 1071 1723 1132 sq.
1766 1050 2156 1133 Migrationes
2205 1052 2489 1132 gentium,

301 1149 747 1210 Valentinianus
800 1149 1162 1210 Alemannos
1197 1160 1259 1211 et
1305 1151 1577 1213 Saxones
1628 1145 1843 1231 saepius
1897 1148 2098 1224 vincit,
2138 1157 2199 1210 et
2246 1150 2386 1210 375.
2428 1148 2490 1209 in

303 1243 615 1307 Pannonia
641 1244 903 1330 moritur.

404 1441 699 1501 375-378.
748 1439 1084 1503 Gratianus
1110 1448 1170 1503 et
1197 1439 1645 1503 Valentinianus
1672 1440 1762 1504 ΙΙ.
1804 1440 2037 1517 statres,
2063 1451 2125 1506 et
2159 1439 2384 1503 Valens.

373 1567 620 1644 Valens‘,
650 1572 1000 1664 Arianorum
1048 1574 1262 1647 fautor,
1302 1573 1624 1657 Ulphilam,
1652 1575 1996 1656 episcopum
2021 1572 2331 1658 Arianum,
2363 1570 2489 1632 Go-

297 1667 409 1729 this
436 1667 639 1744 mittit,
666 1668 1007 1749 religionem
1037 1671 1437 1733 Christianam
1463 1672 1738 1753 amplecti
1765 1671 2168 1752 cupientibus,
2195 1677 2256 1730 et
2284 1670 2423 1730 378.
2452 1687 2491 1730 a

297 1766 509 1826 Gothis
537 1775 599 1828 et
641 1765 848 1828 Alanis
888 1769 1080 1829 victus
1118 1768 1179 1829 in
1213 1769 1446 1849 tugurio
1473 1779 1786 1830 crematur.
1871 1770 2010 1831 378.
2054 1765 2279 1829 Paulus
2312 1766 2490 1828 Alex-

296 1862 465 1923 andr.

617 1979 901 2090 378383.
950 2029 1301 2103 Gratianus,
1337 2029 1565 2093 Valent.
1597 2027 1687 2091 ΙΙ.
1719 2038 1780 2090 et
1815 2026 2194 2090 T'Iieodosius.

368 2155 530 2219 Huic
582 2156 796 2219 Oriens
837 2160 1178 2240 permissus.
1263 2162 1403 2223 379.
1443 2160 1746 2222 Ausonius
1788 2179 1916 2224 cos.
1962 2158 2122 2220 Zeno
2151 2157 2314 2231 Afer,
2357 2156 2482 2237 epi-

293 2272 506 2335 scopus
550 2254 931 2330 Veronensis,
954 2256 1079 2318 Jul.
1113 2257 1525 2339 Obseqnens?
1569 2260 1782 2321 380·3.
1827 2258 2179 2318 Artaxerxes
2209 2275 2288 2317 11.
2334 2256 2483 2315 380·

290 2354 428 2412 450.
470 2353 750 2414 Socrates
805 2353 1226 2429 scholasticus,
1267 2355 1407 2417 hist.
1454 2356 1670 2417 eccles.
1771 2357 1913 2420 381.
1959 2353 2298 2415 Concilium
2325 2371 2483 2412 oecu·

285 2469 437 2510 men.
482 2450 1004 2532 constantinopol.
1090 2455 1299 2515 383·8.
1340 2454 1531 2536 Sapor
1560 2473 1673 2515 ιιι.
1760 2453 1904 2512 383.
1954 2451 2285 2522 Mas-imus,
2329 2445 2499 2509 Gal-ff

285 2546 377 2609 liae
398 2567 646 2628 praeses,
673 2547 948 2628 Lugduni
976 2550 1198 2611 occidit
1224 2550 1598 2623 Gratianum,
1624 2559 1687 2611 et
1713 2548 2021 2632 imperium
2047 2547 2271 2629 arripit.

665 2742 960 2802 383-392.
1007 2740 1458 2805 Valentinianus
1489 2744 1580 2805 11.
1619 2753 1681 2805 et
1713 2740 2088 2805 modarius.

361 2865 652 2929 388-389.
694 2867 1027 2931 Vararanes
1073 2891 1170 2933 ιν.
1269 2875 1410 2936 390.
1457 2872 1854 2943 Heliodorus;
1898 2872 2146 2940 Theon:
2191 2868 2466 2951 Pappusz

286 2960 515 3026 Festus.
599 2968 737 3027 392.
778 2967 1230 3031 Valentinianus
1261 2970 1734 3032 11.·Arianorum
1777 2976 1971 3032 fautor
2011 2978 2074 3031 et
2115 2969 2190 3029 ab
2233 2987 2288 3028 a.
2326 2968 2467 3027 388.

281 3059 339 3168 in
368 3060 569 3172 Gallia
597 3065 784 3125 otiose
812 3065 1038 3141 vivens,
1067 3067 1316 3129 Viennoe
1344 3067 1420 3128 ad
1469 3068 1825 3129 Rhodanum
1856 3065 2086 3129 insidiis
2114 3062 2467 3145 Arbogastis

279 3165 650 3222 interimitur.

840 3330 1129 3392 392·395.
1176 3331 1535 3395 Theodosius
1564 3331 1664 3393 M.
1695 3332 1882 3394 solus.

357 3451 469 3516 Hic
496 3457 724 3537 imperii
752 3460 1017 3530 aemulos,
1043 3462 1396 3538 Maximum,
1445 3463 1777 3545 Eugenium
1806 3472 1866 3524 et
1894 3460 2291 3542 Arbogasten,
2320 3476 2462 3535 cap·

277 3559 368 3611 tos
396 3553 638 3628 occidit,
679 3565 760 3630 et,
802 3556 1021 3618 Gothis
1061 3561 1276 3641 saepius
1317 3561 1664 3642 profligatis,
1693 3559 1877 3620 otium
1905 3559 2148 3639 imperio
2189 3551 2465 3616 reddidit.

280 3647 489 3711 Cultus
534 3652 657 3713 veri
712 3654 826 3715 Dei
872 3655 1092 3737 ubique
1141 3657 1466 3719 restitutus.
1550 3657 1764 3717 Officia
1800 3665 1863 3717 et
1887 3655 2180 3727 militaria,
2209 3663 2270 3714 et
2296 3651 2463 3732 pala·

276 3743 396 3806 tina
446 3768 519 3809 ac
560 3750 760 3811 civilia
805 3762 1003 3828 aucta,
1052 3756 1367 3836 omniaque
1414 3756 1473 3814 in
1520 3774 1617 3816 iv.
1649 3753 1885 3814 ordines
1918 3750 2234 3831 descripta,
2287 3747 2463 3807 Illus-

275 3842 463 3917 trium,
516 3848 960 3926 Spectabilium,
1009 3852 1481 3915 Clarissimorum
1534 3862 1596 3913 et
1642 3848 2234 3913 Perfectissimorum.
2319 3846 2459 3905 393.

279 3935 569 4019 Didymus
599 3943 773 4004 Alex.
802 3945 948 4007 obit.
1037 3949 1328 4010 393·457.
1369 3948 1800 4010 Theodoretus.
1885 3946 2023 4006 394.
2069 3942 2459 4026 Symmachus

276 4037 435 4113 praef.
490 4040 650 4100 Urbi.
757 4044 899 4105 395.
942 4043 1329 4108 Claudianus.
1426 4046 1785 4108 Palladius?
1852 4045 2060 4105 Vibius
2109 4039 2463 4124 Sequestcr?

276 4131 601 4197 Theodosio
656 4138 758 4199 filii
804 4142 1153 4219 succedunt,
1196 4144 1495 4208 Honorius
1538 4147 1598 4205 in
1648 4143 1996 4216 Occidente,
2050 4139 2338 4202 Arcadius
2397 4137 2457 4196 in

278 4229 537 4296 Oriente.
