3034 4925
556 367 687 436 284

559 527 852 597 Romam
905 525 1123 592 rediit.

1506 379 1574 426 '1'-
1627 379 1816 427 mvn

1224 523 1389 590 Inde
1433 524 1682 609 priscis
1730 524 1994 591 Latinis
2016 531 2040 560 ²
2081 522 2330 589 bellum
2381 519 2576 604 fecit3
2616 521 2724 587 ubi

555 653 883 717 nusquam
921 631 1010 696 ad
1041 629 1370 695 universae
1416 629 1509 695 rei
1561 629 2052 696 ‘dimicationem
2098 632 2366 694 ventum
2414 636 2547 692 est.
2631 625 2733 691 Ad

558 737 815 820 singula
860 733 1116 818 oppida
1159 731 1686 798 circumferendo
1717 753 1924 812 mma,
1967 750 2160 798 omne
2191 750 2440 797 nomen
2461 737 2537 795 ²0-
2563 728 2736 795 Lati-

555 859 708 903 num
779 838 1056 902 domuit.
1117 833 1592 915 corniculum,f
1665 836 1984 902 Ficulea¹
2065 843 2313 913 vetuS‚⁸
2388 830 2739 911 θωπεύει,ΙΙ

557 936 1115 1015 Crustumerium,i
1151 938 1517 1018 Ameriola,
1552 936 1939 1019 Medullia,¹‘
1985 934 2437 1015 Nomentum,¹
2481 935 2636 1001 haec
2662 936 2738 1000 de

554 1043 800 1131 priscis
847 1041 1134 1122 LatiniS,
1176 1050 1295 1109 aut
1344 1044 1457 1127 qui
1498 1043 1588 1109 ad
1635 1044 1914 1110 Latinos
1962 1043 2356 1119 defecerant,
2396 1045 2607 1124 capta
2634 1058 2742 1123 op-

554 1147 743 1231 pida.
829 1147 982 1213 Pax
1010 1146 1257 1212 deinde
1289 1156 1397 1213 est
1418 1143 1446 1172 ²
1487 1147 1736 1214 facta.¹¹¹
1823 1148 2085 1233 Majore
2115 1145 2271 1211 inde
2301 1146 2531 1211 animo
2562 1142 2744 1226 pacis

1469 1297 1621 1319 ‘NOO
1625 1296 1802 1318 OOmO
1807 1299 1833 1319 O

556 1398 896 1449 Granum—19
918 1397 1148 1450 Gronov.
1172 1399 1388 1463 Donjst.
1410 1399 1643 1449 Crevier.
1666 1397 1841 1449 Sabino
1864 1396 2137 1448 heum—20
2172 1392 2383 1447 Eaedem
2406 1407 2577 1442 nomen
2604 1406 2742 1441 omne.

1545 1512 1756 1564 NOTAE

551 1593 738 1658 phasse
773 1593 1008 1644 scribunt
1047 1609 1162 1646 cnm
1204 1595 1377 1652 Floro,
1418 1595 1607 1645 Eutro-

551 1670 687 1733 pius,
710 1677 766 1719 et
790 1672 1037 1721 Messala.
1102 1672 1204 1721 Ter
1228 1680 1401 1722 autem
1428 1673 1608 1722 trium·

550 1747 748 1812 pluvit,
769 1756 986 1798 auctore
1011 1749 1282 1813 Dionysio,
1316 1756 1371 1799 et
1391 1763 1607 1799 consen·

552 1825 802 1875 tientibns
828 1827 1014 1876 tabulis
1038 1826 1363 1890 Capitolinis.
1431 1826 1610 1876 Primo

551 1901 619 1951 de
645 1900 861 1965 Latinis,
877 1903 1065 1954 deinde
1087 1904 1154 1955 de
1178 1904 1428 1967 Etruscis,
1450 1904 1611 1954 tertio

552 1977 619 2027 de
651 1977 874 2030 Sabinis.
942 1980 1113 2045 Atque
1131 1980 1267 2031 huuc
1294 1981 1611 2045 triumphum

550 2054 792 2118 Sigonius
811 2055 1016 2107 confert
1032 2059 1081 2106 in
1104 2073 1290 2107 annum
1311 2058 1440 2109 Urb.
1456 2058 1610 2108 cond.

551 2134 664 2179 120.
698 2138 753 2180 et
776 2131 901 2182 Idus
919 2133 1264 2196 Septembris.
1333 2135 1611 2200 Dionysius

552 2205 716 2258 refert
746 2207 811 2257 sd
836 2207 1133 2260 confectum
1175 2210 1396 2260 alterum
1423 2211 1610 2260 bellum

551 2284 816 2347 Sabinum,
836 2286 974 2350 quod
992 2301 1058 2336 ex
1082 2287 1193 2351 ejus
1216 2287 1529 2349 narratione,
1550 2302 1612 2336 ac

549 2363 800 2414 bellorum
842 2366 1129 2415 intervallis
1170 2365 1282 2416 fere
1316 2367 1380 2416 ad
1422 2381 1610 2417 annum

551 2454 714 2505 usque
742 2445 852 2492 160.
890 2443 1151 2506 pertinere
1176 2444 1419 2510 conjicio.

613 2525 636 2551 e
669 2519 789 2568 Inde
809 2519 981 2581 priscis
1018 2519 1235 2583 Latinis]
1271 2521 1405 2570 Belli
1430 2520 1609 2570 Latini

549 2592 690 2644 facts
703 2595 811 2658 jam
832 2597 1027 2646 mentio
1051 2611 1097 2645 c.
1122 2601 1201 2645 85.
1268 2596 1333 2646 Id
1359 2598 1485 2646 licet
1497 2598 1612 2660 plu-

549 2687 633 2722 res
652 2687 812 2721 annos
846 2675 1097 2736 tenuerit,
1127 2675 1406 2739 Dionysius
1430 2675 1503 2724 its
1520 2673 1612 2724 de·

549 2750 754 2806 scribit,
776 2759 835 2801 ut
858 2753 968 2801 sine
990 2752 1381 2816 intercapedine
1405 2760 1611 2819 gestum

549 2833 605 2877 et
626 2828 771 2892 prius
796 2829 1086 2878 absolutum
1113 2831 1313 2893 innunt,
1357 2845 1509 2894 quam
1531 2831 1611 2880 in-

549 2904 791 2953 choatum
826 2903 989 2954 fuerit
1036 2905 1283 2956 Sabinum
1306 2923 1323 2968 ς
1375 2907 1511 2971 quod
1555 2914 1612 2957 et

549 2979 1122 3043 Capitoline·mermora
1149 2969 1404 3033 indicent.
1439 2982 1611 3033 Prisci

551 3055 724 3105 Latini
743 3055 889 3107 fuere
909 3058 1049 3107 circa
1084 3058 1317 3120 Romans,
1354 3060 1403 3108 in
1443 3061 1611 3111 veteri

551 3141 607 3182 et
646 3134 855 3197 proprie
887 3133 1032 3184 dicto
1068 3137 1240 3186 Latio.
1310 3136 1408 3187 His
1438 3152 1610 3198 acces·

552 3221 667 3257 sere
684 3215 867 3271 postea
881 3209 1052 3274 AEqni,
1074 3211 1258 3275 Marsi,
1276 3213 1476 3271 Volsci,
1502 3214 1608 3263 Ru-

548 3283 665 3340 tuli,
695 3284 938 3348 Hernici,
959 3287 1159 3336 Latinis
1186 3304 1216 3337 s
1236 3289 1480 3338 Romanis
1505 3292 1609 3340 vic·

549 3360 746 3410 toribus
789 3362 1037 3427 ascripti:
1075 3364 1210 3413 unde
1247 3380 1423 3416 eorum
1462 3366 1610 3431 regio

548 3436 671 3486 nori
688 3437 821 3487 Latii
845 3453 1033 3489 nomen
1059 3442 1287 3505 accepit.

613 3509 633 3545 f
665 3514 988 3582 Corniculum]
1038 3516 1189 3566 Inter
1233 3517 1490 3569 Anienem
1550 3534 1611 3569 ac

545 3590 776 3641 Tiberim
802 3593 977 3657 situm,
993 3595 1163 3644 medio
1185 3593 1292 3646 fere
1316 3595 1499 3647 itinere
1523 3597 1609 3647 Fi·

545 3666 693 3716 denis
713 3668 872 3718 Tibur
896 3671 1101 3732 petenti
1123 3686 1137 3719 ε
1176 3686 1209 3721 a
1228 3672 1506 3736 Tarquinio
1532 3672 1608 3722 di-

545 3750 774 3807 reptum,
796 3745 1180 3812 incensumque.
1230 3749 1469 3799 Cluverio
1491 3763 1609 3800 esse

548 3819 755 3870 videtur
779 3824 965 3886 Catule,
999 3825 1257 3879 Kirchero
1299 3826 1539 3875 Ecclesia
1557 3825 1610 3876 di

547 3894 602 3945 S.
637 3897 973 3960 Margariteua
999 3915 1162 3965 prope
1188 3903 1353 3952 rivum
1392 3903 1609 3966 Muglia·

546 3986 639 4030 no,-
660 3980 954 4039 utrumque,
974 3991 1076 4026 nou
1101 3981 1281 4041 procul
1309 3981 1455 4030 Torre
1483 3980 1603 4030 Ver·

545 4057 683 4113 gata.
709 4053 1011 4106 Holstenins
1024 4058 1081 4108 S.
1096 4057 1275 4121 Augen
1295 4058 1601 4125 oppidulum

548 4142 685 4178 nunc
709 4143 818 4177 esse
841 4134 1149 4195 suspicatur.

612 4212 637 4247 8
674 4205 864 4255 Ficulea
879 4206 1152 4274 [Ficrdnea]
1168 4213 1327 4277 venas]
1353 4212 1495 4263 Alias
1510 4213 1600 4262 Fi-

545 4282 691 4332 euleu.
734 4282 900 4333 Trans
940 4283 1191 4337 Anienem
1227 4286 1329 4340 fuit
1372 4291 1452 4340 vis
1493 4291 1601 4341 No-

1684 1602 1946 1650 mentana,
1968 1607 2084 1659 qum
2106 1591 2230 1642 inde
2253 1586 2545 1639 Ficulensi·
2571 1586 2738 1650 appel-

1684 1674 1807 1731 lata,
1830 1688 1926 1723 nec
1952 1670 2133 1736 procul
2177 1669 2464 1720 Nomento,
2502 1664 2593 1714 ubi
2614 1677 2740 1714 nunc

1685 1747 1857 1798 fanum
1882 1747 1940 1798 S.
1969 1747 2127 1798 Vasile
2144 1759 2236 1795 seu
2253 1742 2310 1792 S.
2334 1741 2548 1804 Basilio,
2571 1755 2742 1792 secuu-

1685 1828 1805 1877 dum
1844 1828 2054 1877 Cluver.
2085 1832 2139 1873 et
2172 1820 2412 1873 Kircber.
2445 1819 2741 1871 milliaribus

1686 1904 1753 1956 ab
1772 1903 1918 1955 Urbe
1940 1901 2107 1952 ferme
2130 1903 2212 1950 12.

1748 1981 1773 2016 ¹¹
1808 1980 2054 2043 Cameria]
2068 1979 2166 2028 Vel
2189 1974 2571 2038 cmi-imme&
2589 1972 2741 2027 Auie-

1685 2074 1804 2108 nem
1845 2057 2024 2107 eodem
2055 2063 2234 2106 tractu
2270 2069 2389 2104 cum
2432 2053 2651 2103 Coenins
2683 2059 2735 2101 et

1687 2135 1960 2186 Antemnis
2005 2134 2125 2194 sits,
2174 2147 2241 2182 ex
2282 2132 2494 2182 Cluver.
2562 2130 2740 2192 Neque

1687 2213 1823 2262 enim
1858 2212 1924 2262 ab
1962 2210 2125 2266 Urbe,
2162 2223 2333 2274 neque
2366 2220 2398 2256 e
2442 2206 2740 2257 Sabinorum

1686 2289 1873 2339 finibus
1918 2290 2137 2339 multum
2188 2286 2372 2335 abfuit.
2441 2283 2738 2348 Antiquitas

1680 2360 2026 2430 'Aboriginum
2049 2363 2367 2414 domicilium
2378 2375 2482 2410 non
2505 2358 2740 2424 ignobile,

1687 2449 1797 2494 tum
1823 2443 2164 2504 Albanorum,
2180 2439 2371 2491 deiude
2397 2437 2743 2488 Romanorum

1686 2521 1885 2572 colonis
1908 2536 1938 2570 a
1961 2519 2180 2569 Romulo
2201 2517 2448 2577 deducta,
2476 2513 2614 2563 unde
2652 2513 2745 2563 Co·

1687 2597 1917 2647 runcsnii
1967 2597 2162 2645 Romae.
2228 2594 2354 2657 Ejus
2393 2593 2525 2641 situs
2563 2591 2616 2639 in
2647 2589 2742 2639 Pa-

1685 2673 1943 2724 lombnram
1988 2683 2109 2736 quae
2167 2676 2308 2720 tran·
2352 2666 2611 2718 Anienem
2651 2672 2746 2729 est,

1689 2749 1971 2800 convenire
1996 2747 2201 2796 videtur
2224 2744 2524 2795 Holstenio.

1750 2829 1765 2863 ¹
1805 2826 2209 2891 Crustumerium]
2245 2825 2325 2874 De
2364 2824 2467 2874 boc
2490 2836 2667 2888 supra,
2698 2837 2744 2874 c.

1687 2911 1766 2957 lo.

1747 2983 1772 3017 k
1803 2983 2065 3046 Ameriola,
2089 2980 2345 3045 Medullis]
2376 2980 2508 3030 Cum
2529 2979 2745 3030 Cnistu·

1687 3063 1847 3113 merio
1885 3071 1938 3114 et
1982 3062 2256 3114 Corniculo
2303 3060 2608 3123 plerumque
2641 3072 2744 3108 me·

1683 3148 1949 3191 morantur
1978 3158 1990 3187 ε
2045 3136 2184 3205 quod
2250 3136 2491 3187 viciniam
2554 3134 2744 3198 arguit.

1683 3219 1834 3269 Unde
1863 3217 2170 3268 Ameriolsm
2193 3214 2336 3265 circs
2373 3213 2585 3262 canello
2612 3212 2665 3260 di
2688 3210 2747 3259 8.

1682 3295 1865 3354 Mario,
1907 3294 2213 3344 Medulliam
2255 3303 2437 3339 versus
2485 3290 2651 3338 Monte
2690 3287 2746 3337 di

1681 3373 1834 3435 Molo,
1854 3370 2015 3421 fuisse
2036 3366 2354 3435 conjeceris:
2372 3381 2490 3430 quae
2507 3367 2624 3416 locs
2638 3363 2745 3414 duo

1681 3448 1747 3497 sd
1773 3448 1938 3498 rivum
1960 3448 2215 3508 Magum
2232 3445 2286 3493 iu
2301 3443 2495 3493 Sabina
2517 3442 2748 3506 regione.

1683 3525 1953 3575 Cluverius
1971 3532 2143 3575 tamen
2158 3523 2235 3572 cis
2258 3520 2513 3570 Anienem
2536 3520 2591 3569 in
2612 3528 2749 3568 truc·

1684 3609 1741 3652 tu
1784 3600 2082 3651 Coeninensi
2117 3607 2176 3650 et
2224 3597 2545 3648 Antemnste
2582 3594 2748 3646 fuisse

1683 3685 1837 3743 putat
1860 3678 1963 3728 duo
1987 3678 2080 3727 ills
2104 3681 2291 3736 vetere
2308 3674 2520 3739 oppida.

1745 3754 1759 3789 ¹
1792 3755 2111 3819 Nomentum]
2145 3752 2398 3804 Anienem
2432 3766 2495 3801 ac
2514 3750 2748 3801 Tiberim

1681 3829 1820 3881 inter
1865 3828 1931 3880 ab
1977 3830 2193 3880 Albanis
2240 3828 2405 3892 primo
2458 3826 2751 3889 conditum,

1680 3907 1854 3958 Latini
1894 3907 2017 3957 olim
2048 3905 2275 3972 generis,
2313 3910 2500 3969 postes
2539 3902 2751 3952 Sabinis

1683 3991 1767 4033 est
1808 3984 2195 4034 contributum:
2248 3981 2346 4030 viae
2393 3981 2749 4031 Nomentano

1682 4075 1869 4109 nomen
1892 4059 2058 4124 dedit,
2083 4072 2192 4109 ιιι.
2213 4056 2522 4107 milliaribus
2542 4055 2748 4119 longio-

1684 4136 1822 4186 ribus
1847 4137 1911 4186 ab
1931 4136 2078 4186 Urbe
2099 4135 2319 4185 distans.
2384 4131 2562 4183 Hodie
2588 4145 2747 4182 vocs·

1682 4223 1765 4264 tur
1783 4213 2080 4262 Lamentata
2111 4210 2328 4262 Vecchia.

1744 4297 1781 4323 ¹¹¹
1816 4289 1930 4338 Pax
1961 4290 2132 4339 deinde
2170 4291 2239 4340 est
2267 4283 2432 4348 sacto]
2464 4285 2598 4336 Belli
2640 4300 2744 4350 per
