3034 4925
966 386 1144 434 vrrs
1197 385 1289 433 m·
1336 383 1701 434 ms‘roaut
1751 384 1931 433 nom.
2460 370 2548 434 29

345 533 643 598 maxime
669 533 952 618 physica
979 549 1172 597 veras
1201 547 1415 596 rerum
1444 528 1851 595 naturalium
1882 547 2129 595 causas
2150 530 2547 615 investigare

344 655 471 701 nos
497 637 748 714 docuit,
771 643 842 700 et
868 635 1070 719 hujus
1091 635 1351 718 generis
1372 652 1630 699 errores
1648 634 1898 698 exemit
1918 632 2261 700 bominum
2283 634 2545 700 animis.

345 737 483 803 Sed
513 757 652 803 non
680 749 807 817 est,
843 737 1023 823 quod
1058 738 1229 803 vitio
1258 742 1601 802 vertantur
1628 737 1927 821 antiquis
1957 757 2170 803 rerum
2200 737 2549 803 Romana·

344 860 492 908 rum
521 842 939 906 auctoribus.
1026 839 1207 906 Nam
1239 841 1306 906 bi
1336 846 1407 905 et
1437 841 1703 924 placere
1725 841 2079 923 cupiebant
2103 840 2547 924 popularibus

345 945 516 1021 suis,
570 945 691 1028 qui
734 964 971 1008 omnes
1018 943 1187 1009 iram
1219 943 1519 1009 Deorum
1548 942 1871 1028 prodigiis
1901 927 2550 1036 portendippiaculis·

346 1066 482 1132 que
511 1055 595 1118 et,
609 1045 1214 1130 supplicationibus
1254 1047 1675 1112 avertendam
1710 1066 1859 1112 esse
1890 1049 2240 1131 putabant,
2266 1045 2549 1132 (quibus

344 1148 774 1231 opinionibus
824 1147 1029 1212 etiam
1090 1148 1628 1231 sapientissimos
1679 1148 1889 1214 fuisse
1941 1150 2247 1225 imbutos,
2296 1152 2406 1215 vel
2457 1168 2550 1214 ex

342 1250 698 1318 Ciceronis
735 1251 821 1315 de
873 1250 1283 1316 divinatione
1310 1251 1500 1316 libris
1543 1251 1981 1334 intelligitur,)
2013 1257 2081 1316 et
2123 1253 2552 1318 movebantur

345 1360 489 1418 tum
529 1353 854 1435 gravitate
885 1352 1114 1416 barum
1147 1353 1716 1436 superstitionum,
1749 1373 1905 1437 quae
1934 1371 2243 1435 magnam
2269 1353 2401 1417 vim
2433 1353 2550 1420 ba-

345 1456 602 1521 bebant
630 1457 698 1520 in
729 1456 1012 1522 consilia
1052 1456 1321 1541 publica
1363 1475 1715 1540 rerumque
1754 1456 2185 1540 gerendarum
2216 1462 2550 1535 eventum,

349 1565 492 1622 tum
540 1560 937 1625 auctoritate
982 1559 1404 1643 antiquitatis
1432 1566 2138 1643 monumentorumque
2165 1566 2484 1636 veterum,
2511 1578 2551 1623 e

345 1661 598 1745 quibus
627 1667 884 1727 tantum
915 1680 1049 1726 non
1070 1661 1297 1727 omnia
1325 1660 1741 1738 hauriebant,
1764 1663 1835 1726 in
1866 1661 2101 1746 primis
2117 1660 2443 1726 fastorum
2473 1668 2547 1726 et

346 1763 687 1829 annalium
719 1764 1141 1849 pontificum,
1169 1764 1242 1829 in
1270 1764 1521 1849 quibus
1549 1765 1856 1849 prodigia
1881 1783 2034 1831 cum
2062 1764 2552 1849 procurationi-

345 1866 481 1931 bus
509 1865 873 1950 diligenter
915 1873 1106 1934 erant
1144 1869 1566 1952 consignata.
1655 1868 1863 1948 Quod
1900 1870 1961 1934 si
2004 1887 2161 1933 vero
2205 1867 2447 1931 Livius
2477 1868 2547 1932 in

347 1968 457 2036 bis
486 1971 1081 2037 commemorandis
1107 1972 1377 2039 modum
1405 1973 1730 2051 excessit,
1751 1972 1977 2036 minus
2007 1977 2187 2036 certe
2216 1989 2548 2054 peccasse

343 2069 616 2137 videtur
639 2092 839 2156 quam
864 2073 1221 2159 Polybius,
1243 2076 1355 2159 qui
1386 2075 1598 2141 semel
1623 2081 1875 2141 tantum
1894 2073 2049 2161 (ιιι.
2069 2070 2262 2157 112.)
2281 2074 2552 2148 brevem

343 2192 573 2238 eorum
620 2178 1021 2241 mentionem
1074 2177 1275 2243 fecit:
1340 2198 1493 2244 nam
1544 2200 1632 2245 ex
1683 2179 1962 2244 historia
2012 2176 2345 2251 Romana,
2397 2196 2550 2260 quae

344 2277 514 2342 talia
544 2293 738 2361 paene
768 2280 1031 2345 silentio
1082 2282 1552 2364 praetermittit,
1599 2301 1731 2348 non
1775 2289 2101 2347 accurata
2143 2279 2553 2363 percipietur

345 2380 643 2462 cognitio
670 2399 952 2462 morum,
980 2383 1393 2467 opinionum,
1423 2384 2011 2468 institutorumque
2056 2382 2256 2465 hnjtxs
2286 2380 2551 2467 populi.

345 2482 510 2568 Ipse
538 2484 775 2551 Livius
804 2505 937 2551 non
966 2488 1139 2553 male
1176 2507 1348 2565 eam,
1378 2508 1584 2572 quam
1616 2492 1889 2553 secutus
1918 2492 2045 2565 est,
2072 2486 2397 2550 rationem
2431 2483 2549 2549 lib.

349 2600 585 2651 xeur.
614 2588 724 2654 13.
752 2588 1054 2655 defendit
1082 2590 1186 2655 bis
1215 2591 1477 2655 verbis:
1525 2595 1545 2626 ‘
1578 2589 1737 2654 Non
1779 2608 1926 2654 sum
1974 2587 2269 2673 nescius,
2311 2586 2397 2651 ab
2438 2605 2553 2650 ea-

343 2686 494 2753 dem
555 2689 974 2774 negligentia,
1022 2711 1157 2776 qua
1208 2691 1376 2756 nihil
1426 2691 1624 2756 Deos
1673 2674 2073 2774 portendere
2123 2689 2329 2770 vulgo
2378 2707 2551 2753 nunc

343 2790 666 2869 credunt‚’
690 2813 790 2858 sc.
818 2794 1149 2874 homines,
1181 2794 1413 2859 edocti
1443 2814 1487 2859 a
1526 2793 1968 2877 philosophis,
1999 2792 2297 2858 Deorum
2329 2792 2556 2877 provi-

342 2892 637 2961 dentiam
666 2897 1087 2978 negantibus,
1130 2904 1150 2935 ‘
1183 2917 1402 2980 neque
1445 2898 1729 2962 nuntiari
1770 2895 2128 2961 admodum
2159 2894 2297 2959 ulla
2327 2894 2553 2978 prodi-

343 2998 453 3077 gia
480 2998 549 3061 in
577 2998 947 3080 publicum,
974 3017 1197 3082 neque
1231 3001 1295 3064 in
1325 2999 1605 3065 annales
1634 3000 1877 3065 referri.
1950 2997 2261 3064 Ceterum
2289 3004 2359 3062 et
2387 2996 2554 3062 mibi

342 3105 654 3164 vetustas
677 3118 788 3164 res
813 3100 1132 3167 scribenti
1162 3102 1391 3167 nescio
1420 3121 1558 3185 quo
1584 3108 1784 3186 pacto
1811 3102 2128 3186 antiquus
2154 3101 2233 3166 fit
2259 3101 2550 3177 animus,

344 3208 415 3264 et
443 3202 760 3285 quaedam
789 3203 1018 3286 religio
1043 3209 1252 3282 tenet,
1283 3224 1439 3289 quae
1466 3205 1569 3270 illi
1600 3204 2107 3288 prudentissimi
2131 3206 2259 3269 viri
2281 3203 2552 3288 publice

345 3305 782 3388 suscipienda
823 3308 1234 3397 censuerint,
1266 3328 1350 3375 ea
1380 3328 1505 3392 pro
1538 3307 1754 3390 dignis
1788 3308 2033 3373 habere
2070 3326 2222 3391 quae
2267 3307 2337 3370 in
2366 3325 2552 3370 meos

346 3408 633 3475 annales
664 3408 979 3475 referam!
1067 3409 1262 3476 Idem
1296 3412 1449 3476 aliis
1494 3411 1666 3476 locis
1705 3419 1887 3477 recte
1918 3410 2183 3495 judicat
2210 3409 2293 3474 de
2327 3408 2554 3493 prodi-

345 3509 496 3591 giis,
533 3530 600 3575 v.
636 3531 695 3575 c.
749 3526 926 3577 xx1.
968 3512 1077 3579 62.
1125 3529 1357 3579 xxw.
1407 3515 1514 3579 10.
1565 3513 1672 3579 44.
1721 3522 1791 3578 et
1841 3529 2103 3579 xxvn.
2150 3512 2259 3577 23.
2309 3513 2552 3595 quibus

346 3612 535 3689 dicit,
581 3602 790 3678 multa
835 3615 1180 3681 oculorum
1220 3617 1614 3699 auriumque
1654 3615 1964 3691 ludibria,
1994 3615 2193 3681 motis
2237 3611 2443 3677 semel
2479 3612 2548 3674 in

341 3715 729 3799 religionem
763 3717 1028 3796 animis,
1058 3725 1303 3782 temere
1339 3739 1462 3803 pro
1521 3719 1697 3784 veris
1738 3717 1954 3781 fuisse
2002 3715 2278 3793 credita,
2309 3721 2376 3779 et
2397 3733 2552 3799 pra-

344 3818 499 3883 'vam
524 3817 908 3901 religionem
934 3820 1137 3884 etiam
1168 3821 1463 3887 minimis
1494 3821 1866 3884 inseruisse
1900 3819 2112 3883 Deos·

434 3922 655 3987 Fuere
684 3923 890 3987 etiam
918 3929 987 3988 et
1015 3923 1213 3988 olim⁰
1258 3930 1330 3988 et
1376 3921 1597 4002 hodie,
1625 3924 1737 4007 qui
1768 3921 2042 3988 nimium
2073 3920 2398 3985 orationis
2444 3940 2551 3985 or·

346 4210 353 4219 ·
409 4199 433 4224 ⁸·
465 4191 532 4240 V.
556 4205 604 4241 c.
633 4191 887 4242 Lucienus
911 4193 975 4242 de
998 4195 1153 4245 scrib.
1189 4194 1309 4244 bist.
1345 4205 1425 4244 rx.
1459 4197 1540 4245 ὅτ.
1563 4198 1620 4243 et
1653 4191 1805 4256 impr.
1830 4191 2095 4242 Diodorus
2128 4191 2233 4242 Sic.
2267 4188 2548 4240 Orationes
