3034 4925
1139 420 1236 470 nn
1281 419 1456 468 ‘rt‘ro
1505 419 1741 469 mvro.
2441 400 2531 468 39

339 547 525 626 'visse
577 566 816 626 castra.
908 560 1097 625 Dicit
1136 560 1381 625 belluae
1413 560 1611 625 etiam
1662 559 1934 636 corium,
1982 565 2245 624 centum
2285 560 2527 644 >viginti

343 664 561 748 pedes
587 663 876 746 longum,
904 661 977 725 in
1009 661 1255 727 Urbem
1286 663 1584 727 missum.

775 880 1035 944 Seneca
1063 878 1242 943 filius
1271 879 1391 943 lib.
1425 894 1473 941 1.
1533 898 1682 964 cap.
1715 879 1821 944 16.
1852 833 1936 945 de
1966 880 2102 945 Ira.

430 1013 594 1079 Non
625 1019 727 1080 est
753 1015 937 1098 quod
967 1014 1309 1079 existimes
1339 1033 1566 1080 verum
1596 1034 1769 1093 esse,
1801 1016 1979 1099 quod
2012 1015 2194 1100 apud
2227 1015 2532 1081 disertis-

343 1118 581 1182 simum
620 1116 833 1181 virum
881 1116 1146 1180 Livium
1196 1115 1463 1194 dicitur,
1524 1122 1545 1152 ‘
1578 1115 1702 1181 Vir
1755 1118 1998 1200 ingenii
2047 1119 2272 1200 magni
2317 1118 2530 1199 magis
2637 1113 2642 1122 '

344 1238 547 1304 quam
566 1216 771 1283 boni.'
856 1217 1015 1282 Non
1047 1225 1280 1301 potest
1307 1218 1474 1283 illud
1504 1218 1839 1302 separari:
1876 1225 1996 1285 aut
2024 1225 2092 1284 et
2115 1220 2354 1283 bonum
2382 1219 2531 1296 erit,

343 1326 461 1386 aut
485 1340 610 1386 nec
645 1339 979 1403 magnum,
1000 1322 1121 1386 διο.

806 1454 999 1558 Idem
1022 1494 1144 1558 lib.
1169 1492 1252 1556 de
1285 1491 1795 1578 Tranquillitate
1824 1514 1981 1578 cap.
2011 1496 2077 1560 9.

432 1610 934 1695 Quadringenta
959 1612 1172 1677 millia
1197 1612 1515 1676 librorum
1548 1609 1986 1679 Alexandriae
2019 1619 2313 1679 arserunt
2338 1635 2357 1696 3
2381 1614 2533 1699 pul·

346 1699 740 1779 cherrimum
766 1714 966 1797 regiae
1001 1715 1358 1798 opulentiae
1387 1722 1907 1779 monumentum.
1997 1713 2195 1781 Alius
2224 1716 2537 1781 laudave-

346 1816 458 1893 rit,
492 1816 671 1880 sicut
713 1815 970 1895 LiviuS,
1003 1816 1120 1900 qui
1172 1816 1521 1899 elegantiae
1563 1836 1788 1899 regum
1837 1837 2151 1901 curaeque
2203 1820 2539 1903 egregium

348 1918 444 1983 ait
463 1936 636 2001 opus
665 1917 894 1983 fuisse.
982 1917 1143 1982 Non
1171 1917 1298 1985 fuit
1336 1919 1673 2002 elegantia
1701 1920 1865 1985 illud
1891 1927 2012 1986 aut
2041 1940 2224 2000 cura,
2252 1921 2368 1987 sed
2397 1927 2540 1986 stu-

348 2019 548 2086 diosa
576 2019 870 2086 luxuria.

1030 2229 1033 2232 ·
1094 2205 1284 2271 Idem
1313 2208 1604 2290 epistola
1632 2210 1783 2274 100.

431 2319 624 2386 Affer
655 2341 854 2404 quem
882 2322 1186 2389 Fabiano
1209 2326 1441 2408 possis
1465 2327 1880 2412 praeponere.
1970 2329 2104 2393 Dic
2129 2327 2539 2405 Ciceronem,

347 2424 548 2510 cujus
578 2422 731 2489 libri
763 2424 848 2489 ad
882 2426 1394 2512 Philosophiam
1425 2432 1823 2513 pertinentes
1852 2450 2047 2515 paene
2076 2431 2353 2498 totidem
2386 2434 2543 2494 sunt

346 2532 515 2609 quot
546 2526 856 2592 Fabiani.
945 2528 1221 2611 cedam,
1253 2533 1369 2595 sed
1390 2553 1525 2597 non
1550 2537 1768 2598 statim
1803 2535 2110 2616 pusillum
2137 2541 2267 2610 est,
2302 2529 2545 2613 siquid

347 2629 646 2693 maximo
676 2629 899 2693 minus
926 2638 1046 2697 est.
1127 2632 1256 2697 Dic
1290 2634 1600 2697 Asinium
1630 2633 2032 2699 Pollionem.
2120 2634 2393 2710 Cedam,
2424 2629 2545 2695 sed

348 2735 422 2794 ut
451 2732 922 2815 respondeam,
952 2733 1037 2797 In
1066 2753 1135 2798 re
1164 2739 1350 2799 tanta
1394 2736 1684 2800 eminere
1708 2743 1811 2801 est
1855 2742 1923 2801 et
1966 2740 2123 2820 post
2162 2736 2334 2800 duos
2373 2753 2546 2800 esse.
2573 2729 2584 2740 '

349 2831 651 2897 Nomina
698 2833 916 2899 adhuc
970 2834 1276 2901 Livium:
1324 2839 1598 2921 scripsit
1640 2838 1817 2902 enim
1848 2844 1916 2904 et
1967 2836 2318 2920 Dialogos,
2371 2856 2546 2921 quos

349 2953 477 2998 non
525 2936 738 3017 magis
770 2935 1234 3022 Philosophiae
1292 2960 1722 3007 annumerare
1766 2943 2017 3026 possis,
2064 2960 2268 3026 quam
2308 2941 2546 3005 Histo-

349 3036 504 3101 riae:
552 3042 730 3102 etex
765 3036 1069 3121 professo
1112 3040 1628 3126 Philosophiam
1656 3045 2069 3108 continentes
2097 3044 2346 3108 libros:
2391 3042 2546 3106 huic

353 3157 627 3223 quoque
659 3139 834 3206 dabo
864 3141 1113 3206 locum.
1198 3141 1379 3208 Vide
1411 3154 1628 3210 tamen
1653 3147 2134 3229 quam‘multos
2163 3143 2546 3222 antecedat,

355 3240 479 3324 qui
509 3261 551 3307 a
575 3241 786 3307 tribus
815 3242 1126 3321 vincitur,
1154 3249 1222 3308 et
1243 3245 1452 3310 tribus
1482 3247 2074 3330 eloquentissimis.

785 3428 977 3495 Idem
998 3428 1122 3495 lib.
1158 3445 1231 3493 v.
1273 3430 1345 3495 N
1348 3437 1513 3500 atur.
1555 3440 1794 3519 quaest.
1829 3454 1979 3519 cap.
2011 3434 2121 3499 18.

441 3562 640 3629 Nunc
686 3565 866 3648 quod
913 3564 997 3630 de
1048 3565 1324 3633 Caesare
1366 3568 1532 3633 olim
1592 3571 1838 3655 maj0re
1906 3571 2110 3653 vulgo
2167 3568 2550 3633 dictitatum

356 3670 488 3742 est,
512 3670 576 3730 et
605 3684 648 3730 a
674 3666 836 3732 Tito
863 3667 1059 3734 Livio
1095 3670 1416 3753 positum,
1445 3676 1464 3707 ‘
1496 3670 1580 3735 In
1610 3674 1866 3738 incerto
1898 3692 2074 3750 esse,
2120 3679 2335 3736 utrum
2363 3668 2571 3758 illum·

355 3768 572 3852 magis
596 3771 784 3833 nasci
813 3772 1201 3856 reipublicae
1234 3773 1582 3857 profuerit,
1624 3795 1710 3840 an
1741 3795 1871 3841 non
1908 3772 2145 3852 nasci,’
2187 3773 2322 3838 dici
2346 3774 2552 3837 etiam

357 3869 443 3934 de
477 3870 703 3936 ventis
736 3877 982 3955 potest.

1125 4026 1316 4092 Idem
1342 4029 1639 4113 epistola
1674 4032 1784 4097 46.

438 4140 718 4205 Librum
745 4148 960 4223 tuum,
985 4164 1181 4228 quem
1205 4147 1365 4212 mihi
1386 4152 1806 4233 promiseraS,
1830 4149 2088 4235 accepi,
2113 4156 2202 4228 et,
2229 4159 2552 4232 tanquam

310 4294 315 4299 .
356 4242 640 4308 lecturus
665 4263 753 4309 ex
776 4248 1159 4328 commodo,
1192 4250 1543 4336 adaperui,
1576 4274 1655 4318 ac
1689 4259 1944 4320 tautum
1969 4254 2319 4338 degustare
2350 4248 2555 4317 volui·
