3034 4925
1128 424 1578 474 mammons.
2006 467 2015 478 ,
2322 407 2457 475 133

248 580 382 643 -lum
400 579 773 642 Perusinum.
861 573 949 639 M.
983 576 1224 637 Antonii
1251 586 1314 637 et
1342 577 1683 655 Cleopatrae
1705 569 1983 636 amores.'
2039 576 2128 637 Ti.
2158 575 2451 636 Claudius

259 680 425 740 Nero
464 677 701 762 praetor,
730 688 900 761 pater
942 674 1158 736 Tiberii
1186 674 1496 755 Imp.—·-'l'.
1542 672 1798 754 Valgius
1843 672 2056 736 Rufus.
2120 674 2189 736 L.
2215 673 2453 738 Varius.

263 776 491 838 Plotius
518 776 736 838 Tucca.
821 775 913 836 M.
943 773 1209 834 Annaeus
1238 772 1487 832 Seneca.

740 979 817 1041 U.
850 978 921 1039 C.
950 978 1093 1038 712.
1138 976 1214 1039 A.
1243 976 1316 1038 C.
1341 978 1442 1035 40.
1485 975 1586 1036 01.
1617 993 1885 1036 cmxxxv.
1924 978 1975 1037 l.

338 1110 452 1171 Cn.
490 1110 801 1171 Domitius
831 1108 1114 1169 Calvinus
1142 1106 1231 1167 ΙΙ.
1281 1108 1346 1168 C.
1373 1106 1631 1167 Asinius
1656 1105 1887 1179 Pollio,
1914 1110 2205 1184 (summus
2235 1121 2453 1184 orator,

251 1205 395 1268 hist.
435 1217 498 1267 et
545 1214 744 1286 po‘eta,
772 1206 874 1287 qui
902 1218 961 1267 et
1005 1204 1225 1286 primus
1251 1203 1669 1265 bibliothecam
1699 1205 1865 1284 publ.
1892 1206 2177 1281 extruxit)
2204 1206 2281 1267 L.
2313 1210 2455 1269 Cor-

255 1303 448 1366 nelius
477 1303 711 1365 Balbus
750 1313 812 1364 et
838 1304 924 1366 P.
957 1292 1248 1365 Canidia}
1294 1302 1565 1365 Crassus.
1646 1301 1986 1364 Trucidatio
2033 1302 2454 1368 Perusinorum

258 1401 537 1481 urbisque
576 1401 941 1463 incendium.
1025 1401 1198 1481 Syria
1225 1420 1263 1461 a
1290 1399 1547 1472 Parthis,
1582 1399 1736 1462 duce
1762 1400 1835 1461 Τ.
1881 1400 2163 1474 Labieno,
2190 1410 2251 1463 et
2280 1402 2457 1463 Italia

259 1518 296 1561 a
319 1499 459 1561 Sex.
503 1499 789 1582 Pompeio
827 1507 1116 1561 vastatur.
1198 1498 1288 1559 M.
1332 1498 1626 1559 Antonius
1667 1517 1804 1559 cum
1848 1500 1986 1560 Sex.
2017 1497 2305 1580 Pompeio
2331 1500 2457 1562 hel»-

257 1596 373 1658 lum
418 1606 620 1658 movet
650 1596 789 1657 adv.
819 1595 1163 1666 Coesarem3
1205 1596 1315 1657 sed
1363 1616 1547 1677 opera
1596 1597 1664 1658 L.
1714 1595 1954 1658 Cocceii
1999 1596 2234 1670 Nervae,
2263 1598 2456 1658 Asinii

259 1694 546 1756 Pollionis
590 1705 651 1755 et
695 1694 1049 1756 Maecenatis
1109 1714 1228 1775 pax
1261 1693 1625 1754 Brundisina
1656 1695 2031 1776 componitur
2078 1696 2461 1776 firmaturque

251 1792 476 1873 nuptiis
508 1791 798 1854 Octaviae.
882 1792 1196 1874 Imperium
1242 1792 1415 1853 Rom.
1461 1792 1616 1854 inter
1645 1793 1974 1853 triumviros
2000 1793 2213 1853 iterum
2242 1794 2456 1856 dividi·-

259 1898 370 1949 tur.
452 1888 537 1958 Q.
571 1890 892 1952 Salvidieni
918 1890 1247 1972 conjuratio
1275 1901 1337 1951 et
1382 1909 1567 1952 mors.
1653 1890 1774 1951 Lex
1804 1890 2075 1951 Falcidia
2098 1891 2171 1950 C.
2204 1890 2455 1952 Falcidii

257 1986 385 2049 trib.
417 1986 500 2069 pl.
542 1989 982 2052 testamentaria
1024 1988 1100 2058 de
1143 1988 1378 2069 legatis.
1465 1987 1557 2050 M.
1584 1987 1855 2068 Vipsanii
1885 1988 2168 2071 Agrippae
2195 1998 2455 2069 proetura

257 2085 382 2147 urb.
410 2094 475 2146 et
500 2084 651 2148 ludi.

739 2300 813 2361 U.
837 2301 911 2363 C.
944 2304 1087 2364 713.
1132 2302 1207 2363 A.
1240 2303 1314 2365 C.
1346 2304 1444 2363 39.
1489 2301 1590 2362 01.
1622 2320 1892 2365 chxxv.
1915 2305 1975 2363 2.

333 2432 409 2495 L.
467 2427 750 2497 Marcius
789 2436 1161 2509 Censorinus,
1220 2437 1283 2498 C.
1344 2435 1637 2498 Calvisius
1688 2435 1966 2497 Sabinus.
2040 2433 2346 2510 ‘Consules
2388 2431 2452 2493 in

262 2550 416 2594 vnr.
463 2554 681 2608 annos,
719 2547 781 2595 et
828 2534 1025 2614 plures
1074 2534 1135 2595 in
1180 2554 1401 2595 annum
1447 2533 1767 2614 designati.
1852 2532 1982 2591 Pax
2025 2531 2361 2595 Puteolana
2387 2536 2456 2594 fit

259 2648 385 2690 cum
414 2632 557 2693 Sex.
589 2631 894 2713 Pompeio,
927 2632 1095 2711 plebe
1138 2634 1216 2694 ob
1258 2633 1475 2694 famem
1501 2631 1807 2704 saeviente,
1843 2638 1906 2689 et
1930 2628 2252 2710 impunitas
2280 2630 2458 2693 datur

247 2730 619 2811 «proscriptis.
703 2731 819 2793 Cn.
863 2731 1160 2792 Domitius
1208 2729 1285 2791 de
1312 2730 1670 2801 Cerretanis,
1699 2739 1762 2790 et
1801 2726 1996 2788 Pollio
2038 2726 2114 2788 de
2158 2727 2455 2789 Par-thinis

253 2827 598 2910 triumphat.
681 2830 756 2890 A.
786 2828 860 2889 C.
891 2830 1104 2891 39-36.
1149 2828 1221 2891 Ρ.
1250 2828 1568 2890 Ventidius
1597 2828 1847 2901 Bassus,
1875 2825 1965 2886 M.
1997 2825 2245 2888 Antonii
2284 2827 2452 2908 lega-

170 2913 174 2917 ’
257 2931 370 2997 tus,
394 2925 578 2986 homo
606 2926 771 2986 mirae
815 2926 1093 3000 fortunae‚
1123 2925 1378 2987 Parthos
1419 2936 1483 2988 et
1510 2925 1835 2986 Labienum
1873 2922 2156 2999 devincit,
2201 2925 2452 3007 primus-

261 3040 368 3101 que
394 3022 721 3105 triumphat
767 3023 845 3084 de
898 3023 1156 3087 Parthis.
1241 3024 1365 3087 Res
1413 3044 1695 3108 prospere
1737 3024 1815 3084 ab
1858 3022 2126 3107 Agrippa
2163 3042 2364 3105 propr.
2389 3025 2452 3086 in

260 3119 576 3202 Aquitania
601 3133 814 3202 gestoe.

718 3332 796 3394 U.
828 3332 902 3395 C.
929 3333 1072 3394 ⁷14.
1115 3332 1192 3391 A.
1225 3331 1298 3393 C.
1333 3333 1431 3392 38.
1476 3329 1575 3391 01.
1608 3350 1877 3396 chxxV.
1911 3336 1968 3394 3.

331 3461 459 3541 Ap.
490 3461 780 3527 Claudius
800 3464 1086 3539 Pulcher,
1119 3465 1185 3526 C.
1205 3463 1528 3547 Norbanus
1552 3464 1818 3526 Mem.
1901 3463 2196 3525 Praetores
2228 3478 2455 3523 nxvn.

263 3555 563 3620 Triumviri
609 3560 755 3642 reip.
801 3560 1244 3631 constituendae
1285 3561 1346 3621 in
1389 3561 1636 3624 alterum
1679 3562 2165 3641 quinquennium.
2248 3557 2455 3619 Aradii

263 3662 320 3714 et
340 3655 538 3717 Judeei
580 3677 618 3717 a
649 3658 727 3718 C.
768 3658 965 3733 Sosi0,
992 3659 1236 3721 Antonii
1261 3660 1485 3740 legato,
1527 3658 1755 3720 domiti.
1837 3658 1914 3720 A.
1942 3659 2017 3720 C.
2075 3660 2284 3720 38-35.
2325 3655 2455 3717 bel·

261 3751 378 3815 lum
412 3754 679 3816 Siculum
709 3776 862 3835 ⁸cum
912 3757 1051 3819 Sex.
1094 3755 1402 3839 Pompeio,
1449 3759 1527 3818 ab
1555 3756 1823 3838 Agrippa
1863 3756 2224 3817 confectum.
2306 3755 2448 3815 Sex.

265 3848 522 4006 1{ompeii
573 3854 774 3915 Mense
802 3874 853 3915 s.
893 3854 1208 3917 Menodori
1249 3854 1630 3918 fraudulenta
1669 3853 1992 3916 molimina.
2065 3853 2153 3916 A.
2177 3852 2249 3913 C.
2282 3856 2452 3916 38-3.

324 3949 532 4011 erodes
567 3951 655 4012 M.

748 4168 823 4231 U.
855 4167 927 4228 C.
957 4171 1114 4260 715..
1142 4171 1221 4233 A.
1249 4170 1324 4233 C.
1355 4172 1454 4232 37.
1499 4169 1602 4231 Ol.
1632 4186 1904 4229 cmxxxv.
1935 4170 1996 4231 4.

343 4293 441 4387 M·
475 4296 794 4378 Vipsanius
813 4300 1132 4385 Agrippa,
1164 4302 1242 4367 L.
1272 4304 1563 4369 Caninius
1590 4302 1827 4377 Gallus,
1871 4301 1940 4364 T.
1970 4301 2256 4364 Statilius
2302 4298 2456 4361 Tau·
