3034 4925
598 358 732 448 ⁵⁵8

598 536 721 585 nec
767 516 898 585 sibi
941 520 1082 582 r'em
1108 512 1346 599 exequi
1385 519 1526 577 tam
1554 519 1859 579 atrocem
1891 531 2014 597 pet
2042 513 2361 579 consules
2386 515 2809 598 superiorum

601 638 925 687 annorum
965 615 1286 685 licuisse?
1374 615 1555 682 Haec
1599 614 1885 691 Volscio
1928 615 2343 695 clamitante,
2375 616 2553 682 adeo
2595 618 2809 682 conci-

602 724 727 788 tati
765 722 1068 788 homines
1096 725 1273 799 sunt,
1315 725 1391 785 ut
1434 718 1618 784 haud
1659 718 1938 784 multum
1982 717 2290 797 abfuerit,
2341 720 2513 803 quin
2559 721 2811 803 impetu

603 825 840 909 populi
870 823 1080 890 Kaeso
1110 822 1426 889 interiret.
1514 818 1857 906 Virginius
1887 822 2089 905 arripi
2119 821 2319 906 jubet
2346 821 2726 899 hominem,
2751 827 2812 885 et

600 929 669 993 in
714 926 983 992 vincula
1011 926 1191 992 duci.
1279 924 1557 991 Patricii
1590 930 1823 991 contra
1850 925 1919 990 vi
1950 923 2318 991 resistuntst’
2336 932 2396 963 ²⁰
2489 924 2578 990 T.
2611 922 2813 1002 Quin·

602 1030 742 1093 tius
786 1028 1105 1107 clamitat,
1147 1033 1169 1064 ‘
1194 1027 1320 1094 Oui
1364 1028 1461 1093 rei
1510 1027 1823 1113 capitalis
1867 1028 2012 1093 dies
2054 1027 2235 1093 dicta
2275 1026 2395 1106 sit,
2428 1035 2505 1091 et
2548 1026 2643 1090 de
2688 1045 2812 1110 quo

600 1129 897 1195 futurum
947 1146 1159 1215 prope
1207 1130 1386 1195 diem
1425 1129 1783 1216 judicium,
1829 1150 1982 1196 eum
2033 1128 2504 1196 indemnatum
2556 1128 2812 1192 indicta

603 1252 810 1299 causa
856 1252 992 1298 non
1035 1233 1277 1299 debere
1315 1232 1639 1299 violari30
1722 1233 2057 1299 Tribunus
2087 1237 2109 1267 ‘
2132 1230 2589 1317 supplicium’
2620 1239 2812 1312 negat

604 1340 629 1370 ‘
649 1328 1018 1402 sumturum
1051 1357 1127 1403 se
1159 1337 1244 1402 de
1275 1335 1704 1402 indemnato:
1739 1342 2147 1402 servaturum
2167 1339 2396 1400 tamen
2428 1334 2506 1398 in
2528 1333 2811 1399 vinculis

603 1457 758 1507 esse
805 1439 892 1505 ad
929 1438 1171 1524 judicii
1222 1439 1439 1517 diem;
1490 1444 1591 1518 ut,
1639 1439 1759 1523 qui
1808 1438 2136 1504 bominem
2179 1437 2551 1513 necaverit,
2602 1436 2696 1500 de
2738 1453 2811 1499 eo

604 1541 925 1625 supplicii
967 1541 1270 1607 sumendi
1312 1542 1517 1626 copia
1554 1542 1813 1626 populo
1858 1541 2168 1606 Romano
2199 1537 2357 1604 fiat?
2446 1536 2813 1622 Appellati

605 1643 853 1708 tribuni
880 1644 1104 1711 medio
1135 1646 1451 1711 decreto?
1484 1645 1649 1727 jus¹
1693 1643 1935 1710 auxilii
1967 1643 2075 1708 sui
2102 1641 2512 1726 expediunt:
2555 1640 2636 1704 in
2683 1641 2812 1704 vin-

605 1743 759 1811 cula
786 1746 1038 1830 conjici
1065 1753 1325 1815 vetantt
1368 1749 1516 1813 sisti
1547 1757 1778 1827 reum,¹
1806 1746 2314 1831 pecuniamque,
2345 1742 2483 1807 nisi
2513 1742 2816 1822 sistatur,

604 1847 863 1932 populo
907 1850 1224 1933 promitti,
1262 1852 1530 1936 placere
1576 1852 2047 1936 pronuntiant«
2106 1849 2451 1914 Summam
2494 1847 2812 1930 pecunia

604 1956 924 2034 quantam
957 1972 1228 2037 aequum
1252 1961 1433 2021 esset
1462 1954 1784 2040 promitti,
1815 1953 2128 2019 veniebat
2150 1953 2222 2016 in
2252 1950 2576 2015 dubium:
2630 1948 2706 2013 id
2734 1949 2813 2014 ad

604 2061 910 2119 senatum
961 2055 1275 2140 rejicitur.
1362 2056 1579 2135 ReuS,
1623 2055 1781 2121 dum
1833 2054 2333 2120 consulerentur
2384 2050 2670 2128 PatreS,
2726 2071 2813 2115 re·

603 2157 825 2219 tentus
856 2157 923 2220 in
951 2158 1229 2240 publico
1259 2166 1384 2223 est.
1460 2157 1695 2224 Vades
1725 2157 1884 2223 dare
1913 2151 2228 2242 placuit.‘¹
2306 2153 2539 2221 Unum
2575 2154 2817 2220 vadem

1540 368 1611 417 Τ.
1668 368 1860 418 mvn

663 2327 695 2361 Ρ
728 2319 950 2378 Decreta,
973 2326 1095 2387 quod
1114 2325 1244 2376 inter
1262 2327 1353 2375 duo
1373 2330 1588 2376 extrema
1608 2324 1810 2374 medium
1820 2325 1945 2385 suit.

671 2391 696 2426 ⁹
729 2384 884 2437 Reum
898 2390 1057 2439 adesse
1074 2392 1139 2440 ud
1158 2392 1336 2442 dictum
1357 2391 1499 2441 dicon.

1530 2536 1742 2558 mun
1745 2535 1803 2557 00
1807 2535 1863 2557 00
1866 2536 1894 2556 O

674 2634 738 2679 19
770 2627 817 2684 A
839 2633 1044 2684 Kaesone
1065 2634 1296 2686 Gronov.
1319 2637 1459 2701 Douj
1467 2643 1541 2687 at.
1572 2636 1803 2687 Crevier.
1806 2641 1937 2687 —20
1971 2635 2182 2685 Putria-ii
2208 2634 2262 2685 oi
2295 2632 2531 2682 resistunt
2554 2631 2674 2681 duo
2698 2632 2816 2682 Pan.

610 2695 673 2744 Ρ.
694 2696 745 2745 vi
774 2704 937 2749 contra
958 2700 1055 2750 vim
1089 2700 1222 2751 Edd.
1263 2702 1492 2768 plerique
1530 2710 1654 2753 aute
1692 2702 1865 2752 Drak.
1914 2701 2165 2765 Principes
2197 2705 2362 2750 contra
2381 2697 2705 2748 viv-esistunt
2725 2697 2813 2747 Bis.

1597 2847 1820 2900 NOTAE

608 2955 742 3008 falso
791 2962 1064 3022 protulisse
1111 2970 1294 3028 postea
1344 2971 1665 3029 compertum
1746 2969 1912 3028 peret.
1976 2959 2083 3012 Sed
2117 2960 2355 3011 nimirum
2390 2957 2651 3007 Romanis
2674 2956 2813 3007 mori·

608 3043 706 3083 est.
763 3034 908 3086 Infra
928 3053 978 3090 c.
1001 3045 1089 3091 24.
1142 3041 1213 3091 Et
1235 3041 1417 3093 mirum
1441 3043 1490 3091 ei
1512 3040 1667 3092 fidem
1748 3041 1844 3091 bus
1874 3040 1928 3090 in
1951 3039 2157 3090 vincula
2194 3036 2403 3102 publica
2435 3034 2614 3099 (qnod
2655 3048 2811 3098 ροσε

610 3113 663 3162 in
706 3127 761 3162 re
795 3128 888 3163 sua
931 3115 1089 3168 fuisse
1126 3118 1374 3178 habitam,
1415 3121 1668 3184 uniusque

611 3188 908 3239 testimonio
925 3193 1188 3243 Caesonem
1211 3196 1498 3246 concidisse
1519 3214 1534 3247 ε
1570 3197 1669 3247 nisi

611 3263 749 3329 quod
784 3278 886 3316 non
934 3282 1090 3318 causa
1128 3271 1339 3335 cognita
1373 3274 1670 3337 damnatus,

566 3353 572 3360 ·
610 3340 705 3392 sed
738 3342 850 3406 ipse
884 3352 1069 3408 sponte
1100 3346 1200 3397 sibi
1241 3348 1450 3399 exilium
1482 3350 1670 3402 indixit

613 3427 735 3469 ante
751 3419 1026 3482 judicium.

676 3494 700 3529 ὓ
735 3496 943 3547 Patricia·
976 3504 1141 3550 contra
1175 3500 1227 3549 ci
1261 3498 1337 3564 [vi
1366 3508 1531 3553 contm
1550 3503 1669 3568 vim]

608 3571 861 3637 resistunt]
906 3572 1066 3638 Aliss',
1099 3566 1317 3634 Patricii'
1340 3585 1507 3629 contra
1527 3582 1578 3630 vi
1596 3596 1671 3631 rs·

609 3646 805 3697 simne.
871 3648 1029 3702 Certe
1055 3666 1240 3703 novum
1265 3668 1367 3704 nou
1402 3663 1482 3706 est
1508 3657 1670 3720 parti·

611 3726 780 3776 culam
800 3732 967 3777 contra
988 3728 1356 3781 adverbialiter
1372 3732 1554 3781 sumi.

676 3802 921 3854 ‘Indicia
961 3819 1102 3855 cum
1141 3820 1235 3857 ιιοιι
1268 3807 1435 3857 debere
1473 3808 1669 3874 violer-i]

615 3876 697 3926 An
720 3879 883 3942 igitur
904 3894 1046 3930 reum
1071 3881 1286 3932 habere
1274 3898 1324 3932 m
1346 3883 1564 3933 vinculis
1586 3893 1670 3935 est

611 3967 730 4003 eum
753 3955 963 4019 violare,
995 3962 1150 4022 utque
1186 3958 1420 4023 iujuriam
1454 3957 1667 4010 facere?

615 4032 905 4091 presertim
953 4046 1073 4082 cnm
1118 4035 1360 4085 videatur
1408 4034 1668 4099 Virginius

617 4102 881 4153 Caesouem
901 4120 999 4156 uon
1020 4114 1123 4158 tam
1140 4110 1258 4161 odio
1279 4111 1332 4161 in
1356 4111 1559 4163 vincula
1576 4112 1673 4163 dn·

616 4179 664 4230 ci
686 4178 924 4243 jussisse,
950 4198 1103 4247 quam
1128 4193 1184 4237 ut
1204 4203 1319 4238 eum
1349 4189 1668 4254 plebeiorum

1747 3133 1907 3184 genus
1950 3113 2268 3178 habebatur)
2308 3112 2511 3176 conjici
2545 3125 2661 3161 nou
2690 3111 2813 3160 sole·

1746 3194 1871 3245 baut
1886 3194 2049 3256 cives,
2063 3198 2338 3256 antequam
2354 3189 2557 3239 crimen
2572 3186 2813 3240 confeci.

1751 3277 1840 3321 aut
1863 3267 2088 3320 convicti
2109 3274 2297 3317 essent.

1810 3344 1835 3379 ‘¹
1879 3346 2034 3395 Vades
2055 3346 2171 3394 dure
2205 3339 2410 3406 placuit]
2449 3339 2551 3389 Vns
2586 3353 2659 3389 ex
2692 3337 2812 3387 Var-

1750 3436 1876 3472 rone
1899 3421 1988 3471 lib.
2008 3434 2060 3470 v.
2085 3420 2153 3469 de
2178 3418 2327 3481 Ling.
2357 3416 2477 3467 Lat.
2513 3414 2811 3479 appellabe-

1750 3503 1851 3559 tur‚
1868 3497 1955 3562 qui
1981 3509 2073 3560 pro
2098 3495 2198 3544 ulio
2220 3490 2577 3542 vadimonium
2603 3491 2810 3554 promit·

1752 3573 1920 3629 tebet,
1947 3571 1998 3622 id
2022 3578 2124 3631 est,
2146 3582 2263 3619 eum
2288 3566 2498 3632 judicio
2521 3567 2648 3617 sisti
2665 3581 2811 3630 spon·

1751 3652 1931 3702 debat.
1984 3649 2169 3699 Festus
2188 3646 2280 3696 lib.
2303 3646 2403 3695 ult.
2432 3646 2450 3673 ‘
2477 3643 2720 3694 Vadem'
2742 3645 2812 3694 in·

1742 3726 2074 3790 'terpretatur
2110 3734 2409 3787 sponsorem
2447 3718 2638 3769 datum
2677 3720 2729 3768 in
2760 3732 2812 3767 rs

1748 3802 1975 3866 capitali.
2043 3798 2197 3849 Unde
2221 3795 2504 3857 Ausonius,
2537 3795 2596 3845 in
2632 3796 2811 3846 Mone-

1748 3879 1974 3944 syllabis,
1991 3884 2006 3906 ⁸
2024 3875 2203 3926 vadem
2220 3872 2233 3895 ⁹
2258 3870 2540 3935 distinguit
2562 3886 2597 3920 a
2617 3870 2809 3936 prede,

1749 3955 1899 4022 quasi
1933 3955 1985 4004 iu
2021 3955 2115 4003 lite
2153 3949 2441 4001 nummaria
2481 3950 2645 3998 dato:
2680 3946 2813 4013 quod

1749 4034 1827 4082 ita
1845 4028 2226 4095 accipiendum,
2244 4034 2302 4077 ut
2323 4033 2383 4076 et
2410 4025 2646 4089 prades,
2667 4034 2813 4075 extra

1750 4110 1896 4159 litem
1929 4120 2153 4172 quoque,
2188 4105 2432 4154 dicamur
2478 4101 2811 4167 fidejussores

1750 4187 1840 4253 qui
1879 4200 1974 4249 pro
2012 4179 2336 4244 mancipibus
2374 4194 2437 4229 ac
2480 4178 2809 4243 publicoru·

612 4255 666 4305 in
704 4255 873 4320 ipsum
911 4254 1284 4323 insurgentium
1307 4266 1542 4318 manibus
1565 4268 1665 4319 eri·
1744 4261 2124 4315 redemtor-ibus
2154 4256 2533 4315 interveniunt,
2565 4254 2809 4322 quemad·
