3034 4925
594 343 725 410 488

1525 359 1593 408 '1'-
1645 358 1831 409 mvn

596 513 787 576 visus
836 512 1029 576 locus
1072 509 1580 577 communiendo
1620 512 1987 595 praesidio.r
2056 512 2136 577 L.
2164 513 2475 579 AEmilius
2501 520 2594 553 ¹⁶⁸
2624 513 2783 579 inde

595 621 663 679 et
690 612 770 678 C.
797 614 1117 678 Servilius
1161 612 1470 678 consules
1497 613 1684 681 facti.

1758 615 1876 694 Et,
1922 616 2145 681 donec
2163 616 2323 681 nihil
2363 617 2550 681 aliud
2576 637 2783 702 quam

594 719 662 781 in
692 716 1234 800 populationibus
1264 735 1370 779 res
1413 715 1562 794 fuit,
1608 736 1742 783 non
1780 718 1866 782 ad
1914 718 2304 801 praesidim
2329 718 2537 782 modo
2567 724 2788 785 tutan-

595 818 755 883 dum
797 817 996 882 Fabii
1026 818 1193 882 satis
1217 822 1426 894 erant,
1472 817 1593 882 sed
1638 826 1787 883 tota
1812 820 2102 901 regione,
2145 839 2284 903 qua
2310 818 2587 884 Tuscus
2628 836 2794 901 ager

595 918 908 985 Romano
967 920 1255 1003 adjacet,
1315 939 1443 983 sua
1499 929 1651 984 tuta
1699 922 1950 998 omnia,
2000 923 2249 986 infesta
2297 922 2619 999 bostium,
2680 939 2796 984 va·

593 1026 830 1103 gantes
875 1041 994 1104 per
1053 1029 1406 1106 utrumque
1465 1022 1683 1094 finem,

1738 1023 1978 1088 fecere.
2002 1078 2017 1089 .
2051 1023 2489 1087 Intervallum
2544 1022 2799 1086 deinde

593 1123 767 1188 haud
789 1143 1095 1205 magnum
1117 1123 1668 1207 populationibus
1695 1123 1863 1190 fuit:
1907 1123 2065 1188 dum
2095 1131 2167 1188 et
2185 1122 2537 1199 Veientes,
2566 1126 2802 1191 accito

595 1243 687 1289 ex
734 1226 1001 1291 Etruria
1043 1229 1373 1305 exercitu,
1421 1227 1811 1310 praesidium
1863 1224 2192 1291 Cremerae
2237 1233 2690 1309 oppugnant3
2736 1231 2803 1289 et

596 1325 927 1393 Romanae
952 1328 1277 1411 legiones,
1307 1330 1396 1393 ab
1416 1328 1499 1392 L.
1523 1329 1799 1394 AEmilio
1827 1328 2102 1392 consule
2122 1326 2446 1402 adductae,
2477 1327 2802 1390 cominus

595 1446 748 1493 cum
766 1429 1072 1496 Etruscis
1092 1431 1415 1496 dimicant
1433 1431 1603 1496 acie.
1651 1427 2061 1513 Quanquam
2083 1429 2204 1493 vix
2226 1427 2550 1509 dirigendi
2573 1427 2805 1490 aciem

596 1531 882 1613 spatium
911 1531 1309 1599 Veientibus
1335 1532 1486 1597 suit.
1531 1529 1732 1596 Adeo
1756 1532 1925 1596 inter
1952 1531 2233 1615 primam
2256 1526 2806 1612 trepidationem,

594 1629 752 1694 dum
784 1638 941 1715 post
965 1632 1157 1716 signa
1183 1634 1446 1698 ordines
1485 1631 1868 1710 introeunt,‘
1907 1631 2346 1714 subsidiaque
2387 1630 2659 1707 locant,
2710 1630 2807 1693 in-

1511 1798 1713 1819 ”coece
1720 1797 1869 1820 mn

597 1908 628 1942 a
644 1895 961 1951 deum-10
991 1896 1153 1962 Vulg.
1184 1899 1439 1965 AEnyliss.
1460 1906 1517 1950 et
1538 1913 1660 1950 mox
1684 1899 1911 1949 Mas.

1589 2060 1810 2112 1001·AE

661 2161 684 2189 ¹
738 2155 1105 2221 (Zona-waisario
1152 2158 1399 2222 presidio]
1452 2159 1657 2209 Castel-

597 2229 703 2279 lum
739 2230 791 2278 iu
826 2232 1021 2281 tumulo
1055 2239 1321 2297 prerupto
1352 2235 1497 2284 Fabii
1519 2251 1657 2285 eom-

598 2305 892 2355 munierant
924 2322 1087 2372 prope
1115 2308 1327 2374 flumen,
1357 2311 1658 2375 duplicique

598 2377 740 2430 fossa
777 2389 834 2430 et
869 2382 1066 2433 crebris
1104 2384 1328 2436 turribus
1362 2386 1657 2454 cinxerunt,

596 2457 680 2507 cui
702 2455 770 2508 de
802 2456 1011 2511 flumine
1045 2476 1230 2514 nomen
1264 2465 1501 2523 inditum,
1533 2466 1659 2517 Dio·

599 2534 749 2598 nysio
789 2543 1035 2587 auctorat
1070 2553 1137 2588 ex
1176 2541 1320 2604 cujus
1364 2535 1661 2593 narratione

599 2623 718 2659 cum
740 2611 869 2660 Livii
890 2614 1191 2678 conjuncta,
1220 2616 1387 2681 liquet
1419 2618 1583 2667 fnisse
1603 2617 1656 2667 id

507 2714 516 2722 ·
601 2686 880 2737 Castellum
896 2688 1028 2740 citra
1039 2688 1245 2748 flumen,
1258 2693 1398 2742 circa
1410 2693 1544 2743 viam
1555 2708 1660 2759 qua

600 2760 768 2811 Roma
789 2763 948 2813 Veios
987 2765 1181 2823 ibatur,
1215 2769 1354 2833 qnod
1388 2769 1660 2820 Cluverius

601 2836 978 2900 interpretatur
998 2840 1136 2891 circa
1153 2841 1500 2895 confluentem
1524 2846 1661 2895 Var-

600 2924 699 2974 coe,
732 2918 788 2961 et
818 2915 1062 2965 amniculi
1089 2917 1178 2981 qui
1211 2917 1278 2967 ab
1312 2919 1505 2982 oppido
1538 2920 1663 2968 For·

603 2985 757 3036 mello
780 2986 961 3048 defluit
986 3006 1003 3050 ς
1033 3004 1187 3055 quam
1220 2994 1534 3043 sententiam
1557 3009 1661 3043 non

602 3062 810 3110 omnino
846 3063 1141 3132 improbare
1182 3066 1481 3117 Holstenius
1521 3069 1662 3119 vide·

605 3138 711 3197 tur,
733 3135 1029 3186 Cremeram
1046 3140 1319 3189 castellum
1337 3144 1662 3193 constituens

605 3220 709 3255 non
728 3211 907 3270 procul
929 3210 1055 3259 [sola
1070 3212 1267 3275 prndio
1285 3214 1662 3282 Parnesiorum,

606 3281 745 3331 circa
771 3283 906 3347 quod
926 3285 1169 3336 Veiorum
1189 3287 1370 3340 ruinae.

668 3364 687 3390 ¹
716 3357 778 3409 L.
798 3359 1039 3418 AEmihh,
1075 3360 1180 3424 ζα]
1216 3364 1407 3429 Incipit
1430 3369 1666 3420 consula·

605 3438 690 3482 tus
711 3434 772 3485 1..
795 3435 983 3487 AEmilii
1016 3444 1071 3486 et
1111 3439 1173 3488 C.
1203 3440 1425 3505 Servilii,
1460 3445 1548 3508 qui
1589 3447 1665 3494 in·

606 3508 734 3560 cidit
755 3512 809 3560 in
833 3526 915 3562 an.
936 3513 1002 3563 U.
1023 3518 1139 3564 276.
1174 3515 1375 3566 AEmilio
1400 3518 1665 3570 Diodorus

607 3584 858 3637 Mamerci
927 3602 1208 3653 cognomen
1272 3593 1469 3657 adjicit,
1525 3595 1664 3659 quod

609 3675 904 3724 prenomen
925 3663 1121 3714 Oscum
1140 3673 1242 3731 est,
1259 3675 1318 3716 ut
1340 3670 1525 3719 scribit
1540 3672 1661 3722 Sex.

607 3735 910 3801 Pompeius,
933 3737 1145 3790 tradens
1169 3742 1420 3793 AEmiliam
1456 3753 1665 3807 gentem

607 3811 922 3873 appellatam
967 3828 1000 3861 a
1043 3814 1308 3866 Mamerco
1351 3819 1667 3883 Pythagora

611 3885 899 3949 philosophi
931 3886 1060 3951 tilio,
1093 3890 1179 3938 cui
1221 3900 1436 3955 propter
1464 3895 1665 3944 unicam

610 3958 980 4020 humanitatem
1007 3979 1293 4028 cognomen
1327 3968 1487 4020 fuerit
1507 3970 1669 4020 AEmi-

611 4031 727 4083 lius.
793 4036 896 4085 Hic
918 4040 1093 4089 consul
1118 4039 1292 4091 fuerat
1329 4050 1451 4093 ante
1484 4059 1667 4094 sexen-

613 4108 755 4158 nium
776 4125 890 4161 cnm
914 4114 1129 4166 Caesone
1150 4117 1324 4168 Fabio.
1373 4120 1523 4169 Unde
1542 4121 1669 4171 Gla·

613 4197 800 4234 reauus
827 4188 1119 4251 suspicatur
1150 4192 1426 4255 legendum
1448 4194 1533 4245 bic
1554 4207 1675 4246 esse

611 4258 804 4327 iterum,
835 4276 928 4327 pro
968 4278 1071 4329 quo
1109 4265 1378 4332 irrepserit
1409 4270 1671 4336 imperitia

1734 2157 1932 2209 librarii
1949 2156 2201 2221 particula
2213 2156 2339 2204 inde.
2370 2154 2624 2218 Sigonius
2634 2162 2812 2206 aare·

1736 2241 1904 2290 notat,
1935 2234 1987 2282 in
2011 2232 2173 2281 multa
2206 2232 2553 2280 Romanorum
2579 2232 2812 2293 nomina,

1736 2317 1799 2360 ut
1840 2308 2179 2370 AEmiliornm,
2218 2307 2573 2370 Papiriorum,
2624 2321 2814 2371 perpe·

1738 2401 1848 2436 ram
1894 2385 2165 2448 irrepsisse
2206 2382 2415 2432 literam
2459 2382 2720 2432 Graecam
2765 2397 2812 2446 ς,

1735 2462 1875 2528 quod
1898 2476 1966 2512 ex
2002 2459 2204 2511 Graecis
2243 2465 2299 2508 et
2336 2458 2725 2522 manuscriptis
2758 2459 2813 2508 li-

1738 2540 1863 2596 bris,
1900 2546 1957 2589 et
1993 2552 2060 2588 ex
2093 2535 2316 2599 antiquis
2354 2533 2651 2597 lapidibus,
2684 2548 2810 2598 pre·

1737 2616 1915 2666 sertim
1950 2612 2278 2680 Capitolinis,
2314 2617 2475 2675 atque
2511 2624 2581 2659 ex
2628 2624 2811 2674 πμ

1739 2694 1837 2743 teis
1856 2691 2078 2742 nummis
2103 2688 2278 2751 colligi
2300 2689 2394 2738 ait.
2460 2688 2572 2737 Pro
2587 2688 2813 2737 Servilio

1736 2769 2000 2819 Diodorus
2036 2767 2174 2816 idem
2203 2764 2265 2814 C.
2288 2764 2593 2815 Cornelium
2620 2765 2811 2815 Lenta-

1738 2846 1843 2895 lum
1864 2846 1960 2894 boc
1981 2856 2118 2894 anno
2139 2841 2403 2890 consulem
2426 2839 2637 2903 prodit.

1804 2923 1823 2957 ²
1852 2920 1987 2970 Dan
2019 2924 2126 2982 post
2160 2917 2303 2978 signa
2321 2915 2517 2964 ordinm
2534 2915 2811 2979 introitui]

1741 2996 1859 3047 Quo
1904 2992 2240 3046 introeuntes,
2279 2998 2337 3040 et
2378 2989 2652 3053 quomodo
2699 2998 2813 3054 post

1739 3069 1920 3133 sigua?
2006 3067 2071 3117 In
2118 3066 2320 3130 agmine
2364 3064 2598 3114 militum
2647 3066 2812 3128 ingre-

1741 3145 1993 3195 dientium
2050 3142 2295 3192 videntur
2361 3140 2514 3202 signa
2573 3141 2813 3204 praeisse,

1743 3216 2170 3284 quemadmodum
2209 3215 2262 3265 in
2296 3214 2480 3264 castris
2502 3215 2652 3277 apud
2678 3215 2813 3279 prin·

1741 3294 1881 3359 cipia
1901 3301 2052 3343 erant
2074 3307 2092 3353 ς
2118 3291 2172 3339 in
2196 3290 2309 3344 acie
2329 3303 2455 3338 vero
2481 3290 2758 3352 paululum
2784 3303 2813 3338 a

1743 3368 1917 3419 fronte
1953 3382 2015 3417 ac
2055 3364 2323 3428 principiis
2345 3370 2569 3412 remota.
2642 3363 2814 3413 Inces-

1745 3458 1832 3493 sus
1877 3456 1994 3491 eum
2033 3439 2267 3490 ordinem
2319 3436 2572 3486 discimus
2618 3450 2689 3486 ex
2731 3437 2813 3486 illo

1744 3518 1862 3568 libri
1905 3530 1962 3568 x.
2004 3514 2140 3579 apud
2186 3514 2472 3564 Nostrum:
2520 3514 2537 3542 ‘
2569 3513 2813 3563 Dictator

1745 3595 1891 3656 signa
1913 3589 2103 3655 efferri,
2123 3604 2186 3639 ac
2210 3589 2356 3653 sequi
2375 3596 2609 3638 armatos
2620 3585 2813 3652 jubet.⁸

1745 3672 1817 3721 Et
1858 3684 1923 3720 ex
1963 3669 2053 3718 illo
2097 3666 2235 3732 quod
2282 3673 2432 3715 extra
2474 3665 2723 3716 ordinem
2753 3680 2812 3715 es

1746 3747 1965 3795 militum
1988 3743 2181 3795 ardore·
2194 3740 2330 3805 apud
2350 3741 2598 3804 Tacitum
2619 3755 2663 3791 r.
2680 3741 2817 3791 Hist-

1745 3819 1763 3852 ⁴
1784 3819 1905 3869 Non
1924 3823 2204 3881 expectare
2231 3815 2437 3879 ducem,
2467 3816 2679 3866 anteire
2717 3818 2809 3880 sig·

1746 3909 1831 3956 na,
1851 3907 2055 3957 urgere,
2076 3889 2387 3955 signiferos!
2454 3890 2607 3960 Qrdo
2638 3893 2744 3955 bic,
2761 3893 2809 3941 in

1748 3971 1878 4027 acie,
1918 3970 1999 4018 vel
2023 3983 2090 4018 ex
2123 3981 2188 4016 eo
2225 3973 2377 4030 patet
2420 3967 2562 4031 quod
2586 3975 2811 4028 veteres,

1748 4054 1909 4110 atque
1943 4042 2176 4109 inprimis
2218 4043 2519 4092 Ammianus
2558 4042 2656 4092 lib.
2699 4053 2810 4093 xvi.

1749 4135 1853 4171 non
1886 4121 2047 4171 semel
2080 4125 2248 4172 totam
2282 4117 2448 4166 aciem
2480 4116 2730 4166 dividunt
2762 4117 2808 4166 in

1748 4195 2112 4259 antesignanos
2150 4200 2208 4243 et
2247 4192 2604 4256 postsignanos
2624 4207 2643 4242 z
2693 4204 2807 4257 qao-

1751 4286 1862 4322 rum
1908 4271 1983 4322 illi
2025 4271 2183 4338 positi
2222 4275 2347 4318 aute
2389 4268 2558 4333 signa,
2602 4277 2666 4320 et
2709 4278 2807 4318 tas·
