3034 4925
589 325 721 394 442

590 486 873 554 adversa
928 484 1202 567 invidia,
1226 483 1253 523 ¹⁸
1307 484 1552 571 usique
1600 488 1779 564 sunt,
1837 501 1980 570 qua
2028 482 2174 550 suis
2216 480 2527 569 quisque,
2586 501 2728 567 qua
2747 482 2795 522 ¹⁸

589 590 794 656 totius
822 590 1066 657 ordinis
1093 589 1365 655 viribus.
1448 585 1558 654 Ac
1606 587 1825 673 primo
1856 592 2114 654 tentata
2140 606 2246 652 res
2277 591 2406 663 est,
2441 586 2529 665 si,
2561 586 2801 671 dispo·

587 692 744 758 sitis
789 692 1168 771 clientibus,
1216 688 1649 758 absterrendo
1690 689 1995 772 singulos
2041 710 2084 754 a
2120 690 2533 755 coitionibus
2563 690 2800 755 conci·

585 795 853 882 liisque,
899 795 1204 881 disjicere
1231 815 1370 861 rem
1398 798 1695 880 possent.
1739 791 2057 859 Universi
2085 792 2322 858 deinde
2353 789 2799 879 processere,¹

585 897 946 984 (quicquid
982 905 1126 963 erat
1154 898 1453 975 Patrum,
1486 915 1638 961 reos
1667 894 1974 976 diceres)
2012 897 2329 981 precibus
2371 897 2648 980 plebem
2677 913 2793 962 ex·

585 1008 990 1085 poscentes;
1034 1005 1055 1035 ‘
1086 1021 1291 1066 unum
1334 1000 1464 1066 sibi
1512 1000 1754 1077 civem,
1809 1019 2010 1064 unum
2057 1004 2445 1077 senatorem,
2496 998 2560 1063 si
2605 1000 2793 1064 inno·
2947 1067 2950 1074 ,

587 1110 843 1168 centem
867 1104 1216 1170 absolvere
1247 1102 1513 1184 nollent,
1546 1122 1665 1187 pro
1693 1108 1971 1168 nocente
2002 1100 2363 1169 donarent?
2424 1101 2599 1186 Ipse
2641 1122 2790 1167 cum
2947 1093 2950 1180 4

588 1204 700 1271 die
731 1206 916 1274 dicta
941 1227 1075 1272 non
1104 1206 1400 1288 adesset,
1452 1213 1951 1291 perseveratum
1980 1207 2048 1270 in
2093 1205 2195 1271 ira
2220 1212 2345 1271 est.
2412 1206 2788 1271 Damnatus

589 1309 886 1376 absens¹⁷‘¹
923 1310 995 1375 in
1022 1308 1324 1375 Volscos
1352 1309 1707 1374 exulatum
1733 1309 1957 1388 abiit‚¹¹
1999 1308 2310 1377 minitans
2339 1309 2607 1393 patriae,
2636 1307 2784 1373 hos—

1522 337 1595 386 T.
1640 336 1840 387 mvn

1502 1489 1807 1515 mnuOOO
1811 1489 1870 1513 00

653 1615 717 1660 lo
748 1611 902 1673 vulg.
931 1613 1126 1661 dederat
1128 1614 1272 1661 .—17
1308 1608 1611 1675 Legendum
1648 1616 1825 1662 monet
1844 1608 2020 1674 Sigon.
2061 1609 2197 1660 Ubi
2177 1624 2255 1660 rra
2275 1613 2497 1660 est—18
2525 1610 2547 1639 ⁸
2569 1608 2654 1659 Al.
2689 1615 2785 1660 s-

585 1675 685 1724 sais
713 1676 905 1739 quique
938 1691 1095 1740 qaam,
1129 1676 1580 1740 interpretationis
1605 1675 1798 1726 studio.
1862 1676 1926 1726 In
1962 1676 2069 1725 Ms.
2089 1674 2267 1726 Veith.
2289 1683 2533 1737 corrupte
2574 1675 2787 1739 legitur,

585 1742 749 1803 usique
768 1746 883 1791 ειιιισ
914 1741 993 1791 sui
1009 1743 1202 1807 quasque
1222 1741 1505 1805 amacius·
1527 1742 1634 1792 ord.
1701 1740 1763 1794 In
1798 1739 1982 1793 eodem
2005 1755 2126 1791 mox
2146 1748 2249 1807 est,
2268 1756 2301 1791 a
2319 1741 2617 1793 contionibus
2632 1741 2785 1792 causi·

585 1803 788 1869 Hisque?
820 1805 1018 1858 Stroth.

1575 1886 1792 1938 NOTAE

1718 2006 1824 2052 tem
1858 1999 2014 2051 fuisse
2048 2000 2213 2053 tradit
2245 2001 2528 2067 Dionysius
2562 2000 2653 2055 lib.
2682 2015 2782 2054 vn.

1716 2083 1775 2127 et
1816 2084 1934 2142 post
1972 2091 2091 2128 eum
2131 2079 2445 2129 Plutarchus
2489 2078 2543 2128 in
2589 2079 2784 2129 Coriel.

586 1998 679 2050 sed
701 2013 798 2064 pro
823 1999 1042 2064 plebeiis
1074 1999 1177 2051 vim
1209 2000 1370 2067 passis
1390 2001 1642 2067 scriptam

586 2091 729 2140 esse;
769 2085 877 2129 tum
910 2078 1234 2129 conditiones
1266 2078 1383 2129 initi
1417 2078 1555 2129 inter
1585 2091 1642 2127 u-

586 2160 828 2222 trumque
868 2155 1102 2206 ordinem
1154 2154 1365 2205 foederis
1417 2154 1483 2206 sd
1539 2155 1644 2205 duo

586 2230 767 2296 capita
808 2232 1058 2289 revocari,
1116 2232 1471 2282 remissionem
1526 2231 1645 2281 eris

586 2305 758 2371 alieni,
778 2313 831 2357 et
870 2308 1186 2359 creationem
1220 2308 1541 2358 tribunorum
1576 2306 1644 2357 ad

586 2381 755 2445 plebis
804 2379 1197 2446 defensiouem;
1254 2382 1477 2449 ideoque
1529 2383 1643 2443 nul-

581 2456 785 2509 latenus
839 2458 1151 2512 credendam
1192 2458 1398 2520 ⁸infenso
1449 2461 1643 2526 populo

583 2543 895 2601 potestatem
923 2537 1199 2603 judicandi
1250 2538 1507 2590 bominem
1552 2554 1644 2603 pa-

583 2611 791 2663 tricium
837 2609 904 2663 de
940 2613 1208 2678 republica
1248 2616 1446 2679 optime
1489 2615 1643 2666 meri·

583 2693 711 2738 tum.
763 2689 1007 2739 Valerius
1031 2697 1209 2742 contra
1232 2691 1506 2755 suadebat,
1534 2705 1642 2742 om·

581 2764 667 2815 nia
690 2767 976 2818 concordie
996 2768 1372 2835 posthabenda,
1389 2777 1446 2820 et
1468 2784 1641 2820 rernm

582 2841 1079 2894 administrationem
1116 2845 1208 2903 ita,
1231 2845 1490 2896 libertatis
1520 2860 1639 2896 can·

582 2931 660 2975 sa,
683 2920 1095 2983 temperandam,
1117 2929 1173 2973 ut
1197 2922 1310 2987 ejus
1340 2923 1490 2987 plebs
1513 2938 1640 2989 quo·

570 3006 683 3059 ‚que
718 2995 983 3061 particeps
1024 2995 1153 3048 fiat:
1187 2997 1387 3049 idcirco
1426 3000 1640 3065 permit-

581 3067 794 3118 tendum
829 3070 928 3120 boc
964 3072 1111 3135 plebi
1141 3074 1395 3137 judicium
1418 3092 1435 3137 ς
1459 3078 1535 3126 ita
1564 3083 1641 3127 ta-

580 3158 699 3194 men
722 3152 781 3195 ut
800 3146 1079 3197 Senatores
1098 3163 1194 3213 per
1213 3164 1269 3200 se
1291 3166 1353 3203 ac
1374 3167 1495 3204 suos
1517 3169 1641 3205 cau·

579 3233 690 3271 sam
712 3222 910 3273 dicenti
932 3223 1192 3275 adessent.
1248 3227 1378 3277 Cum
1393 3229 1506 3279 baec
1522 3244 1640 3281 seu·

581 3299 749 3349 tentia
767 3301 1075 3365 praevaleret
1090 3301 1141 3351 in
1154 3302 1370 3362 Senatu,
1385 3305 1642 3372 Marcius,

579 3376 914 3442 interrogatis
930 3377 1150 3429 tribunis
1172 3379 1321 3445 cujus
1346 3383 1512 3448 ipsum
1537 3383 1639 3435 cri·

579 3453 728 3503 minis
751 3469 894 3505 reum
918 3455 1087 3507 acturi
1116 3466 1312 3515 essent,
1343 3474 1460 3511 cnm
1483 3459 1637 3513 affec·

579 3535 706 3581 tatoe
731 3530 1019 3596 tyrannidis
1057 3542 1387 3586 accusatores
1423 3552 1639 3603 respon·

579 3605 792 3665 dissent,
824 3623 882 3658 se
922 3609 1123 3674 judicio
1165 3612 1341 3677 populi
1378 3627 1444 3664 ex
1475 3615 1638 3666 Sena-

564 3686 896 3737 tusconsulto
914 3687 1187 3739 summisit.

641 3758 667 3793 ¹³
695 3759 912 3814 Adversa
930 3764 1135 3829 invidia]
1169 3766 1431 3834 Quicquid
1452 3738 1636 3818 adver-

579 3844 816 3891 sarentur
846 3840 1043 3892 invidia
1064 3842 1286 3909 odioque
1304 3859 1399 3896 suo
1423 3844 1633 3909 tribuni,

579 3916 634 3960 et
652 3914 872 3964 maxima
892 3930 1009 3980 pars
1036 3917 1221 3980 plebis.

663 3985 676 4019 ¹
683 3987 906 4039 Umversz
924 3992 1092 4042 deinde
1120 3995 1407 4059 processere]
1436 3994 1632 4046 Secun-

579 4059 700 4110 dum
730 4062 928 4114 Valerii
962 4069 1291 4128 senteutiam,
1323 4071 1392 4121 de
1414 4087 1517 4137 qua
1547 4086 1631 4122 su·

578 4149 692 4199 pra.

1719 2153 1877 2218 Apud
1915 2169 2044 2220 quos
2079 2155 2315 2220 legimus,
2353 2155 2522 2206 tertiis
2544 2154 2784 2206 nundinis

1717 2230 1894 2280 habita
1914 2229 2078 2282 fuisse
2096 2232 2197 2282 hac
2231 2232 2302 2283 de
2322 2246 2380 2282 re
2397 2246 2430 2281 a
2453 2231 2678 2282 tribunis
2700 2245 2783 2283 co·

1718 2307 1886 2373 mitia,
1922 2316 2049 2360 tunc
2092 2309 2312 2374 primurn
2355 2310 2553 2376 rogatis
2592 2309 2784 2362 viritim

1720 2399 1816 2449 per
1866 2384 2032 2436 tribus
2074 2384 2352 2451 suffragiis,
2406 2401 2525 2438 cum
2572 2387 2784 2451 patricii

1716 2464 2010 2513 centuriata
2026 2465 2372 2528 postularent,
2388 2471 2662 2529 sperantes
2674 2461 2784 2516 fore

1719 2550 1779 2589 ut
1818 2554 1851 2590 a
1895 2540 2062 2604 prima
2100 2542 2182 2592 vel
2214 2556 2249 2592 a
2281 2540 2513 2593 secunda
2558 2540 2783 2592 tertiave

1716 2617 1889 2668 classe
1939 2618 2170 2669 Marcius
2220 2619 2599 2671 absolveretur.
2700 2619 2784 2670 Ibi

1718 2701 1990 2760 postquam
2004 2694 2267 2760 Minucius
2288 2711 2393 2746 eos.
2409 2696 2627 2760 egregia
2636 2696 2783 2747 Mar·

1717 2771 1788 2821 cii
1823 2770 2080 2835 facinora,
2114 2779 2359 2839 tanquam
2394 2771 2638 2824 inanibus
2669 2774 2781 2839 ejus

1718 2847 1889 2898 verbis
1914 2850 2130 2914 potiora,
2164 2849 2567 2913 commendavit,
2598 2850 2783 2901 Sicini-

1716 2937 1797 2988 us,
1816 2925 2011 2990 primus
2029 2925 2284 2990 tribunus,
2306 2925 2446 2976 illius
2463 2924 2637 2976 omnis
2669 2924 2780 2977 fae·

1718 3008 1775 3050 ta
1817 3002 2064 3068 dictaque
2121 3003 2187 3053 ad
2232 3002 2429 3054 crimen
2483 3003 2780 3068 tyrannidis

1715 3077 1965 3143 referens,
1987 3080 2183 3144 acriter
2204 3086 2288 3132 est
2313 3081 2577 3133 invectus.
2639 3081 2778 3133 ‘run

1715 3157 1965 3219 Marcius,
1982 3157 2122 3207 doua
2137 3157 2385 3208 militaria
2421 3164 2645 3222 propter
2676 3172 2781 3211 sur·

1713 3241 1861 3285 vatos
1883 3235 2170 3298 praesertim
2190 3234 2350 3297 cives,
2370 3248 2496 3299 ques
2520 3242 2582 3285 et
2614 3240 2779 3285 testes

1714 3311 1932 3373 citabat,
1959 3325 2021 3360 ac
2042 3310 2165 3361 dein
2191 3312 2459 3361 vulnerum
2484 3325 2585 3374 pro
2607 3311 2781 3361 saluts

1714 3386 1898 3450 patriae
1923 3392 2263 3450 exceptorum
2301 3385 2579 3436 cicatrices
2605 3392 2782 3436 osten·

1712 3459 2136 3525 dens,tlectebat
2175 3462 2424 3527 populum
2470 3461 2537 3510 ad
2576 3461 2781 3512 miseri-

1712 3536 1961 3589 cordiam.
2038 3537 2238 3588 Verum
2279 3536 2475 3586 Decius
2538 3535 2780 3587 tribunus

1712 3615 1905 3679 praidae
1921 3613 2146 3666 Antiatis
2168 3613 2312 3681 (quat
2333 3613 2587 3664 tradenda
2608 3628 2781 3679 ques·

1712 3692 1812 3744 tori
1843 3693 2048 3756 exlege
2079 3689 2281 3757 fuerat)
2309 3707 2481 3756 nuper
2499 3690 2554 3742 ia
2585 3691 2780 3742 milites

1711 3769 1934 3819 victores
1957 3767 2398 3826 distributionem,
2417 3769 2565 3818 velut
2585 3781 2779 3818 novan-

1711 3844 1894 3896 darum
1948 3859 2139 3912 rerum,
2189 3852 2247 3896 et
2286 3844 2631 3895 conciliandoe
2680 3843 2778 3896 sibi

1712 3920 1881 3985 plebis
1913 3921 2104 3985 studio,
2124 3935 2155 3972 a
2191 3920 2394 3972 Marcio
2433 3919 2652 3984 factam,
2691 3935 2775 3971 ca·

1711 3998 2007 4062 lumniatus,
2029 4014 2116 4049 eos
2155 3998 2247 4063 qui
2280 3997 2547 4048 Marcium
2590 3998 2773 4050 duce-

1711 4076 1777 4127 ad
1805 4090 1920 4126 eam
1954 4075 2337 4141 expeditionem
2372 4074 2548 4126 secuti
2581 4089 2685 4126 nou
2721 4088 2773 4127 s·

1710 4159 1848 4214 rant,
1859 4152 2340 4203 maximamscilicet
2349 4152 2534 4216 populi
2551 4158 2773 4217 partem,

560 4278 571 4296 .
642 4219 676 4247 ¹¹
698 4212 965 4268 Damnatus
993 4219 1180 4286 ιώιειιι]
1211 4222 1379 4276 Immo
1401 4238 1628 4291 proesen·
1707 4227 1763 4280 iu
1785 4242 1901 4281 eum
1926 4227 2218 4280 concitavit.
2282 4226 2400 4292 Ille,
2429 4227 2770 4293 inexpectata
