3034 4925
1071 361 1221 413 121⁸.
1269 361 1387 411 111.
1434 361 1598 411 car.
1638 344 1748 412 64.

309 507 672 576 consulum
726 506 891 590 jura
949 505 1169 591 plebis
1224 507 1558 573 labefacta
1595 511 1834 573 essent.
1925 509 1948 541 ‘
1975 504 2159 584 Quid
2189 504 2506 584 futurum,

310 611 609 678 nondum
654 611 927 676 firmatis
969 610 1253 691 legibus,
1294 612 1353 675 si
1396 631 1610 675 novos
1660 611 1952 675 tribunos
2006 627 2128 693 per
2173 608 2505 674 sactiones

311 733 481 780 suas
526 713 838 779 consules
890 713 1112 777 adorti
1154 714 1420 777 essent?
1467 712 1627 777 Non
1669 714 1843 777 enim
1895 729 2154 794 semper
2201 709 2513 777 Valerios

315 813 782 899 Horatiosque
827 815 1140 880 consules
1171 814 1333 893 sore,
1381 816 1501 898 qui
1546 813 1837 880 libertati
1887 813 2108 898 plebis
2154 832 2317 879 suas
2344 833 2521 897 opes.

315 915 780 1000 postserrent.’
865 918 1063 981 Forte
1111 918 1402 1000 quadam
1444 917 1593 981 utili
1639 916 1725 982 ad
1769 920 2119 1000 tempuS,¹⁷
2185 924 2256 982 ut
2284 915 2515 981 ‚comio

313 1019 433 1083 tiis
474 1026 849 1101 praeesset,⁸
910 1020 1337 1103 potissimum
1388 1019 1488 1083 M.
1536 1020 1773 1084 Duilio
1825 1028 2007 1084 sorte
2052 1018 2298 1092 evenit,
2354 1017 2499 1082 viro

315 1121 673 1204 prudenti:
714 1131 784 1186 et
825 1142 915 1186 ex
963 1123 1465 1186 continuatione
1515 1122 1951 1204 magistratus
1998 1120 2318 1186 invidiam
2378 1119 2503 1183 im-

311 1223 667 1288 minentem
699 1223 1018 1289 cernenti.
1107 1222 1432 1302 Quicum
1477 1243 1572 1289 ex
1612 1225 1949 1289 veteribus
1984 1223 2271 1288 tribunis
2300 1241 2507 1303 nega-

313 1333 418 1393 ret
446 1326 642 1390 ullius
673 1346 750 1390 se
795 1326 1117 1391 rationem
1167 1323 1604 1403 habiturum,¹²
1648 1333 2152 1411 pugnarentque
2203 1324 2505 1405 collegae,

305 1433 393 1491 ut
438 1427 684 1493 liberas
729 1424 979 1492 tribus
1044 1428 1115 1491 in
1156 1428 1539 1510 suffragium
1600 1429 1907 1507 mitteret,
1957 1431 2075 1492 ant
2116 1426 2505 1491 concederet
2571 1512 2579 1518 .

310 1530 596 1593 sortem
638 1531 1055 1595 comitiorum
1147 1531 1450 1615 collegis,
1535 1530 1862 1598 habituris
1936 1551 1976 1594 e
2051 1531 2199 1614 lege
2270 1519 2519 1612 potiuss

311 1630 609 1709 comitia,
636 1652 841 1716 quam
873 1654 962 1698 ex
1007 1633 1353 1699 voluntate
1397 1635 1710 1715 Patrum3
1752 1634 1999 1718 injecta
2050 1631 2500 1705 contentione,

315 1731 612 1810 Duilius,
660 1734 962 1799 consules
1019 1735 1108 1800 ad
1160 1735 1489 1800 subsellia
1529 1735 1784 1801 accitos
1821 1753 1973 1800 cum
2015 1711 2504 1815 interrogasset,

311 1833 476 1916 quid
508 1833 594 1899 de
624 1836 910 1901 comitiis
951 1838 1412 1902 consularibus
1463 1839 1533 1901 in
1577 1839 1799 1903 animo
1836 1838 2170 1913 haberent,
2224 1852 2506 1917 respon-

308 1933 732 2020 dissentque,
781 1956 855 2000 se
901 1956 1116 2022 novos
1166 1937 1481 2001 consules
1538 1950 1897 2015 creaturos,
1943 1943 2247 2002 auctores
2292 1955 2507 2019 popu-

309 2035 484 2101 lares
521 2038 863 2103 sententiae
892 2037 1071 2102 haud
1124 2038 1470 2122 popularis
1498 2035 1789 2116 nactus,¹¹
1829 2039 1900 2103 in
1931 2039 2318 2103 concionem
2349 2055 2502 2102 cum

373 2203 556 2252 'Casu
574 2205 774 2266 quodum
791 2206 855 2253 ad
876 2210 1059 2268 tempus
1093 2207 1434 2255 acconzmodato
1456 2206 1652 2266 sactum
1669 2209 1816 2256 estut
1836 2204 1913 2254 Μ.
1936 2203 2107 2254 Duilio
2141 2202 2246 2252 vim
2277 2202 2513 2265 prudenti,

302 2282 409 2329 μω
441 2268 611 2318 ceteris
649 2284 751 2318 sors
786 2269 1100 2320 habendorum
1134 2270 1431 2320 comitiorum
1469 2270 1629 2335 potius
1666 2270 1890 2326 comit,
1919 2284 2059 2334 quam
2088 2267 2176 2318 sua·
2205 2268 2501 2329 collegarum.

1313 2411 1515 2433 “IOOOO
1521 2413 1546 2431 O
1552 2412 1577 2432 O

372 2514 434 2560 1⁷
469 2511 592 2561 Vct.
614 2510 705 2560 lib.
726 2527 810 2572 ap.
836 2512 1014 2576 Sigon.
1051 2514 1114 2563 ad
1135 2512 1186 2562 id
1206 2518 1536 2577 tempta—18
1565 2514 1584 2542 ‘
1600 2512 1833 2565 Auctor-cs
2054 2513 2064 2525 ⁹
2106 2510 2354 2560 sententia
2374 2509 2501 2558 hand

300 2576 552 2640 populo-ee
582 2581 749 2626 nactus
779 2577 830 2626 in
866 2577 1103 2628 omnibus
1140 2578 1281 2629 libris
1320 2579 1500 2645 inepte
1539 2580 1643 2644 legi
1671 2581 1784 2645 jam
1821 2579 2000 2628 videre
2033 2575 2222 2627 Klock.
2257 2574 2422 2626 Drak.
2444 2581 2503 2623 ct

1291 2691 1516 2744 NoTAE

302 2783 1592 2850 bun=,qu1nuncconcordibusauisiisuti·tunm
1623 2789 1960 2840 creandorum
1998 2786 2220 2853 propriis
2253 2783 2502 2851 auspiciis

302 2861 505 2911 litatem
532 2862 697 2926 plebis
720 2865 1026 2927 curabant,
1015 2881 1068 2914 m
1103 2881 1199 2915 suo
1227 2867 1363 2932 quis·
1441 2868 1776 2917 haberentur.

301 2953 406 3002 que
436 2940 743 3002 magistratu
769 2949 1154 3006 permanerent,
1192 2942 1361 2992 donec
1505 2943 1531 2978 ¹¹
1567 2945 1688 2995 Cam
1713 2959 1775 2993 ex
1794 2941 2031 2993 veteribus
2060 2940 2268 2991 tribunis
2298 2946 2498 3007 negaret

302 3013 523 3065 firmatis
542 3017 742 3080 legibus
769 3032 851 3067 res
882 3018 934 3067 in
958 3025 1073 3067 tuto
1089 3018 1359 3068 collocato
1438 3019 1588 3071 alliu
1627 3036 1678 3070 se
1711 3019 1943 3070 rationem
1974 3015 2269 3080 habitarum]
2302 3013 2500 3066 Aiebat

302 3100 504 3146 essent.
589 3095 865 3145 Posscmus
922 3102 980 3145 et
1032 3095 1361 3146 ameliam
1438 3098 1661 3158 Duilius,
1694 3099 1738 3148 si
1771 3097 1885 3162 quis
1915 3110 1983 3146 ex
2016 3094 2258 3157 tribunis,
2281 3093 2367 3159 qui
2391 3107 2498 3143 ma-

300 3170 544 3219 comlam
564 3171 767 3235 psssive
785 3173 1059 3236 accipere:
1083 3179 1142 3222 ut
1165 3172 1359 3223 vellent
1436 3176 1661 3240 gistratu
1714 3175 1945 3230 abibant,
1996 3172 2185 3222 iterum
2240 3168 2499 3234 suffragiis

2377 343 2587 413 671..

304 3244 650 3309 periculosum
671 3247 812 3313 plebi
835 3263 970 3314 esse,
989 3249 1124 3314 qnod
1149 3249 1359 3301 Valerio

302 3328 362 3370 et
381 3320 611 3375 Horatio
649 3322 937 3387 triumphus
975 3337 1228 3375 consensu
1271 3340 1359 3389 pa-

304 3408 443 3447 trum
477 3406 696 3462 negatus
731 3407 903 3449 esset:
952 3397 1185 3450 futurum
1219 3400 1357 3450 euim

304 3483 364 3524 ut
375 3473 473 3524 hac
489 3475 816 3537 contumelia,
830 3488 946 3538 quoe
961 3474 1251 3525 consulibus
1267 3490 1358 3538 po·

303 3550 571 3614 putaribus
611 3550 758 3599 illata
791 3556 950 3613 esset,
984 3549 1102 3597 novi
1125 3549 1387 3599 consules.

301 3628 563 3693 segniores
576 3625 764 3677 fierent
779 3625 844 3676 ad
864 3624 1107 3676 tuendam
1125 3624 1324 3687 plebem
1342 3640 1359 3686 ς

303 3713 462 3772 atque
479 3706 557 3755 ita
580 3706 726 3755 novis
749 3702 969 3753 tribunis
992 3716 1086 3766 per
1106 3700 1360 3753 factiones

303 3795 427 3831 suas
445 3781 714 3846 negotium
737 3778 1076 3829 facesserent.

366 3866 394 3902 ⁸
430 3859 498 3908 Ut
526 3857 730 3907 comitiis
747 3857 989 3921 preesset]
1027 3853 1250 3905 Comitia
1280 3854 1357 3905 in-

301 3933 481 3999 tellige
506 3923 1147 3989 tribunicia.creandorum
1169 3945 1357 3996 nempe

302 4010 625 4061 tribunorum
648 4026 818 4061 causa.
875 4011 1061 4075 Neque
1084 4010 1220 4063 enim
1248 4012 1357 4075 ple-

300 4089 420 4139 beio
444 4088 764 4152 magistratui
798 4087 1027 4149 tribuno,
1047 4088 1209 4153 qualis
1242 4097 1356 4143 erat

301 4163 525 4226 Duilius,
557 4163 704 4212 licuit
743 4163 1097 4213 consularibus
1131 4165 1354 4215 comitiis

1436 3262 1646 3304 creatus
1666 3258 1821 3313 esset,
1840 3249 1954 3301 fore
1993 3256 2052 3300 ut
2087 3248 2202 3313 ipse
2236 3247 2495 3298 neminem

1437 3343 1616 3379 eorum
1634 3328 1977 3377 renuntiaret.

1499 3403 1515 3436 ¹
1548 3403 1921 3464 Pugnat-eatque
1937 3401 2130 3460 collega
2146 3403 2200 3447 ut
2219 3398 2392 3448 liberas
2403 3397 2497 3446 tri·

1437 3479 1545 3542 bu]
1579 3478 1789 3543 Reliqui
1820 3477 2010 3527 tribuni
2047 3475 2211 3539 plebis
2242 3489 2274 3523 a
2298 3472 2494 3524 'Duilio

1438 3552 1843 3613 contendebant,
1860 3558 1917 3601 ut
1938 3551 2048 3599 sine
2070 3550 2174 3600 ulla
2196 3550 2496 3600 conditione

1439 3629 1770 3693 permitteret
1809 3627 2048 3678 tribubus
2104 3625 2353 3690 suffragia
2399 3643 2497 3681 sua

1437 3704 1602 3754 libere
1623 3704 1675 3753 in
1697 3717 2047 3769 quoscumque
2085 3704 2299 3767 vellent,
2334 3702 2494 3753 etiam

1437 3781 1489 3832 in
1529 3782 1712 3846 prioris
1750 3782 1872 3832 anni
1906 3780 2160 3839 tribunos,
2197 3779 2368 3831 ferre:
2403 3786 2496 3831 aut

1438 3863 1584 3908 certe
1608 3865 1667 3908 ut
1687 3857 1800 3922 ipse
1821 3855 2037 3907 remissa
2058 3856 2384 3907 comitiorum
2401 3857 2493 3907 lia-

1437 3933 1722 3985 bentlorum
1763 3941 1928 3990 sorte,
1953 3948 2071 3998 qnae
2099 3934 2173 3983 illi
2207 3932 2491 3996 obtigerat,

1435 4025 1498 4061 eo
1522 4021 1732 4059 munere
1755 4008 2058 4063 abstineret,
2081 4007 2275 4074 jusque
2293 4009 2449 4060 illud
2435 4024 2488 4060 ιιι

1434 4089 1659 4153 collegas
1684 4083 2001 4137 transferret.

1497 4163 1524 4198 Β
1556 4163 1786 4215 Auctore-r
1810 4163 2067 4227 populares
2089 4160 2338 4215 mentia
2363 4161 2489 4211 md

296 4255 547 4310 praeesse,
572 4248 628 4291 ut
659 4254 776 4307 qne
805 4242 1056 4307 majorum
1090 4243 1354 4308 magistra·
1429 4242 1671 4306 popularis
1691 4239 1878 4305 sudu]
1900 4240 2032 4292 Cum
2054 4239 2315 4301 inveniret
2335 4246 2491 4313 extra
