3034 4925
955 336 1134 445 ἢι.ιιι.
1180 391 1262 444 ιι.
1306 393 1475 446 ou.
1519 379 1630 447 65.
2271 347 2411 449 625

181 545 420 625 agunt
440 538 741 626 equites:
784 538 1179 608 circumfusi
1207 539 1365 608 duci
1393 540 1834 610 vociferantur
1853 550 1902 584 ⁸⁸
1934 563 2010 611 se
2039 547 2192 611 ante
2220 543 2414 630 signa

180 644 445 710 ituros.
534 644 717 710 Dum
745 650 1098 711 cunctatur
1121 645 1380 726 consul,
1407 645 1648 714 virtute
1675 647 1962 715 militum
1990 648 2227 721 fretus,
2249 649 2410 715 loco

182 754 453 831 parum
493 747 727 826 fidens,
772 749 1207 828 conclamant,
1251 769 1327 815 se
1362 749 1613 817 ituros:
1657 740 2144 838 clamoremque
2170 771 2278 817 res
2307 760 2415 818 est

188 857 475 918 secuta.
561 849 760 917 Fixis
788 852 856 917 in
889 859 1131 917 terram
1176 852 1363 937 pilis,
1408 871 1546 937 quo
1592 854 1876 920 leviores
1923 853 2136 921 ardua
2170 854 2417 922 evade-

189 958 383 1032 rent,
412 972 609 1019 cursu
641 955 948 1022 subeunt.
1034 954 1361 1036 Volscus,
1390 946 1623 1038 effusis
1651 958 1741 1023 ad
1779 958 2064 1044 primum
2092 959 2416 1043 impetum

192 1057 588 1123 missuibus
617 1057 800 1137 telis,
828 1076 1005 1124 saxa
1033 1058 1419 1144 objacentis
1445 1042 1731 1146 pedibus
1759 1061 1999 1145 ingerit
2021 1062 2091 1127 in
2121 1061 2415 1127 subeun-

199 1164 351 1237 tes',
400 1160 839 1246 turbatosque
882 1160 1129 1226 ictibus
1166 1162 1418 1228 crebris
1460 1169 1696 1245 urguet
1730 1183 1820 1229 ex
1867 1163 2208 1249 superiore
2233 1163 2417 1230 loco.

155 1260 162 1266 ’
198 1261 336 1328 Sic
367 1280 581 1348 prope
623 1270 963 1330 oneratum
1008 1272 1115 1329 est
1158 1264 1492 1332 sinistrum
1535 1265 1861 1333 Romanis
1887 1285 2118 1345 cornu,
2145 1266 2215 1331 ni
2243 1265 2417 1332 refe-

199 1366 520 1431 rentibus
537 1364 683 1450 jam
706 1367 982 1450 gradum
1001 1368 1263 1447 consul,
1284 1369 1704 1455 increpando
1724 1370 1924 1436 simul
1950 1368 2416 1449 temeritatem,

205 1468 424 1533 simul
479 1464 865 1552 ignaviam,¹¹
926 1470 1189 1556 pudore
1244 1478 1496 1539 metum
1553 1474 1996 1540 excussisset.
2082 1469 2420 1538 Restitere

204 1572 437 1656 primo
496 1571 850 1637 obstinatis
898 1574 1180 1638 animis:
1248 1572 1510 1655 deinde,
1568 1581 1642 1640 ut
1698 1576 2078 1642 obtinentes
2101 1582 2155 1614 ¹‘
2197 1575 2421 1640 locum

206 1675 397 1741 vires
440 1674 795 1755 ferebant!
835 1676 1077 1742 audent
1124 1675 1305 1744 ultro
1342 1677 1636 1760 ,gradum
1673 1679 1951 1760 inferre3
1992 1682 2082 1756 et,
2126 1676 2421 1744 clamore

209 1784 563 1855 renovato,
593 1787 1015 1844 commovent
1041 1780 1283 1846 aciem.
1368 1780 1548 1846 Tum
1574 1801 1829 1857 rursus,
1870 1779 2130 1866 impetu
2178 1775 2424 1864 capto‚¹

215 1879 577 1959 enituntur,
620 1887 828 1966 atque
879 1890 1285 1967 exsuperant
1332 1882 1756 1971 iniquitatem
1781 1883 1941 1951 loci.
2024 1882 2070 1949 J
2075 1902 2186 1949 am
2210 1903 2424 1969 prope

169 1968 176 1973 ’
218 1987 392 2061 erat,
419 1990 498 2047 ut
525 1982 594 2047 in
625 2001 955 2048 summum
976 1983 1140 2049 clivi
1158 1983 1404 2069 jugum
1423 1985 1802 2060 evaderent,
1821 2004 1975 2051 cum
1993 1992 2180 2068 terga
2197 1984 2424 2052 hostes

218 2083 497 2151 dedere:
540 2083 885 2171 effusoque
913 2104 1115 2151 cursu
1140 2104 1336 2173 paene
1354 2088 1617 2171 agmine
1632 2106 1766 2152 uno
1786 2086 2118 2171 fugientes
2137 2105 2426 2171 sequen·

219 2192 464 2273 tesque
520 2189 761 2255 castris
816 2188 1130 2256 incidere.
1216 2189 1301 2256 In
1350 2210 1435 2256 eo
1491 2208 1745 2275 pavore
1782 2196 2007 2256 castra
2053 2188 2425 2275 capiuntur.

219 2287 375 2370 Qui
402 2288 805 2358 Volscorurn
860 2290 1147 2375 effugere
1204 2299 1582 2378 potuerunt,
1623 2290 1901 2358 Antium
1943 2297 2193 2411 petunt.
2278 2290 2425 2359 An-

220 2394 393 2459 tium
429 2399 496 2459 et
532 2393 886 2461 Romanus
916 2394 1261 2462 exercitus
1300 2395 1587 2461 ductus:
1631 2414 1890 2482 paucos
1917 2394 2428 2461 circumsessum

222 2494 375 2564 dies
404 2488 735 2577 deditur,¹¹¹
781 2498 975 2573 nulla
1000 2499 1527 2584 oppugnantium
1551 2517 1734 2564 nova
1761 2498 1882 2581 νίς
1925 2497 2044 2565 sed
2072 2496 2311 2584 quod
2278 2516 2427 2583 Jam

223 2599 387 2666 inde
407 2602 496 2667 ab
525 2600 775 2695 infelici
797 2621 1027 2688 pugna
1049 2600 1426 2686 castrisque
1458 2602 1730 2668 amissis
1750 2600 2130 2669 ceciderant
2156 2600 2387 2669 animi.

295 2765 324 2802 ⁴
355 2766 2236 2835 Quam-mmmmmdommtmmntom.

304 3016 362 3063 ll
395 3012 882 3078 Equitum
898 3013 1036 3065 daei·
1066 3013 1389 3075 vociferentur
1418 3014 1654 3067 Gronov.
1686 3012 1907 3080 Doujat.
1932 3010 2341 3065 (Σπινῆτι-12·
2362 3011 2435 3063 m

234 3079 293 3129 ia
310 3078 568 3130 obtinentes
586 3078 723 3134 Edd.
746 3089 868 3142 post
890 3079 1069 3144 Sigon.
1100 3081 1347 3132 Nostram
1407 3085 1465 3131 at
1490 3078 1780 3144 amineam]
1812 3078 2062 3131 exhibent
2080 3078 2212 3130 Μαι.
2231 3084 2434 3129 tantum

236 3158 342 3194 non
378 3159 571 3207 omnes,
592 3150 649 3195 et
672 3143 810 3197 Edd.
829 3159 1007 3196 omnes
1026 3152 1149 3197 ante
1168 3145 1349 3212 Sigon.
1458 3152 1628 3199 terum
1647 3146 1704 3199 in
1730 3147 1839 3199 Ms
1873 3144 2052 3198 Veitb.
2072 3150 2238 3202 extat,
2265 3144 2440 3195 dei-ds

234 3208 496 3260 obtinentes
511 3180 699 3261 102⁸*st
729 3210 928 3262 Stroth.

304 3402 333 3440 ¹
364 3402 1299 3472 mmmm]
1375 3420 1721 3474 commovere,
1744 3406 1884 3470 faire
1909 3422 1979 3457 m
1997 3405 2144 3472 effert
2166 3404 2438 3455 extraordi-

240 3481 378 3533 I-Iaec
409 3480 532 3546 duo,
548 3482 689 3533 inter
710 3495 769 3533 se
789 3482 1074 3545 contraria,
1096 3497 1200 3534 non
1221 3484 1295 3533 vi·
1375 3484 1545 3535 asin:
1575 3482 1718 3534 alind
1738 3484 2019 3548 ‘impetum
2035 3481 2089 3530 in
2113 3480 2339 3544 aliquem
2359 3478 2439 3528 fa·

244 3557 434 3610 dentur
453 3559 506 3611 iu
523 3560 735 3612 eosdem
755 3559 946 3611 eadere
968 3573 1141 3626 posse.
1192 3559 1299 3611 Sed
1377 3573 1520 3624 cere,
1521 3558 1536 3582 ’
1568 3558 1621 3610 id
1649 3564 1752 3616 est,
1782 3556 2196 3622 impressionem,
2226 3552 2329 3603 rim
2359 3553 2438 3603 in·

245 3638 488 3691 Quintius
508 3639 688 3689 consul
707 3637 815 3689 dno
834 3636 1153 3689 diversorum
1167 3643 1301 3688 tem·-
1376 3633 1554 3686 ferre.
1592 3632 1687 3685 sed
1713 3633 1828 3687 linc
1857 3632 1964 3685 duo
1992 3632 2297 3744 plerumque
2316 3643 2442 3681 con·
2448 3665 2449 3668 η

244 3728 424 3779 porum
456 3721 677 3779 peccata
703 3713 889 3765 eodem
912 3720 1148 3779 tempore
1169 3712 1301 3766 mili·
1380 3716 1614 3763 currunt.

248 3790 385 3842 tibus
404 3789 685 3854 exprobrat
703 3805 720 3841 ι
752 3789 994 3854 alterum,
1008 3788 1146 3856 quod
1167 3803 1303 3855 pro-
1445 3795 1484 3823 ¹¹
1514 3787 1707 3840 Paucos
1725 3785 2078 3837 &aarum
2104 3741 2209 3834 diss
2227 3780 2445 3847 deditur]

245 3866 371 3917 lium
387 3866 561 3931 iniquo
580 3865 699 3917 loco
721 3871 920 3918 temere
931 3866 1305 3933 suscepissent,
1380 3862 1537 3929 AEqui
1559 3861 1862 3915 auxiliares
1848 3876 1902 3912 ιιι
1918 3858 2164 3926 prasidio
2180 3858 2315 3924 apud
2332 3856 2443 3909 An·

252 3948 457 3993 extorta
477 3942 671 4008 potius,
693 3956 845 4009 quam
867 3944 1151 4010 impetrata
1174 3958 1303 4009 png·
1384 3941 1514 3993 tium
1536 3940 1606 3992 de
1628 3936 1754 4006 fuga
1775 3937 2021 4006 primum,
2037 3936 2268 3986 Romano
2288 3947 2440 3986 exer·

252 4019 402 4071 nandi
441 4019 624 4087 copia3
671 4021 910 4084 alterum,
940 4020 1080 4087 quod
1114 4028 1302 4087 sponte
1384 4018 1496 4071 citu
1515 4017 1847 4080 adveniente,
1865 4012 2054 4064 deinde
2076 4026 2202 4063 vero
2221 4010 2291 4062 de
2310 4011 2442 4063 urbe

255 4103 492 4160 suscepto
530 4096 734 4161 proelio,
766 4110 907 4147 nunc
943 4099 1168 4163 segnius,
1201 4112 1301 4151 nec
1383 4096 1658 4155 tradenda,
1708 4092 1978 4146 consilinm
2033 4090 2294 4142 inierant:
2347 4089 2447 4141 boc

253 4186 349 4238 pro
367 4179 629 4224 ostentata
648 4171 870 4237 ferocia,
890 4188 947 4223 se
968 4181 1226 4238 gererent.
1384 4173 1597 4239 cognito
1605 4170 1848 4223 Antiates
1866 4167 2302 4237 presidiariorum
2320 4180 2444 4218 con-

315 4247 331 4283 ¹
362 4248 546 4315 Impetu
566 4248 729 4314 capto]
759 4250 777 4278 ‘
796 4249 1059 4315 Impetum
1079 4251 1307 4317 capere’
1385 4265 1540 4325 sensu
1570 4264 1628 4301 se
1650 4248 1869 4304 Quintio
1899 4245 2236 4310 dediderunt,
2267 4243 2445 4311 prosi-

256 4332 354 4391 est,
394 4341 510 4379 sese
542 4327 796 4394 excitare,
841 4342 905 4380 ae
952 4328 1308 4382 vehementius
1387 4329 1633 4399 diumque
1658 4329 1946 4381 Romanum
1967 4328 2300 4391 acceperuut.
