3034 4925
1021 390 1164 440 mn.
1212 389 1291 441 n.
1338 388 1501 441 cAP.
1545 375 1655 445 36.
2305 379 2437 451 443

228 538 529 623 tilesque
547 535 695 622 jam
711 539 852 601 tum
879 537 1159 622 spiritus
1182 545 1433 621 gerens.
1476 536 1872 606 Venientem
1890 539 2134 609 Volsci
2154 543 2436 628 benigne

230 661 616 728 excepere3
660 642 1140 727 benigniusque
1168 643 1235 707 in
1265 642 1410 708 dies
1433 643 1773 722 colebant,
1816 664 1953 729 quo
1989 645 2334 731 majorrira
2363 649 2433 713 iu

226 766 409 812 suos
437 748 793 824 eminebat,
827 747 1213 831 crebraeque
1245 766 1422 812 nunc
1464 747 1779 831 querelae,
1825 768 1997 813 nunc
2046 749 2247 830 miuae
2289 770 2436 843 per-

229 850 675 933 cipiebantur.
735 849 1067 933 Hospitio
1095 851 1404 916 utebatur
1432 850 1608 916 Attii
1635 850 1864 916 'runis’
1948 850 2178 935 Longe
2204 851 2267 916 is
2296 862 2440 919 tum

228 953 557 1038 princeps
601 952 845 1020 Volsci
886 953 1177 1018 nominis
1218 958 1381 1024 erat,
1431 952 1901 1038 Romanisque
1939 974 2209 1039 semper
2235 955 2441 1020 infes-

230 1062 380 1120 tus.
441 1056 552 1121 lta
585 1076 735 1122 cum
765 1057 1052 1152 alterum
1077 1063 1268 1122 vetus
1297 1056 1554 1135 odium,
1606 1057 1881 1122 alterum
1920 1056 2024 1122 ira
2050 1077 2287 1122 recens
2319 1057 2439 1123 sti-

233 1159 550 1237 mularet,
594 1159 880 1225 consilia
918 1158 1262 1225 conferunt
1289 1160 1374 1225 de
1405 1158 1717 1225 Romano
1749 1159 1947 1225 bello.
1992 1160 2203 1226 Hand
2240 1160 2441 1226 facile

235 1261 626 1341 credebant,
671 1264 930 1348 plebem
958 1281 1147 1327 suam
1189 1263 1440 1347 impelli
1470 1282 1696 1347 posse,
1735 1271 1816 1329 ut
1864 1265 2060 1330 toties
2091 1265 2441 1331 infeliciter

233 1372 500 1431 tentata
526 1384 712 1431 arma
738 1370 1068 1451 caperent.
1113 1365 1356 1431 Multis
1379 1359 1565 1451 saepe
1597 1367 1810 1447 bellis,
1842 1368 2229 1454 pestilentia
2255 1373 2441 1451 post-

230 1483 434 1537 remo
462 1470 711 1534 amissa
738 1467 1120 1553 juveutute,
1168 1467 1414 1534 fractos
1443 1470 1728 1553 spiritus
1775 1479 2017 1536 esse:¹‘
2062 1477 2202 1536 arte
2244 1490 2443 1555 agen-

237 1571 412 1637 dum
440 1572 508 1635 in
549 1570 818 1636 exoleto
847 1572 993 1656 jam
1040 1578 1372 1637 vetustate
1421 1571 1606 1653 odio,
1653 1578 1727 1638 ut
1775 1572 2024 1639 recenti
2068 1572 2298 1662 aliqua
2339 1574 2445 1640 ira

230 1675 807 1741 exacerbarentur
845 1675 1072 1740 animi.

330 1778 445 1844 36.
491 1777 665 1845 Ludi
693 1779 857 1847 forte
896 1799 986 1845 ex
1010 1778 1502 1857 instauratione
1533 1780 1758 1863 magni
1775 1788 1801 1827 ‘¹
1845 1778 2084 1846 Romae
2114 1780 2444 1865 paraban-

1241 1963 1459 2016 No'rAE

241 2063 583 2116 accusatione
616 2062 903 2128 perculsus,
940 2063 1053 2113 sive
1086 2076 1196 2128 prre
1230 2066 1313 2113 tu·
1389 2077 1490 2129 que
1549 2069 1784 2116 veterum
1837 2065 2085 2118 librorum
2130 2062 2448 2115 auctoritate

243 2144 422 2192 multu
443 2140 611 2190 miuus
634 2141 859 2204 auditus,
898 2140 1074 2205 paucis
1098 2140 1150 2190 in
1175 2155 1313 2189 com·
1388 2139 1660 2192 confirmat
1683 2157 1699 2204 ;
1734 2140 1970 2207 Dionysii
2004 2140 2254 2205 inprimis,
2281 2140 2337 2189 in
2359 2153 2449 2190 cu-

241 2218 542 2268 militonum
560 2219 808 2267 bonorem
824 2218 1060 2283 prolatis,
1077 2215 1316 2269 obticuit.
1377 2217 1465 2281 jus
1508 2216 1796 2281 exemplari
1829 2216 2018 2268 Graeco
2050 2216 2235 2267 Τύλλος
2257 2213 2451 2265 Ἄττιος

241 2299 432 2350 Quare
455 2296 506 2344 in
543 2311 660 2346 eum
698 2297 1019 2361 propositam
1043 2311 1074 2346 a
1094 2295 1317 2346 tribunis
1392 2290 1585 2358 ubique
1605 2294 1818 2357 legitur.
1869 2293 2063 2343 Eodem
2084 2294 2325 2359 exemplo
2349 2293 2454 2343 Pa·

186 2365 201 2374 ”
242 2374 496 2440 perpetui
519 2373 885 2439 exiiiipoenam
918 2371 1193 2423 duodecim
1225 2372 1318 2421 tri·
1392 2371 1623 2421 tercnius
1655 2370 1889 2435 inprimis
1926 2371 2187 2420 nominum
2225 2376 2283 2419 et
2321 2382 2455 2432 prn-

242 2453 355 2504 bus
377 2450 798 2517 pronuntiarunt,
834 2465 950 2501 eum
985 2464 1171 2501 novem
1199 2464 1316 2499 enm
1392 2447 1676 2504 nominum,
1699 2447 1808 2496 sive
1832 2445 2208 2512 cognominum,
2236 2443 2455 2495 invertit

245 2529 605 2580 absolverent.
671 2525 848 2591 Atque
867 2525 968 2577 hoc
989 2526 1206 2591 primum
1220 2523 1321 2575 fuit
1394 2522 1661 2574 ordinemz
1694 2520 1856 2572 habet
1893 2523 2029 2571 enim
2050 2521 2301 2571 Catonem
2325 2519 2455 2569 Por·

247 2605 440 2671 populi
481 2604 550 2654 de
603 2603 829 2668 patricio
875 2603 985 2653 viro
1019 2602 1318 2667 judicium:

247 2682 397 2733 unde
430 2680 749 2731 tribunorum
786 2678 1209 2745 plebeiorumque
1230 2679 1320 2726 ho·

247 2760 450 2810 minum
475 2758 713 2824 potentia
736 2757 1011 2808 maximum
1033 2757 1318 2808 incremen-

250 2845 372 2891 tum
395 2837 559 2900 cepit.

1395 2600 1553 2657 cium,
1602 2599 1834 2649 Drusum
1893 2596 2184 2661 Claudium,
2254 2596 2456 2646 Varum

1396 2675 1726 2738 Quintilium,
1794 2674 2036 2725 Flaccum
2097 2671 2458 2737 Pomponium.

1401 2751 1471 2803 At
1503 2753 1641 2802 bunc
1667 2751 1870 2803 Attium
1907 2748 2219 2802 Plutarchus
2249 2748 2458 2799 Tullum

1398 2829 1662 2880 Aufidium
1684 2834 1859 2879 vocat.

322 2921 355 2946 ὓ
373 2913 636 2963 Exulaeum
671 2911 819 2978 abiit]
864 2911 997 2962 Post
1034 2911 1321 2962 damnatio·

250 3003 402 3054 nem,
415 2988 734 3045 Coriolanus,
751 3001 849 3038 uec
864 2988 1143 3038 amicorum
1164 2987 1343 3053 gemb·

253 3067 428 3127 tibus,
449 3080 547 3115 uec
583 3064 881 3130 planctibus
917 3064 1092 3116 uxoris
1118 3063 1327 3114 matris·

148 3139 152 3143 ⁴
251 3158 346 3206 ve,
376 3141 561 3206 flexus,
596 3143 711 3192 vale
742 3142 980 3207 utrisque
1015 3141 1177 3204 dicto,
1200 3141 1327 3192 duo-

251 3223 360 3272 bus
383 3220 617 3271 tribusve
632 3212 923 3282 comitibus,
948 3221 1001 3269 in
1023 3218 1328 3269 suburbanis

253 3300 391 3351 locis
426 3314 618 3364 paucos
651 3298 765 3349 dies
795 3302 1156 3360 commoratus,
1179 3296 1330 3347 Anti·

259 3391 354 3426 um
390 3373 656 3440 profectus
682 3381 781 3435 est,
814 3380 968 3439 atque
1003 3373 1069 3422 ad
1104 3374 1331 3435 Tullum,

257 3466 370 3502 non
393 3453 558 3501 solum
599 3451 830 3500 Romano
872 3449 1080 3506 nomini,
1115 3447 1207 3499 sed
1231 3440 1331 3512 ipsi

252 3528 517 3595 privatim
541 3529 817 3581 Coriolano
839 3540 906 3577 ex
937 3526 1137 3577 bellicis
1159 3533 1333 3576 certa-

259 3606 490 3656 minibus
506 3603 775 3668 infestum,
798 3601 1062 3668 confugit3
1098 3603 1333 3652 innatam

259 3683 522 3734 ferociam
544 3683 835 3746 mitigante,
857 3681 1145 3746 mortisque
1172 3679 1334 3744 ipsius

263 3761 557 3827 periculum
582 3766 862 3825 superante
887 3758 1024 3820 odio,
1048 3772 1110 3809 ac
1132 3755 1332 3808 vindic-

262 3846 336 3891 tae
360 3837 660 3888 dulcedine.
726 3837 920 3887 Eorum
955 3835 1176 3900 primum
1210 3847 1333 3884 con·

265 3931 509 3983 gressum
551 3913 857 3966 describunt
896 3913 1040 3965 Plut.
1082 3919 1140 3964 et
1188 3910 1336 3962 Hali·

267 4007 419 4044 earn.

334 4079 361 4105 ⁰
393 4068 531 4120 Ateii
574 4067 727 4133 Tulli]
775 4065 1012 4132 Sigonius
1061 4069 1230 4129 putat,
1279 4070 1340 4115 ut

266 4146 482 4203 Tullum
526 4145 829 4207 Hostilium,
884 4143 959 4194 sic
1000 4142 1204 4192 Tullum
1241 4140 1340 4193 At·

272 4225 406 4274 tium
439 4222 671 4273 dictum:
707 4222 785 4272 ita
820 4227 882 4271 ut
920 4220 1098 4270 Tullus
1141 4234 1340 4284 praeno·

249 4314 419 4378 'mem
444 4298 618 4353 Attius
643 4298 810 4363 gentis
834 4311 1021 4348 nomen
1041 4293 1233 4348 fuerit:
1264 4295 1340 4347 id·

1465 2912 1492 2948 Ρ
1526 2906 1727 2956 Fra-tes
1739 2903 1937 2969 spiritus
1950 2904 2073 2968 esse]
2110 2902 2231 2953 Non
2256 2907 2459 2953 tantum

1402 2982 1638 3035 cladibus
1661 2982 1832 3032 attriti
1853 2980 2033 3031 Volsci
2067 2980 2267 3031 animos
2300 2977 2461 3029 demi·

1403 3066 1600 3125 serant,
1634 3058 1728 3109 sed
1756 3073 1936 3110 eorum
1974 3072 2078 3108 non
2102 3057 2277 3123 pauci,
2298 3054 2463 3107 maxi-

1401 3152 1487 3189 me
1510 3152 1634 3188 vero
1656 3136 1961 3187 Coriolanus
1996 3135 2132 3200 ipse,
2155 3149 2187 3185 a
2210 3131 2464 3183 violandis

1402 3214 1623 3265 induciis
1646 3214 1702 3263 in
1721 3213 1986 3264 biennium
2009 3212 2179 3278 pactis
2220 3207 2465 3262 abborre-

1404 3291 1551 3341 bant.
1636 3289 1790 3342 Unde
1834 3287 2120 3355 quaerend’a
2161 3286 2265 3338 fuit
2301 3287 2469 3351 justa,

1405 3369 1490 3419 vel
1514 3374 1663 3418 certe
1688 3367 1969 3431 probabilis
1991 3366 2117 3417 belli
2139 3380 2314 3416 causa.

1471 3452 1498 3488 ¹1
1520 3444 1650 3495 Ludi
1670 3443 1807 3504 ,tin-u
1828 3458 1897 3494 ex
1910 3442 2257 3493 mauruli-me
2277 3438 2466 3502 magui]

1406 3522 1539 3572 Ludi
1565 3521 1856 3583 Circenses,
1889 3517 2062 3582 magni
2096 3517 2206 3568 sive
2229 3514 2470 3575 Romani,

1409 3598 1476 3649 de
1515 3596 1702 3664 quibus
1746 3595 1837 3646 lib.
1859 3609 1899 3646 1.
1929 3609 1977 3645 c.
2008 3597 2091 3643 86.
2125 3593 2236 3657 jam
2259 3591 2470 3657 quidem

1411 3675 1517 3726 acti
1560 3677 1730 3729 erant,
1768 3671 1862 3721 sed
1894 3685 1998 3722 non
2039 3670 2140 3720 rite
2177 3667 2468 3719 celebrati:

1411 3765 1572 3817 quare
1594 3747 1916 3800 instaurandi
1942 3752 2111 3798 eraut.
2177 3747 2297 3798 Qua
2327 3744 2381 3794 in
2416 3757 2473 3795 re

1413 3829 1546 3881 adeo
1567 3826 1795 3892 religiosi
1813 3824 1960 3875 fuere
1983 3823 2142 3888 prisci
2163 3820 2475 3880 Romani,ut

1412 3904 1608 3971 siquid
1643 3903 1698 3953 in
1732 3902 1893 3953 sacris
1915 3914 2122 3967 quoquo
2158 3898 2311 3950 modo
2353 3911 2474 3962 pec·

1415 3988 1589 4032 catum
1612 3968 1937 4044 argueretur,
1958 3991 2022 4027 ea
2044 3976 2215 4027 denuo
2244 3975 2475 4026 celebra-

1417 4057 1463 4108 ri
1498 4062 1799 4123 oporteret:
1836 4053 1969 4104 adeo
1996 4059 2056 4104 ut
2087 4052 2368 4119 aliquando
2392 4066 2478 4101 ea·

1418 4134 1538 4185 dem
1562 4148 1709 4184 sacra
1739 4131 1914 4183 tricies
1940 4130 2093 4181 variis
2115 4130 2182 4181 de
2207 4129 2372 4180 causis
2395 4141 2477 4177 re-

1419 4213 1595 4279 petita
1611 4216 1965 4263 memorentur
1981 4208 2118 4275 apud
2142 4208 2287 4259 Plut.
2311 4208 2364 4258 iu
2380 4205 2477 4255 Co-

1419 4290 1533 4342 rici·
