3034 4925
1236 388 1503 439 Momm
1519 389 1739 440 ems.
2444 376 2531 442 69

344 542 567 602 Urbem
613 560 686 601 ex
850 575 875 589 ·
1040 577 1067 589 -
1231 578 1258 590 -
1420 571 1450 589 ·
1638 543 1756 604 evit

342 657 483 717 pars
645 671 672 683 -
834 672 858 684 -
1023 672 1048 684 -
1212 673 1237 685 -
1399 674 1425 686 -
1583 675 1610 687 -
1772 672 1798 685 -
1942 648 2005 699 et
2024 639 2153 721 prin

344 751 384 793 a
412 734 555 794 mihi
747 769 772 781 -
934 769 959 781 -
1121 771 1146 782 -
1310 771 1334 783 -
1498 755 1646 797 onos
1807 769 1833 783 -
1993 756 2075 797 roe
2235 769 2260 781 -
2388 746 2534 816 post

343 850 441 891 res
471 834 539 892 in
571 833 870 911 Hispania
919 833 1230 914 Galliaque
1265 833 1597 913 provinciis
1645 852 1916 913 prospere
1960 844 2155 913 gestas
2317 866 2344 878 -
2504 866 2532 878 -
2587 904 2593 910 ⁴

342 947 463 1008 nep
518 948 601 1008 qu
955 947 1116 990 aram
1278 964 1305 976 -
1470 951 1592 1011 pro
1631 930 1822 991 reditu
1873 950 2006 990 meo
2053 924 2440 1006 consecrari?
2462 938 2534 991 ut

346 1024 426 1083 ad
455 1043 586 1085 eam
612 1046 843 1088 sacrum
862 1027 1406 1106 μετανίσσεται
1439 1026 1824 1106 magistratus
1853 1037 1914 1088 et
1935 1026 2267 1089 sacerdotes

348 1152 378 1166 -
539 1155 567 1168 -
728 1157 753 1169 -
916 1156 939 1169 -
1102 1156 1130 1170 -
1290 1155 1319 1171 -
1479 1123 1599 1183 ium
1761 1155 1787 1169 -
1949 1142 1983 1182 c
2020 1157 2046 1170 -
2090 1155 2115 1169 -
2156 1144 2198 1204 p

350 1249 378 1262 -
537 1237 775 1280 cussum
802 1239 896 1280 ess
1059 1253 1084 1265 -
1249 1254 1274 1266 -
1438 1253 1463 1265 -
1626 1252 1651 1264 ·
1812 1251 1841 1266 ·
1995 1239 2108 1300 per
2137 1230 2327 1281 totum
2355 1215 2533 1298 impe·

348 1318 506 1375 finam
533 1317 737 1395 populi
763 1316 1019 1377 Romani
1038 1325 1227 1396 parta
1253 1324 1339 1377 est
1381 1324 1542 1376 terra
1565 1317 1825 1396 marique
1862 1335 2021 1395 pam
2064 1335 2309 1398 cumque
2334 1339 2372 1379 a
2397 1325 2535 1378 con-

352 1412 484 1473 dira
519 1414 671 1475 Urbe
696 1414 913 1474 Janum
947 1415 1257 1484 Quirinum
1283 1413 1377 1473 bis
1423 1414 1666 1473 omnino
1700 1413 1968 1472 clausum
1997 1414 2205 1493 fuisse
2232 1414 2534 1493 prodatur,

352 1527 487 1568 eum
520 1510 770 1571 Senatus
796 1530 898 1592 per
924 1531 1017 1572 me
1037 1512 1370 1592 Principem
1400 1519 1494 1572 ter
1513 1508 1910 1571 claudendum
1933 1529 2063 1570 esse
2090 1508 2381 1572 decreuit.¹

439 1606 613 1667 Inter
625 1608 804 1688 filios
845 1626 1033 1682 meos,
1062 1627 1213 1689 quos
1243 1609 1490 1671 sinistra
1517 1628 1648 1669 sors
1673 1607 1815 1667 mibi
1843 1606 2079 1687 eripuit,
2106 1626 2307 1669 eorum
2328 1606 2537 1668 Caium

351 1711 413 1763 et
440 1701 683 1765 Lucium
705 1704 1041 1768 Caesares.-

1104 1928 1326 1990 Tabula
1355 1929 1535 1989 tertia
1561 1948 1599 1987 a
1626 1926 1792 1988 laeva.

439 2070 698 2133 Honoris
725 2058 839 2134 mei
889 2093 1074 2136 causa
1095 2085 1334 2136 senatus
1367 2073 1743 2155 populusque
1772 2073 2076 2136 Romanus
2133 2092 2350 2135 anuum
2373 2071 2545 2152 quiu-

356 2176 478 2227 tum
508 2179 571 2231 et
599 2171 891 2231 decimum
919 2173 1152 2252 agentis
1179 2173 1458 2234 consules
1486 2172 1838 2252 designavit,
1862 2182 1930 2233 ut
1965 2190 2100 2232 eum
2136 2171 2544 2251 magistratum

358 2266 577 2336 inirent
593 2278 730 2346 post
755 2269 1241 2348 quinquennium,
1272 2279 1332 2330 et
1353 2290 1428 2329 ex
1452 2288 1525 2354 eo
1557 2268 1676 2342 die,
1704 2288 1823 2348 quo
1840 2267 2081 2329 deducti
2106 2279 2244 2328 sunt
2268 2268 2326 2327 in
2353 2266 2545 2325 sorum

361 2372 431 2423 ut
454 2363 810 2424 interessent
834 2366 1087 2427 consilis
1114 2367 1383 2447 publicis,
1418 2366 1679 2427 decrevit
1706 2367 1983 2428 SeuetnS.
2078 2349 2318 2445 Equites
2351 2374 2547 2424 autem

361 2457 618 2523 Romani
649 2462 901 2524 universi
931 2462 1261 2544 Principem
1299 2464 1629 2544 juventutis
1670 2471 1972 2542 utrumque
1995 2482 2209 2536 eorum,
2250 2460 2465 2541 parmis
2492 2467 2551 2520 et

360 2555 554 2619 hastis
585 2560 878 2638 argenteis
908 2559 1216 2635 donatum,
1243 2561 1738 2642 appellaverunt.¹¹

441 2651 649 2716 Plebei
694 2657 980 2718 Romanae
1018 2658 1229 2749 viritim
1280 2658 1390 2720 SS.
1437 2670 1709 2719 trecenos
1754 2654 2056 2716 numeravi
2098 2674 2173 2716 ex
2193 2658 2548 2715 testamento

362 2750 550 2831 patris
580 2753 740 2827 mei,⁰
775 2763 837 2815 et
863 2755 1099 2815 nomine
1126 2775 1260 2816 meo
1307 2755 1749 2835 quadringenos
1789 2773 1863 2814 ex
1905 2752 2192 2813 bellorum
2240 2748 2554 2810 manibiisr

372 2847 602 2909 Consul
619 2850 890 2929 quintum
921 2850 1081 2927 dedi,
1124 2853 1334 2913 iterum
1365 2862 1561 2913 nutem
1591 2849 1649 2909 iu
1676 2849 1990 2911 consulatu
2019 2848 2248 2910 decimo
2275 2867 2349 2908 ex
2374 2844 2551 2928 patri-

428 3044 452 3079 *
485 3045 591 3097 Pro
625 3061 691 3097 eo
722 3047 804 3099 bis
836 3048 1057 3100 honores
1082 3049 1287 3102 decreti
1317 3051 1422 3102 Au·
1505 3050 1633 3100 NN.
1658 3055 1698 3099 t.
1723 3062 1802 3099 vr.
1826 3063 1878 3113 p.
1903 3052 1986 3098 84.
2008 3054 2061 3097 et
2084 3051 2163 3098 89.
2184 3059 2444 3096 monuere.

365 3129 542 3187 gusto,
564 3138 611 3173 s.
635 3127 750 3176 728.
775 3133 828 3174 et
850 3129 965 3177 738.
1036 3127 1232 3177 Nostra
1266 3129 1425 3179 verba
1568 3130 1605 3157 ⁸
1639 3124 1774 3175 Haec
1810 3124 1965 3174 verbs
2000 3136 2103 3174 non
2143 3119 2461 3186 sejungends
2484 3118 2559 3168 vi-

365 3205 613 3264 spectnnt
645 3202 709 3250 ad
745 3216 792 3251 s.
813 3205 930 3252 788.
961 3217 1061 3267 quo
1084 3212 1294 3254 senatus
1322 3204 1425 3255 Au·
1504 3200 1695 3250 dentur
1731 3216 1762 3252 s
1800 3215 1944 3265 seqq.
1987 3198 2072 3250 ef.
2111 3199 2177 3249 nd
2216 3213 2282 3248 es
2317 3204 2373 3246 et
2415 3208 2560 3260 seqq.

320 3301 329 3308 ·
367 3284 520 3338 gusto
544 3276 785 3326 redeunti
821 3292 955 3327 urum
979 3279 1031 3328 in
1062 3281 1208 3330 curis
1231 3295 1426 3345 ponen-
1507 3279 1654 3328 Suet.
1692 3278 1825 3341 Aug.
1864 3281 1947 3327 26.
1990 3280 2071 3325 64.
2122 3275 2174 3323 in
2218 3273 2336 3324 Tib.
2368 3276 2452 3322 23.
2490 3270 2559 3322 sd

365 3349 488 3400 dam
509 3352 762 3401 decrevit.
814 3353 880 3405 V.
904 3354 1005 3403 Dio
1028 3361 1238 3405 ιιν.25.
1505 3355 1637 3404 Tac.
1680 3353 1816 3404 Anu.
1857 3368 1895 3403 1.
1933 3358 1983 3404 8.
2023 3358 2101 3402 15.
2135 3355 2217 3401 17.
2286 3350 2461 3401 Notis.
2493 3347 2560 3397 ad

431 3426 447 3461 ¹
480 3428 678 3479 Recte:
706 3443 822 3479 nam
844 3430 1007 3482 Jauus
1033 3432 1110 3481 bis
1135 3439 1338 3482 tantum
1361 3433 1428 3483 ab
1508 3432 1695 3481 Cenot.
1739 3431 1849 3482 Pis.
1892 3430 2015 3479 Sen.
2049 3428 2257 3479 Consol.
2293 3426 2360 3476 sd
2393 3426 2565 3476 Mare.

367 3504 608 3570 Augusto
649 3509 849 3558 clausus
891 3516 991 3573 est,
1026 3525 1074 3559 a.
1115 3511 1186 3561 U.
1219 3515 1336 3561 723.
1373 3517 1431 3562 et
1510 3512 1591 3559 14.
1616 3512 1698 3558 1⁵.

367 3586 484 3634 727.
549 3584 759 3634 Deinde
804 3599 851 3635 ι.
897 3589 1014 3636 742.
1058 3600 1178 3636 eum
1223 3583 1430 3651 quidem
1573 3591 1600 3617 ⁸
1632 3582 1717 3634 Cf.
1752 3583 1861 3635 Dio
1896 3596 1983 3632 nv.
2015 3584 2094 3630 12.
2125 3578 2238 3644 (qui
2259 3592 2429 3627 aureas
2450 3590 2568 3639 par·

370 3661 588 3710 tertium
627 3660 970 3711 claudendum
1011 3662 1249 3714 decrevit
1284 3679 1432 3714 sena·
1509 3676 1616 3712 mas
1640 3662 1914 3726 hastasque
1941 3659 2155 3708 donatus
2187 3653 2337 3719 dicit)
2368 3653 2569 3704 Eekhel

370 3744 476 3799 tus,
511 3736 603 3787 sed
638 3751 748 3786 rem
779 3738 977 3788 irritam
1012 3737 1144 3790 feeit
1175 3741 1432 3791 Dacorum
1515 3740 1610 3790 Ι.1.
1632 3754 1685 3805 p.
1709 3743 1820 3789 171.
1852 3744 1908 3788 et
1938 3751 2032 3786 nos
2063 3735 2127 3784 sd
2151 3736 2275 3784 Tac.
2298 3731 2435 3782 Anu.
2459 3745 2496 3782 ι.
2519 3735 2568 3781 8.

366 3814 835 3879 Delmatarumque
852 3816 1086 3866 rebellio.
1149 3816 1214 3867 V.
1234 3817 1341 3868 Dio
1363 3831 1435 3867 ιι.
1517 3820 1598 3868 14.

372 3894 707 3941 20.ι.ιιι.26.
731 3905 846 3942 mv.
884 3897 966 3943 36.
1034 3894 1228 3944 Errant
1259 3894 1437 3959 itaque
1580 3902 1606 3929 ⁰
1638 3892 1718 3944 Cf.
1757 3894 1904 3943 Suet.
1950 3891 2089 3940 Caes.
2134 3892 2215 3938 88.
2260 3893 2398 3938 extr.
2461 3887 2570 3938 Dio

371 3969 606 4020 Messon.
649 3968 701 4017 in
759 3970 953 4033 templo
996 3971 1122 4022 sani
1175 3985 1336 4022 reser.
1378 3979 1437 4022 et
1517 3968 2256 4022 xnrv.85.x1.V.6.xt.v1.48.

376 4044 531 4096 Oros.
561 4059 640 4095 vr.
664 4049 746 4095 22.
784 4045 921 4096 forte
941 4056 994 4097 et
1015 4048 1164 4097 Suet.
1194 4047 1329 4112 Aug.
1352 4053 1436 4100 22.
1581 4055 1608 4090 1·
1641 4047 1706 4098 V.
1741 4054 1850 4097 not.
1881 4061 1952 4095 m.
1990 4052 2045 4094 et
2080 4042 2142 4092 sd
2184 4043 2296 4092 baec
2329 4056 2390 4091 sc
2425 4053 2571 4104 seqq.

373 4121 472 4170 nisi
494 4120 539 4169 is
561 4134 670 4170 rem
686 4118 997 4172 destinatam
1022 4124 1193 4187 posuit
1211 4137 1305 4188 pro
1327 4121 1434 4174 fac·
1515 4122 1622 4174 Dio
1659 4136 1734 4175 ιι.
1768 4126 1854 4175 21.
1892 4134 2012 4173 un.
2038 4124 2092 4173 2.
2120 4123 2202 4170 28.
2258 4119 2402 4169 Suet.
2434 4115 2586 4181 Auge

376 4202 461 4259 τις
496 4196 635 4262 quod
677 4197 749 4247 ibi
787 4197 1079 4249 Cehwolf.
1109 4206 1163 4249 et
1180 4200 1291 4263 jam
1314 4206 1437 4250 unte
1514 4201 1687 4249 4⁰42.

377 4288 494 4327 eum
519 4274 769 4327 Chishull.
795 4275 832 4326 1.
850 4276 887 4327 1.
909 4280 965 4326 et
985 4275 1181 4328 Eekbel
1196 4276 1250 4326 in
1267 4274 1436 4328 doctr.
