3034 4925
1501 338 1570 387 Τ.
1620 336 1808 388 mvn
1886 306 1892 311 ⁴

553 327 692 405 '⁶⁵⁰

566 492 752 570 te'gro
787 487 855 552 in
904 484 1186 569 antiqua
1226 482 1437 566 redigi
1481 481 1683 548 mala.
1734 478 2013 565 'Neque
2048 479 2220 545 illud
2269 498 2343 545 se
2373 479 2777 565 deprecari}

566 610 702 675 quo
745 589 963 653 minus
1008 593 1260 672 pergat,
1292 594 1371 650 ut
1414 586 1719 670 coeperit.
1807 583 2003 662 Vos‚'
2047 584 2269 669 inquit
2311 584 2597 662 Fabius,
2626 589 2782 647 ‘ce-

555 694 683 758 teri
726 692 994 771 tribuni,
1024 710 1314 768 oramuS,
1347 696 1420 754 ut
1457 689 1738 774 primum
1788 686 2082 751 omnium
2112 686 2443 769 cogitetis,
2474 693 2780 769 potesta-

559 804 699 861 tem
739 797 945 860 istam
991 795 1076 858 ad
1109 794 1520 879 singulorum
1551 791 1905 867 auxilium,
1929 810 2063 853 non
2091 789 2178 853 ad
2208 788 2590 872 perniciem
2638 790 2782 853 uni-

556 918 916 980 versorum,
963 903 1415 982 comparatam
1462 914 1650 976 esse3
1694 894 2002 960 tribunos
2044 894 2264 977 plebis
2309 911 2434 957 vos
2483 899 2780 972 creatos,

563 1021 699 1065 non
743 1002 967 1066 hostes
1018 999 1356 1065 Patribus.
1448 999 1676 1066 Nobis
1728 998 2070 1076 miserum,
2113 997 2527 1062 invidiosum
2583 997 2782 1060 vobis

563 1109 691 1180 est,
720 1101 1050 1167 desertam
1091 1121 1228 1165 rem
1256 1101 1598 1186 publicam
1629 1100 1877 1165 invadi.
1966 1099 2126 1164 Non
2145 1100 2264 1183 jus
2298 1104 2636 1177 vestrum,
2670 1097 2781 1162 sed

563 1204 908 1283 invidiam,
939 1205 1325 1270 minueritis.
1412 1205 1615 1288 Agite
1660 1223 1813 1269 oum
1859 1203 2135 1286 collega,
2166 1209 2246 1267 ut
2269 1222 2411 1268 rem
2447 1204 2780 1283 integram

565 1309 636 1371 in
705 1309 1066 1373 adventum
1132 1307 1480 1373 consulum
1547 1307 1825 1372 differat.
1936 1306 2047 1372 Ne
2095 1307 2303 1390 AEqui
2364 1304 2652 1389 quidem
2707 1323 2781 1368 ac

567 1408 828 1487 Volsci,
878 1412 1109 1475 morbo
1159 1411 1489 1476 absumtis
1541 1410 1766 1495 priore
1812 1430 1991 1476 anno
2050 1409 2463 1486 consulibus,
2520 1407 2782 1473 crudeli

553 1515 994 1597 'superboque
1039 1515 1234 1579 nobis
1283 1515 1464 1580 bello
1514 1512 1861 1580 institere?
1946 1514 2173 1598 Agunt
2216 1533 2368 1577 cum
2408 1510 2783 1576 Terentino

567 1618 848 1682 tribuni:
909 1617 1252 1699 dilataque
1303 1617 1369 1681 iu
1432 1618 1731 1702 speciem
1789 1618 2074 1697 actione,
2122 1635 2196 1681 re
2247 1617 2402 1700 ipsa
2456 1614 2785 1692 sublata,⁸

563 1720 882 1783 consules
907 1720 1255 1803 extemplo
1285 1722 1619 1785 arcessiti.

551 1874 558 1883 .
655 1820 761 1886 10.
806 1820 1165 1886 Lucretius
1210 1843 1361 1888 cum
1407 1826 1654 1908 ingenti
1705 1823 1961 1909 praeda,
2006 1822 2257 1906 majore
2299 1821 2518 1885 multo
2561 1821 2786 1903 gloria

568 1921 790 1989 rediit.
906 1923 995 1988 Et
1046 1933 1247 2008 auget
1305 1928 1580 2008 gloriam
1642 1927 2026 2004 advenienS,
2086 1925 2406 2009 exposita
2463 1927 2661 1989 omni
2722 1928 2783 1990 in

553 2046 813 2111 campo
859 2026 1111 2093 Martio
1156 2030 1411 2113 praeda,
1442 2037 1754 2095 ut‘suum
1798 2030 2087 2114 quisque
2127 2047 2248 2111 per
2274 2026 2573 2093 triduum
2624 2048 2784 2111 cog·

564 2130 778 2194 nitum
831 2130 1211 2196 abduceret.
1321 2131 1624 2216 Reliqua
1676 2129 1968 2209 vendita,
2022 2129 2271 2214 quibus
2324 2128 2583 2193 domini
2649 2149 2783 2194 non

561 2230 875 2295 extitere.
966 2232 1356 2299 Debebatur
1384 2237 1677 2299 omnium
1710 2252 2040 2298 consensu
2072 2230 2328 2297 consuli
2360 2231 2780 2315 triumphus:

569 2333 688 2397 sed
743 2333 950 2398 dilata
994 2354 1101 2399 res
1146 2344 1270 2417 est,
1318 2338 1581 2402 tribuno
1634 2337 1718 2401 de
1763 2337 1913 2419 lege
1954 2343 2212 2419 agente.
2302 2334 2383 2399 Id
2424 2334 2783 2420 antiquius

568 2437 830 2502 consuli
859 2437 1027 2524 fuit!
1112 2437 1158 2504 J
1163 2445 1390 2506 actata
1421 2461 1536 2525 per
1563 2441 1822 2526 aliquot
1850 2440 1998 2506 dies
2028 2445 2229 2505 cum4
2254 2439 2323 2504 in
2353 2442 2605 2503 senatu
2652 2459 2782 2509 res,

566 2547 713 2603 tum
753 2541 837 2604 ad
887 2543 1209 2626 populum
1255 2551 1379 2609 est.
1468 2543 1697 2609 Cessit
1740 2545 1827 2609 ad
1872 2544 2173 2634 ultimum
2221 2541 2562 2625 majestati
2620 2562 2783 2607 con-

569 2640 734 2705 sulis
784 2644 1115 2722 tribunus,
1163 2653 1233 2710 et
1284 2648 1570 2712 destitit.
1659 2648 1831 2713 Tum
1876 2647 2260 2731 imperatori
2306 2643 2782 2729 exercituique

562 2735 778 2807 honos
803 2766 962 2810 suus
992 2747 1308 2814 reddituS.
1383 2749 1855 2834 Triumphavit
1885 2749 1970 2813 de
2002 2735 2282 2813 Volscis
2302 2746 2738 2831 AEquisque3
2760 2756 2783 2782 ⁸

564 2846 1077 2930 triumphantem
1110 2857 1363 2918 secutae
1396 2873 1540 2918 suae
1569 2853 1883 2934 legiones.
1971 2847 2186 2917 Alteri
2213 2848 2480 2915 consuli
2516 2848 2780 2925 datum,

566 2955 644 3013 ut
685 2969 899 3015 ovans
932 2953 1078 3016 sine
1105 2955 1429 3021 militibus
1449 2955 1475 2993 ⁶
1507 2956 1742 3038 urbem
1772 2954 1985 3020 iniret.
2072 2954 2275 3020 Anno
2305 2953 2553 3019 deinde
2602 2955 2784 3021 inse-

629 3113 647 3144 ⁸
681 3114 758 3163 Ea
777 3130 854 3164 res
867 3118 1028 3180 potior·
1051 3122 1230 3170 consult·
1250 3127 1322 3170 est
1343 3122 1459 3171 risa.

1557 3221 1772 3272 NOTAE

567 3320 707 3370 cere,
744 3321 934 3374 eosque
970 3309 1037 3360 ad
1080 3313 1325 3376 populum
1360 3328 1629 3380 accusare,
1711 3315 1950 3380 simplici,
1972 3314 2194 3379 precari,
2218 3319 2275 3365 ut
2296 3316 2397 3365 hoe
2420 3314 2559 3365 loeo.

557 3383 708 3434 lieet.
1773 3402 1793 3426 2
1830 3393 1904 3441 Re
1924 3389 2255 3456 ipoaeublata]
2302 3390 2476 3440 Immo
2500 3393 2780 3456 posteriori

630 3469 657 3494 ¹
693 3462 849 3518 Quam
890 3470 1109 3528 pacatam
1161 3465 1627 3533 reconciliatamque]

566 3536 706 3586 Flor.
746 3553 808 3587 ex
834 3539 1065 3591 Gronmr.
1101 3557 1242 3605 quam
1275 3546 1517 3608 placatam
1550 3560 1626 3594 re·

562 3615 947 3679 conciliatamque
986 3618 1223 3681 patribus,
1263 3620 1399 3685 quod
1441 3622 1625 3671 melius

549 3688 765 3753 judicat
790 3692 1103 3757 Gronovius,
1138 3695 1214 3744 uti
1238 3710 1421 3746 revera
1455 3704 1557 3758 est,
1580 3698 1622 3746 si

563 3767 854 3816 membrum
879 3769 1001 3818 illud
1028 3785 1131 3819 uno
1154 3777 1335 3822 tenore
1358 3774 1615 3836 legamus:

565 3856 742 3896 verum
764 3846 889 3894 nihil
915 3855 1061 3896 vetat
1091 3847 1203 3898 haec
1233 3849 1337 3900 duo
1354 3850 1626 3916 distingui,

566 3922 621 3963 et
644 3919 849 3978 plebem
875 3929 1110 3986 pacatam
1136 3924 1185 3972 iu
1210 3924 1399 3989 seipsa,
1420 3933 1476 3975 et
1493 3941 1624 3990 pace

567 3997 857 4055 composita
881 4000 1269 4051 reconciliatam
1291 4004 1510 4053 senatui.

632 4075 655 4109 5
686 4069 967 4138 Deprecari]
1003 4076 1119 4127 Hoc
1157 4078 1371 4129 verbum
1417 4094 1626 4143 compo-

564 4143 718 4195 situm
733 4148 945 4210 proprie
957 4151 1237 4215 signifieat,
1253 4154 1519 4219 precando
1536 4156 1629 4205 im-

565 4228 806 4285 petrare.
861 4224 964 4275 Sed
986 4227 1263 4292 aliquando
1285 4233 1503 4284 sumitur
1534 4246 1633 4296 pro

1709 3481 1842 3518 auno
1879 3482 1971 3532 per
2002 3467 2291 3532 virginium
2331 3475 2661 3532 ceterosque
2700 3471 2782 3518 tri-

1708 3543 1876 3594 bunos
1897 3553 2126 3593 resumta
2144 3551 2247 3594 est.

1771 3629 1796 3655 ⁸
1827 3621 2159 3685 Mumphavit
2191 3622 2251 3670 de
2275 3620 2466 3670 Volscis
2487 3618 2778 3685 AEquz‘nqnae]

1704 3698 2052 3760 Trumphasse
2086 3696 2383 3747 Lucretium
2422 3710 2497 3745 ex
2529 3697 2780 3746 Senatus·

1705 3775 1946 3824 consulto
1986 3773 2277 3836 Dionysius
2318 3769 2496 3821 refer-t
2539 3781 2780 3822 extr-erno

1705 3850 1798 3900 lib.
1853 3862 1945 3907 ιι,
2021 3848 2072 3899 N
2078 3864 2142 3898 on
2190 3855 2364 3898 tumen
2400 3863 2529 3898 enm
2576 3850 2780 3899 Volscis

1704 3939 1984 3990 pugnasse,
2016 3925 2109 3974 sed
2129 3924 2328 3989 AEquos
2374 3938 2445 3973 ex
2496 3939 2636 3988 agro
2683 3926 2778 3975 Ro·

1705 4017 1878 4058 mano,
1898 4015 2051 4066 quem
2077 3998 2362 4063 depredati
2384 3998 2628 4063 fluerunt,
2642 4015 2777 4063 nng-

1707 4093 1775 4127 nn
1800 4086 1977 4141 strage
2007 4077 2287 4141 repulisse,
2316 4076 2671 4143 ipsorumque
2698 4079 2781 4127 ‹le-

1707 4153 1830 4205 iude
1855 4168 2006 4218 agros
2031 4168 2142 4203 esse
2167 4153 2501 4217 populatum.

1775 4230 1799 4265 b
1836 4231 1906 4281 Ut
1943 4244 2087 4282 ovam
2117 4229 2221 4281 siue
2242 4229 2509 4294 militib-s]
2542 4230 2783 4290 Veturio,
