3034 4925
474 344 562 408 44
1147 353 1421 401 enochi
1468 352 1890 402 ⁴wc‘romm

972 593 1317 660 Ausonius
1344 593 1426 658 de
1453 591 1805 678 Staphylio
1842 592 2155 659 Rhetore.

560 695 1015 814 Grammatico
1068 746 1158 814 ad
1204 745 1526 814 Scaurum
1573 751 1776 831 atque
1828 745 2147 825 Probum,
2198 744 2651 830 promtissime

650 848 1305 1020 Histffllgallens
1332 952 1512 1019 Livii
1539 958 1606 1017 et
1637 951 1999 1017 Herodoti.

970 1189 1249 1256 Flavius
1278 1188 1622 1275 Vopiscus
1666 1187 1738 1254 in
1782 1186 2166 1254 Aureliano·

563 1337 921 1407 Assereute
950 1340 1330 1422 Tiberiano,
1360 1340 1544 1426 quod
1572 1340 1797 1408 Pollio
1825 1340 2038 1406 multa
2076 1336 2425 1417 incuriose,
2449 1337 2655 1404 multa

472 1441 764 1507 breviter
790 1442 1233 1527 prodidisset;
1262 1463 1381 1509 me
1431 1449 1667 1509 contra
1694 1444 1979 1521 dicente,
2020 1442 2343 1507 neminem
2371 1440 2653 1525 scripto·

476 1563 647 1625 rum,
678 1549 990 1627 quantum
1021 1544 1109 1609 ad
1148 1544 1483 1611 historiam
1514 1545 1818 1630 pertinet,
1855 1564 1987 1609 non
2016 1543 2269 1630 aliquid
2300 1562 2451 1609 esse
2477 1560 2655 1608 men·

475 1645 704 1726 titum;
749 1647 1067 1729 prodente
1097 1648 1482 1733 quinetiam,
1524 1648 1594 1712 in
1634 1668 1767 1732 quo
1805 1646 2066 1726 LiviuS‚
2115 1648 2185 1712 in
2228 1665 2365 1730 quo
2406 1644 2656 1709 Sallus·

476 1746 631 1824 tius,
684 1746 754 1811 in
801 1766 940 1832 quo
985 1747 1336 1816 Cornelius
1384 1750 1691 1829 Tacitus»,
1748 1750 1818 1815 in
1855 1769 1994 1835 quo
2049 1748 2331 1835 denique
2372 1747 2654 1843 Trogus,

476 1848 848 1915 manifestis
886 1849 1169 1917 testibus
1210 1853 1776 1921 convincerentur.

1275 2068 1471 2134 Idem
1515 2068 1586 2133 in
1628 2069 1878 2135 Probo.

565 2216 691 2281 Cn.
717 2217 1118 2303 Pompe-ium
1150 2221 1360 2285 tribus
1387 2220 1748 2305 fulgentem
1777 2215 2146 2304 triumphis»,
2172 2214 2329 2281 belli
2349 2212 2653 2290 Piratici,

476 2319 635 2383 belli
666 2319 1050 2400 Sertoriani,
1074 2322 1236 2386 belli
1268 2321 1731 2401 Mithridatici,
1751 2322 2239 2406 multarumque
2265 2337 2478 2385 rerum
2509 2335 2656 2398 ges·

469 2428 693 2488 tarum
736 2424 1087 2510 majestate
1136 2425 1510 2506 sublimem,
1542 2426 1693 2511 quis
1739 2425 2002 2491 tandem
2042 2428 2290 2501 nosset,
2330 2420 2466 2486 nisi
2504 2436 2655 2485 cum

477 2525 580 2590 M.
609 2525 898 2607 Tulliae,
928 2536 1002 2593 et
1030 2527 1112 2591 T.
1144 2530 1376 2594 Livius
1404 2529 1473 2592 in
1504 2529 1723 2594 literas
1753 2528 2161 2608 retulissent,
2189 2526 2316 2591 διο.

1195 2757 1367 2822 Mox
1411 2757 1653 2821 eodem
1698 2754 1939 2839 capite.

565 2904 657 2971 Et
685 2906 846 2970 mihi
876 2905 1143 2990 quidem
1173 2906 1243 2971 id
1272 2907 1472 2971 animi
1517 2905 1664 2986 fuit,
1694 2925 1825 2971 non
1869 2911 1944 2970 ut
1987 2902 2371 2980 Sallustios,
2403 2899 2657 2974 bivios,

477 3005 782 3087 Tacitos,
810 3007 1091 3090 Trogos,
1121 3016 1324 3093 atque
1352 3029 1588 3075 omnes
1617 3009 2091 3074 disertissimos
2126 3006 2422 3072 imitarer
2449 3003 2655 3076 viros,

477 3110 548 3173 in
599 3109 740 3175 vita
770 3110 1153 3194 Principum
1210 3118 1279 3176 et
1326 3113 1740 3195 temporibus
1784 3109 2165 3194 dirigendiS,
2195 3108 2318 3172 sed
2370 3104 2658 3170 Marium

481 3210 875 3290 Maximum,
896 3213 1303 3279 ‘Suetonium
1324 3215 1815 3298 Tranquillum,
1853 3213 2135 3279 Fabium
2160 3206 2656 3282 Marcellinum,

481 3312 850 3396 Gargilium
875 3316 1282 3395 Martialem,
1303 3318 1351 3383 J
1354 3318 1565 3383 ulium
1579 3317 2065 3402 Capitolinum,
2085 3313 2340 3378 AElium
2354 3306 2658 3392 Lampri-

479 3415 685 3488 dium,
712 3424 1128 3503 ceterosque,
1159 3421 1272 3503 qui
1299 3420 1470 3500 haec,
1494 3426 1561 3485 et
1590 3420 1777 3499 talia,
1806 3438 1941 3484 non
1990 3424 2127 3483 tam
2165 3415 2413 3480 diserte
2455 3427 2658 3496 quam
2719 3434 2734 3450 ⁸

477 3538 627 3585 vere
655 3522 992 3587 memoriae
1022 3521 1467 3606 prodiderunt.

838 3755 1241 3822 Censorinus
1282 3757 1401 3822 lib.
1446 3756 1531 3821 de
1574 3756 1687 3821 die
1733 3753 1967 3821 Natali
2011 3773 2165 3838 cap.
2192 3752 2302 3818 17.

562 3903 756 3969 Titus
802 3906 1037 3973 Livius
1083 3909 1256 3974 libro
1290 3924 1624 3973 cxxxvi.
1669 3912 1694 3942 ⁶
1722 3907 1972 3975 Eodem
2011 3925 2189 3972 auno
2216 3902 2411 3969 ludos
2441 3920 2659 3967 saecu-

470 4008 654 4072 lares
701 4008 946 4090 ingenti
995 4000 1317 4096 apparatu
1365 4009 1547 4089 fecit,
1586 4028 1758 4094 quos
1803 4010 2160 4077 centesimo
2190 4025 2456 4094 quoque
2486 4022 2659 4070 anno

477 4108 565 4188 (is
597 4109 770 4175 enim
801 4112 1110 4177 terminus
1139 4109 1412 4200 saeculi)
1435 4112 1587 4179 fieri
1616 4109 1806 4176 mos.’
