3034 4925
544 371 677 437 116
1444 390 1540 437 TA
1554 390 1771 440 3111.AE

1034 542 1113 603 U.
1143 541 1215 601 C.
1246 543 1386 603 618.
1431 544 1506 604 A.
1539 543 1611 604 C.
1647 546 1783 605 134.
1830 543 1927 605 01.
1961 563 2149 606 cmxx.
2170 549 2229 605 3.

637 655 720 716 P.
772 656 1082 716 Cornelius
1133 657 1336 737 Scipio
1390 659 1597 719 AEmit.
1641 660 1733 719 II.
1819 658 2153 733 Africanus,
2203 658 2624 733 Numantinus,
2677 661 2741 723 C.

545 754 798 817 Fulvius
826 754 1093 816 Haccus.
1179 756 1379 838 Scipio
1407 756 1729 818 exercitum
1771 757 2181 837 Hispanicum,
2209 758 2471 830 licentia,
2511 757 2654 818 luxu
2682 768 2743 817 et

547 852 787 931 ignavia
814 862 1178 932 corruptum,
1206 852 1284 913 ad
1317 874 1585 916 severam
1625 865 1865 915 revocat
1893 853 2292 936 disciplinam.
2359 855 2658 938 Jugurtba
2684 858 2745 915 et

552 949 634 1010 C.
658 950 929 1011 Marius
914 971 976 1010 in
1003 951 1131 1031 ejus
1160 952 1371 1013 castris
1402 953 1672 1014 tirocinia
1699 964 1950 1033 ponunt.

1029 1149 1102 1208 U.
1134 1150 1207 1209 C.
1245 1151 1402 1211 619.
1431 1151 1506 1211 A.
1542 1150 1616 1210 C.
1651 1152 1786 1212 133.
1831 1151 1930 1212 Ol.
1960 1169 2140 1212 chr.
2173 1154 2234 1212 4.

630 1264 714 1325 P.
748 1263 995 1325 Mucius
1046 1264 1327 1338 Scoevola,
1381 1265 1586 1341 (Pont.
1639 1265 1835 1341 Max.)
1879 1276 2077 1325 orator
2117 1276 2178 1326 et
2220 1266 2336 1326 JC.
2376 1264 2476 1346 qui
2521 1266 2743 1345 primus

549 1368 824 1430 fundavit
860 1369 961 1449 jus
990 1368 1160 1430 civile
1203 1370 1448 1449 ejusque
1478 1370 1785 1432 scientiam
1825 1372 1885 1431 in
1923 1370 2205 1431 familiam
2236 1370 2498 1432 Muciam
2527 1370 2748 1431 intulit.

548 1466 629 1526 L.
665 1466 1027 1546 Calpurnius
1045 1466 1200 1526 Piso
1232 1467 1452 1548 Frugi.
1482 1469 1588 1543 (V.
1618 1470 1695 1529 ad
1727 1470 1803 1530 U.
1836 1469 1910 1531 G.
1937 1471 2105 1544 603.)
2146 1469 2472 1549 Pergamus
2512 1476 2617 1529 aut
2641 1489 2746 1548 po-

547 1563 667 1622 tius
714 1565 874 1623 bona
900 1562 1086 1623 Attali
1117 1584 1231 1625 111.
1277 1567 1498 1646 populo
1530 1567 1705 1628 Rom.
1734 1566 2084 1627 haereditate
2115 1567 2341 1629 relicta.
2423 1567 2750 1627 Numantia

552 1679 592 1720 a
618 1659 897 1740 Scipione
923 1671 1102 1741 capta
1121 1661 1371 1725 deletur.
1443 1663 1692 1737 Seditio,
1721 1664 1888 1745 leges
1919 1664 2165 1749 agrariae
2193 1675 2255 1726 et
2280 1685 2438 1725 mors
2465 1665 2559 1726 Ti.
2578 1666 2747 1725 Sern-

550 1756 741 1837 prouii
772 1757 1029 1820 Gracchi
1055 1759 1188 1820 trib.
1218 1760 1299 1841 pl.
1371 1761 1705 1823 Antiochus
1740 1782 1865 1823 vn.
1898 1764 2221 1843 Euergetes
2250 1782 2302 1826 s.
2333 1762 2569 1824 Sidetes
2600 1762 2745 1821 Hie-

550 1855 706 1917 rosol
713 1875 851 1937 yma
871 1856 1128 1919 obsidet.

943 2096 946 2099 ι
1042 2055 1120 2115 U.
1151 2054 1221 2113 C.
1253 2056 1393 2114 620.
1434 2055 1508 2113 A.
1541 2054 1615 2114 C.
1652 2053 1786 2113 132.
1831 2052 1932 2114 Ol.
1963 2072 2180 2113 chn.
2217 2057 2270 2114 1.

639 2167 723 2227 P.
755 2169 1040 2249 Popilius
1090 2169 1333 2241 Laenas,
1377 2169 1462 2228 P.
1519 2168 1808 2247 Rupilius
1850 2169 2083 2247 Lupus.
2162 2167 2393 2227 Bellum
2424 2164 2749 2226 Asiaticum

556 2280 692 2323 cum
722 2264 1072 2327 AristonicO.
1160 2265 1326 2325 Servi
1355 2263 1493 2324 victi
1521 2274 1583 2325 et
1610 2275 1789 2344 capta
1814 2264 2008 2326 Enna.
2752 2304 2757 2311 ·

1041 2466 1114 2527 U.
1140 2467 1215 2529 C.
1244 2467 1384 2527 621.
1430 2469 1502 2526 A.
1532 2467 1601 2526 C.
1639 2468 1776 2528 131.
1835 2466 1931 2528 01.
1959 2485 2178 2528 ean.
2209 2470 2269 2525 2.

636 2580 723 2641 Ρ.
759 2580 1040 2643 Licinius
1085 2582 1338 2644 Crassus.
1361 2583 1551 2644 Dives
1590 2584 1941 2655 Mucianus,
1971 2583 2069 2662 (P.
2099 2581 2285 2642 Mucii
2318 2579 2608 2642 Scaevolae
2634 2578 2748 2638 fra-

554 2685 665 2751 ter,
692 2678 728 2737 J
737 2679 806 2739 C.
836 2689 1033 2741 orator
1076 2690 1138 2740 et
1181 2679 1359 2741 Pont.
1386 2681 1578 2756 Max.)
1620 2682 1698 2741 L.
1735 2681 2002 2741 Valerius
2033 2679 2281 2741 Flaccus
2324 2680 2539 2739 flamen
2569 2676 2751 2736 Mart.

554 2775 737 2835 Hunc
787 2796 824 2835 a
862 2778 1045 2838 sacris
1081 2777 1389 2839 discedere
1419 2788 1583 2838 vetat
1625 2777 1884 2857 collega,
1912 2778 2015 2858 qui
2056 2779 2183 2858 ipse
2228 2773 2751 2857 legibus‘solvitur.

558 2872 636 2941 Q.
656 2871 934 2934 Caecilius
979 2875 1261 2936 Metellus
1292 2875 1535 2937 Maced.
1563 2884 1625 2936 et
1671 2877 1746 2945 Q.
1777 2876 2097 2957 Pompeius
2125 2895 2403 2938 censores
2447 2874 2523 2934 de
2557 2873 2752 2953 plebe.

559 2969 635 3032 0.
665 2969 886 3049 Papirii
915 2971 1204 3033 Carbonis
1233 2973 1367 3035 trib.
1397 2973 1480 3055 pl.
1503 2984 1567 3034 et
1593 2975 1842 3036 oratoris
1862 2975 2167 3035 contentio
2194 2995 2327 3035 cum
2356 2973 2429 3034 P.
2456 2970 2755 3052 Scipione,

556 3068 657 3128 lex
677 3069 988 3130 tabellaria
1015 3079 1077 3132 et
1103 3072 1332 3153 rogatio
1361 3071 1436 3133 de
1465 3072 1678 3134 iisdem
1707 3074 1959 3136 tribunis
1987 3073 2071 3154 pl.
2100 3071 2453 3135 reficiendis.
2527 3069 2598 3129 P.
2630 3068 2753 3128 Ru-

555 3164 734 3246 pilius
764 3168 1003 3231 conficit
1040 3168 1265 3232 bellurn
1296 3170 1508 3232 servile
1537 3180 1598 3232 et
1626 3170 1788 3252 leges
1818 3172 1924 3233 dat
1944 3171 2184 3233 Siciliae.

1041 3370 1119 3431 U.
1152 3370 1224 3430 C.
1254 3370 1392 3430 622.
1436 3372 1509 3430 A.
1544 3372 1615 3431 C.
1653 3374 1786 3434 130.
1833 3370 1932 3432 01.
1963 3390 2179 3433 chn.
2210 3373 2269 3431 3.

581 3529 588 3536 .
640 3480 708 3542 C.
756 3481 1041 3545 Claudius
1087 3484 1375 3559 Pulcher,
1423 3487 1525 3546 M.
1575 3487 1909 3566 Perperna.
1998 3487 2249 3547 Crassus
2290 3485 2364 3544 ab
2420 3483 2757 3544 Aristonico

554 3577 747 3642 victus
775 3581 947 3661 perit.
1033 3583 1107 3643 C.
1166 3583 1398 3644 Atinius
1445 3584 1643 3646 Labeo
1686 3587 1816 3646 trib.
1868 3585 1950 3665 pl.
2001 3584 2194 3664 legem
2236 3584 2352 3645 fert
2375 3582 2660 3654 Atiniam,
2689 3590 2756 3640 ut

554 3678 774 3738 tribuni
820 3678 904 3760 pl.
951 3689 1254 3743 senatores
1304 3684 1443 3757 sint,
1491 3694 1555 3745 et
1600 3684 1911 3745 Metellum
1957 3702 2263 3745 censorem
2313 3701 2457 3742 saxo
2504 3678 2754 3759 Tarpeio

557 3777 913 3856 praecipitari
959 3779 1150 3859 jubet.
1236 3781 1611 3843 Aristonicus
1666 3802 1703 3843 a
1753 3781 2055 3863 Perperna
2103 3790 2338 3864 captus.
2422 3776 2753 3838 Antiochus

561 3891 694 3934 vu.
737 3891 775 3931 a
801 3871 1057 3936 Phraate
1085 3875 1275 3938 victus
1316 3878 1486 3958 perit.
1573 3880 1932 3941 Ptolemaeus
1966 3898 2096 3940 vn.
2138 3879 2465 3958 Euergetes
2494 3875 2753 3935 Alexan-

562 3969 691 4031 dria
717 3968 947 4049 pulsus.

1032 4154 1109 4215 U.
1144 4155 1217 4217 C.
1251 4157 1391 4216 623.
1433 4159 1508 4219 Α.
1540 4157 1614 4218 C.
1653 4160 1789 4220 129.
1833 4158 1930 4219 01.
1963 4179 2181 4221 chn.
2211 4160 2273 4221 4.

646 4267 712 4329 C.
737 4266 1119 4349 Sempronius
1140 4270 1498 4350 Tuditanus,
1521 4274 1641 4348 M’.
1661 4274 1970 4357 Aquilius.
2056 4275 2164 4337 Ille
2188 4271 2449 4356 Iapydas
2474 4270 2753 4342 debellat,
