3034 4925
914 444 921 450 ·
1014 441 1156 491 mn.
1208 442 1325 491 111.
1370 443 1535 491 cn.
1578 425 1683 493 52.
2305 427 2440 492 643

235 589 381 657 su'b
411 590 663 672 signis:
694 588 1040 672 mediaque
1085 590 1246 652 urbe
1293 589 1551 670 agmine
1596 589 1661 652 in
1695 585 2100 652 Aventinum
2132 591 2433 671 pergunt.

243 692 390 778 Ibi,
420 694 750 779 conjuncti
780 692 970 756 alteri
1002 692 1342 769 exercitui,
1367 692 1599 773 viginti
1622 690 1904 754 tribunis
1928 690 2208 754 militum
2242 709 2438 772 nego·-

244 798 415 860 tium
438 795 772 872 dederunt,
796 802 870 859 ut
893 813 979 859 ex
1009 814 1133 857 suo
1167 815 1428 858 numero
1452 795 1621 858 duos
1654 798 1971 869 crearent,
2004 793 2116 876 qui
2154 807 2433 857 summae

245 918 467 962 rerum
523 903 908 982 praeessent.
996 896 1098 962 M.
1160 895 1483 981 Oppium,
1547 897 1709 961 Sex.
1764 894 2119 959 Manilium
2171 890 2436 958 creant.1

247 999 509 1077 PatreS,
564 999 813 1062 soliciti
859 997 943 1062 de
992 1018 1249 1063 summa
1306 1018 1543 1074 rerum,
1601 1018 1753 1062 cum
1808 1002 2076 1061 senatus
2140 996 2440 1080 quotidie

242 1101 481 1177 essetf
510 1100 748 1183 jurgiis
768 1102 1020 1185 saepius
1043 1105 1255 1164 terunt
1277 1107 1564 1182 tempuS,
1588 1119 1790 1183 quam
1811 1099 2138 1163 con-siliis.
2225 1097 2438 1163 Siccii

241 1202 474 1266 caedes
523 1203 942 1278 decemviriS,
976 1207 1042 1266 et
1070 1201 1393 1285 Appiana
1430 1202 1668 1280 libide,
1706 1209 1773 1266 et
1814 1202 2141 1266 dedecora
2181 1200 2437 1264 militiae

233 1302 763 1386 objiciebantur.
872 1303 1215 1381 Placebat,
1269 1302 1617 1368 Valerium
1678 1304 2170 1388 Horatiumque
2221 1302 2318 1365 ire
2373 1303 2440 1364 in

244 1404 672 1468 Aventinum.
761 1405 878 1470 Illi
900 1408 1235 1488 negabant
1264 1428 1334 1471 se
1366 1401 1575 1471 aliter‘
1589 1409 1828 1482 ituroS,
1858 1427 2061 1491 quam
2088 1407 2146 1470 si
2176 1405 2441 1468 decem-

239 1508 372 1570 viri
417 1506 820 1590 deponerent
868 1508 1148 1589 insignia
1201 1512 1624 1592 magistratus
1670 1512 1842 1594 ejus,
1898 1529 2032 1595 quo
2080 1528 2252 1574 anno
2290 1507 2439 1591 jam

244 1613 397 1673 ante
430 1609 771 1674 abissent.g
857 1610 1257 1688 Decemviri,
1291 1620 1642 1695 querentes
1697 1634 1771 1678 se
1815 1614 1882 1677 in
1924 1612 2220 1677 ordinem
2269 1609 2440 1691 cogi,

239 1729 378 1775 non
421 1716 600 1788 ante,
645 1731 847 1794 quam
903 1713 1178 1796 perlatis
1222 1714 1506 1797 legibus,
1547 1734 1826 1799 quarum
1857 1731 2066 1779 causa
2094 1711 2302 1777 creati
2322 1710 2441 1774 'es-

245 1819 415 1892 sent,
443 1813 873 1897 deposituros
903 1815 1248 1898 imperium
1271 1836 1342 1879 se
1375 1818 1673 1884 aiebant.

330 1917 437 1980 52.
481 1914 613 1979 Per
643 1914 743 1979 Μ.
775 1913 1133 1993 Duilium,¹¹
1179 1918 1295 1999 qui
1326 1918 1622 1982 tribunus
1665 1920 1884 2001 plebis
1914 1920 2156 1994 suerat,
2202 1916 2442 1980 certior

241 2016 426 2081 sacta
454 2018 667 2100 plebs,
717 2019 1255 2083 contentionibus
1287 2019 1582 2083 assiduis
1630 2021 1794 2084 nihil
1845 2020 2170 2100 transigi:
2214 2018 2280 2080 in
2314 2017 2440 2081 Sa-

241 2137 428 2183 crum
488 2127 782 2184 montem
845 2141 934 2185 ex
997 2120 1339 2185 Aventino
1397 2123 1657 2186 transiit
1683 2143 1701 2202 ;
1732 2121 2128 2186 .affirmante
2183 2117 2439 2196 Duilio,

238 2224 263 2256 ‘
296 2240 432 2286 non
472 2222 681 2304 prium,
720 2241 920 2305 quam
953 2224 1169 2287 deseri
1201 2223 1451 2288 Urbem
1486 2224 1777 2301 videant,
1815 2243 2039 2289 curam
2070 2224 2139 2286 in
2173 2221 2434 2286 animos

240 2322 520 2402 Patrum
554 2323 1061 2389 descensuram.i
1119 2324 1629 2392 Admoniturum
1657 2328 1932 2392 Sacrum
1960 2332 2252 2390 montem
2279 2341 2433 2386 con-

238 2424 501 2490 stantia}
534 2427 770 2509 plebis.
860 2427 1188 2507 Scitu108‚
1221 2427 1403 2512 quod
1442 2429 1588 2492 sine
1616 2423 1663 2467 ¹⁶
1711 2430 2017 2494 restituta
2046 2418 2439 2511 potestate¹‘⁴

299 2571 333 2606 ὓ
369 2573 489 2623 Cum
509 2573 756 2625 haberetur
777 2577 984 2639 quotidie
1006 2578 1232 2627 Senatus.
1486 2587 1507 2611 ‘
1540 2579 1684 2628 Nihil
1701 2579 1885 2644 perfici.
1942 2610 1952 2622 ·

1150 2708 1206 2728 θ’
1211 2707 1512 2728 ΟΟΟΟΟΟΝΟΟ

309 2789 370 2837 16
403 2788 672 2852 ‘So-iturea,
694 2793 834 2854 qnod,
854 2795 935 2855 &a
1005 2794 1134 2843 Cum
1175 2794 1417 2859 loquendi
1458 2792 1608 2858 ratio,
1642 2794 1757 2857 scio,
1790 2794 1914 2856 qnod
1950 2805 1981 2842 a
2009 2790 2241 2841 Liviana
2266 2786 2439 2838 etatis

1227 2922 1449 2971 NOTAE

1376 3033 1488 3069 rnm
1536 3021 1588 3069 in
1633 3020 1961 3084 chronologia
2006 3033 2098 3070 aaa
2147 3017 2436 3082 sejunctum

1375 3097 1536 3146 tuisse
1559 3098 1625 3148 ab
1647 3113 1710 3148 eo
1736 3113 1891 3157 anno,
1912 3111 2012 3162 quo
2037 3098 2096 3146 L.
2118 3094 2359 3145 Valerius
2382 3097 2440 3142 ct

1376 3174 1451 3222 Μ.
1478 3174 1721 3225 Horatius
1742 3174 1980 3223 consules
2011 3171 2176 3221 fuere.
2244 3171 2437 3220 Verum

234 3015 409 3064 munia
433 3015 644 3078 negotia
672 3021 972 3069 tractarent.

304 3099 327 3125 θ
365 3091 537 3141 Urbem
574 3092 814 3142 intravere
845 3094 932 3142 aab
960 3094 1138 3160 signia]
1177 3095 1295 3145 Dis·

235 3167 390 3217 tincti
415 3168 463 3216 in
487 3169 715 3231 legiones
738 3177 794 3219 ct
815 3171 1120 3234 manipulos,
1152 3174 1295 3235 signa

236 3244 455 3308 quisque
478 3260 570 3314 sna
591 3247 775 3297 secuti.
842 3248 955 3297 Nos
978 3248 1131 3299 hodie
1154 3250 1292 3299 dice·
1376 3259 1433 3300 nt
1468 3252 1589 3301 anni
1629 3259 1836 3315 partem
1871 3250 1967 3300 sub
2002 3262 2179 3300 eorum
2219 3245 2437 3312 imperio

232 3334 428 3382 remus,
460 3321 671 3370 tambour
708 3322 912 3383 butten,
944 3326 1187 3386 emignea
1208 3324 1294 3375 d&-

225 3396 435 3459 ploybeu.
623 3393 636 3402 ⁹

301 3470 325 3502 f
352 3473 427 3522 M.
453 3474 674 3537 Oppium,
697 3473 811 3522 Sex.
833 3476 1091 3524 Manilium
1108 3478 1294 3541 creant]

232 3547 386 3598 Illum
421 3563 488 3598 ex
516 3564 581 3599 eo
605 3553 839 3601 exercitu
869 3553 970 3615 qni'
994 3553 1060 3600 ab
1083 3552 1295 3615 Algido,

231 3625 370 3673 hunc
411 3640 478 3673 ex
515 3640 578 3675 co
617 3628 701 3691 qui
744 3628 951 3676 Fidenis
992 3627 1293 3681 advenerat.

234 3700 341 3749 Hic
365 3702 569 3767 Oppius
592 3702 822 3752 diversus
847 3718 876 3751 a
899 3703 991 3767 sp.
1007 3705 1181 3766 Oppio
1204 3705 1293 3754 de-

231 3777 477 3839 cemviro,
517 3779 604 3842 qui
640 3780 920 3840 a.collegis
961 3794 1077 3828 cum
1119 3778 1293 3841 Appio

232 3852 453 3902 Claudio
474 3856 683 3904 relictus
706 3853 881 3904 fuerat
917 3864 974 3905 nt
1008 3855 1141 3905 Urbi
1163 3856 1291 3906 invi-

233 3927 437 3991 gilaret.
913 3968 919 3973 .
1013 3967 1018 3972 .

300 4012 328 4047 Β
360 4005 465 4061 Quo
496 4020 615 4055 anno
635 4005 743 4065 jam
776 4012 888 4055 ante
916 4007 1146 4070 abissent]
1180 4006 1291 4060 Aut

230 4079 375 4131 abire
397 4083 707 4146 debuerant,
726 4082 877 4133 finito
902 4085 1137 4133 nimirum
1157 4093 1290 4135 tem·

232 4173 379 4222 pore.
446 4159 683 4210 Alterum
712 4163 847 4212 hunc
869 4174 983 4211 esse
1007 4164 1177 4214 locum
1200 4179 1290 4215 no-

233 4242 316 4285 tat
338 4236 646 4301 Glareanuo,
668 4253 770 4302 quo
799 4239 1119 4303 convincitur
1148 4248 1293 4291 recte

193 4376 202 4385 α
236 4311 304 4360 ab
342 4312 454 4376 ipso
501 4327 687 4363 annum
730 4314 939 4365 tertium
979 4316 1293 4367 decemviro-

1374 3336 1613 3377 exactam
1657 3335 1856 3377 certum
1915 3325 2040 3375 mihi
2081 3324 2304 3385 videtur,
2361 3322 2438 3370 ita

1376 3409 1540 3451 totum
1572 3418 1761 3452 annum
1797 3400 2009 3450 tertium
2030 3414 2119 3449 eoa
2140 3397 2437 3459 implevisse

1375 3492 1474 3526 non
1500 3487 1643 3540 puto.
1705 3476 1859 3529 Quod
1886 3483 2060 3525 antem
2080 3475 2310 3533 Tacitus,
2339 3472 2436 3520 ini-

1375 3553 1449 3601 tio
1473 3552 1768 3613 Annalium,
1794 3551 1888 3613 ait,
1921 3548 2320 3599 decemviralem
2345 3560 2436 3610 po-

1375 3634 1616 3677 testatem
1639 3642 1737 3676 non
1756 3627 1893 3675 ultra
1919 3624 2180 3674 biennium
2198 3622 2435 3677 valuisse,

1373 3710 1429 3752 et
1472 3702 1608 3765 qnod
1650 3701 1817 3751 Rufus
1860 3702 2063 3761 Festus,
2096 3697 2192 3748 snb
2234 3698 2434 3747 initium

1357 3778 1651 3840 ‘Brevin-ii,
1682 3774 2183 3827 consules-defuisse
2215 3773 2311 3822 snb
2343 3773 2435 3823 dc-

1372 3857 1617 3907 cernviris
1665 3855 1830 3904 annis,
1861 3853 2063 3904 duobus
2100 3849 2339 3914 affirmat,
2368 3850 2437 3900 de

1373 3933 1552 3983 solidis
1594 3940 1753 3998 atque
1803 3930 2026 3994 integris
2077 3928 2223 3979 annis
2267 3927 2434 3992 accipi

1373 4010 1547 4060 debet.

1435 4087 1460 4122 Ι·
1497 4090 1596 4138 Per
1628 4090 1703 4136 M.
1731 4084 1977 4147 Duilium]
2010 4082 2159 4133 Alius
2194 4083 2234 4132 ic
2264 4081 2368 4132 fuit
2401 4097 2432 4131 a

1373 4166 1592 4215 Caesone
1611 4163 1788 4213 Duilio
1810 4161 2121 4218 decemviro,
2143 4160 2270 4211 licet
2291 4164 2432 4208 uter-

1375 4253 1474 4305 que
1500 4237 1746 4300 plebeius.
2324 4256 2329 4261 ·

1439 4314 1455 4348 ί
1486 4314 1857 4378 Ducentur-am]
1890 4313 1955 4363 Id
1992 4318 2094 4375 est,
2129 4312 2429 4374 penetratu·
