3034 4925
721 964 1244 1060 ELOGIA
1345 966 2114 1061 AUCTORUM

1125 1223 1253 1288 Ac
1296 1221 1341 1288 J
1347 1221 1694 1292 UmcIA

961 1437 1121 1518 DE
1196 1440 1457 1518 TITO
1539 1439 1866 1518 L1v10.

957 1927 1215 1996 Seneca
1236 1937 1429 2016 pater
1444 1933 1773 1999 Suasoria
1793 1933 1861 1998 6.

316 2056 690 2150 Quovms
731 2083 959 2168 magni
981 2084 1276 2170 alicujus
1319 2105 1497 2152 mors
1540 2086 1628 2154 ab
1673 2084 2047 2152 Histoi-icis
2091 2089 2351 2152 narrata
2388 2087 2511 2162 est,

313 2186 523 2250 toties
545 2185 678 2251 fere
702 2177 903 2252 tutius
924 2189 1413 2254 consummatio
1435 2189 1618 2268 vitm,
1652 2193 1717 2254 et
1739 2189 1936 2272 quasi
1962 2188 2257 2254 funebris
2279 2186 2512 2258 lauda-

313 2288 413 2353 tio
436 2288 756 2355 redditur.
818 2288 977 2355 Hoc
1003 2292 1212 2355 semel
1238 2296 1440 2376 atquc
1462 2292 1701 2357 iterum
1730 2309 1775 2355 a
1794 2290 2190 2374 Thucydide
2220 2288 2510 2354 factum:

222 2466 227 2471 ,
314 2390 500 2456 idem
521 2390 589 2456 in
613 2392 1054 2476 paucissimis
1075 2394 1378 2478 personis
1400 2400 1801 2478 usurpatum
1826 2411 1869 2456 a
1888 2391 2233 2457 Sallustio.
2281 2389 2515 2455 Livius

315 2493 673 2576 benignius
708 2495 1016 2572 omnibus
1043 2498 1306 2579 magnis
1335 2496 1497 2562 viris
1526 2496 1862 2581 praestitit.
1944 2494 2316 2577 Sequentes
2349 2490 2515 2555 His-

314 2596 517 2662 turici
546 2597 757 2662 multo
781 2598 854 2665 id
877 2597 1160 2665 effusius
1182 2598 1505 2678 fecerunt‚

1183 2815 1360 2882 Mox
1388 2815 1649 2882 eadem.

403 2952 503 3019 Ut
533 2958 643 3018 est
670 2956 907 3019 natura
933 2952 1452 3020 candidissimus
1482 2951 1780 3019 omnium
1809 2970 2206 3035 magnorum
2224 2949 2518 3031 ingenio·

316 3076 461 3122 rum
501 3055 868 3121 aestimator
906 3054 991 3120 T.
1022 3054 1287 3136 Livius,
1316 3055 1783 3142 plenissimum
1826 3054 2280 3119 testimonium
2320 3050 2519 3116 Cice·

316 3160 463 3225 roni
488 3158 807 3227 mddidit.

884 3358 1231 3427 Ptooenio
1254 3358 1376 3423 lib.
1423 3374 1493 3420 r.
1543 3355 1964 3424 Controuers-

407 3495 751 3562 Pertinere
771 3496 859 3561 ad
886 3517 1026 3565 rem
1043 3516 1176 3562 non
1198 3500 1392 3580 pulc,
1410 3496 1745 3581 quomodo
1775 3495 2027 3561 Lucius
2044 3489 2315 3575 Magius
2332 3505 2524 3572 gener

316 3598 462 3664 Titi
487 3598 666 3663 Livii
695 3598 1191 3679 declamaverit,
1237 3601 1550 3686 quamvis
1584 3600 1813 3689 aliquo
1855 3607 2156 3682 tempore
2188 3610 2380 3659 suum
2401 3607 2524 3673 po·

315 3701 552 3787 pulum
581 3700 850 3783 habuit3
898 3723 1051 3771 cum
1078 3704 1267 3773 illum
1321 3704 1620 3775 homines
1665 3722 1799 3769 non
1829 3702 1897 3769 in
1953 3699 2168 3784 ipsius
2214 3696 2523 3765 honorem

314 3802 687 3883 laudarent,
723 3806 845 3871 sed
879 3808 948 3877 iu
970 3807 1216 3873 soceri.

1139 3988 1566 4057 Controvers.
1599 3990 1711 4055 24.

404 4126 605 4193 Titus
639 4124 896 4192 Livius
924 4118 1065 4192 tam
1118 4127 1385 4213 iniquus
1418 4126 1743 4193 Sallustio
1792 4124 1938 4201 fuit,
1968 4127 2048 4185 ut
2091 4120 2262 4185 hanc
2309 4118 2529 4202 ipsam

309 4226 772 4313 (sententiam)
791 4234 813 4264 ‘
833 4228 978 4298 Res
1002 4230 1316 4297 secundae
1344 4232 1510 4297 mire
1541 4236 1696 4296 sunt
1712 4227 1899 4297 vitiis
1930 4221 2228 4291 obtentui
2248 4219 2264 4248 '
2288 4231 2359 4283 et
2387 4222 2527 4323 tan-
