<?xml version="1.0" encoding="UTF-8"?>
<!DOCTYPE html PUBLIC "-//W3C//DTD XHTML 1.0 Transitional//EN"
    "http://www.w3.org/TR/xhtml1/DTD/xhtml1-transitional.dtd">
<html xmlns="http://www.w3.org/1999/xhtml" xml:lang="en" lang="en">
 <head>
  <title>
</title>
<meta http-equiv="Content-Type" content="text/html;charset=utf-8" />
  <meta name='ocr-system' content='tesseract 3.04.00' />
  <meta name='ocr-capabilities' content='ocr_page ocr_carea ocr_par ocr_line ocrx_word'/>
</head>
<body>
  <div class='ocr_page' id='page_1' title='image "./tliviipatavinih23unkngoog_0447.png"; bbox 0 0 3034 4925; ppageno 0'>
   <div class='ocr_carea' id='block_1_1' title="bbox 1019 387 2418 460">
    <p class='ocr_par' dir='ltr' id='par_1_1' title="bbox 1019 387 2418 460">
     <span class='ocr_line' id='line_1_1' title="bbox 1019 387 2418 460; baseline -0.004 -8"><span class='ocrx_word' id='word_1_1' title='bbox 1019 402 1163 454; x_wconf 78' lang='lat' dir='ltr'><strong>me.</strong></span> <span class='ocrx_word' id='word_1_2' title='bbox 1209 402 1259 454; x_wconf 80' lang='grc' dir='ltr'><strong>ι.</strong></span> <span class='ocrx_word' id='word_1_3' title='bbox 1305 401 1467 454; x_wconf 56' lang='lat' dir='ltr'><strong>car.</strong></span> <span class='ocrx_word' id='word_1_4' title='bbox 1509 387 1618 456; x_wconf 84' lang='grc'><strong>59.</strong></span> <span class='ocrx_word' id='word_1_5' title='bbox 2289 392 2418 460; x_wconf 76' lang='lat'><strong>341</strong></span> 
     </span>
    </p>
   </div>
   <div class='ocr_carea' id='block_1_2' title="bbox 150 546 2430 3021">
    <p class='ocr_par' dir='ltr' id='par_1_2' title="bbox 150 546 2426 2392">
     <span class='ocr_line' id='line_1_2' title="bbox 184 546 2415 623; baseline 0 -3"><span class='ocrx_word' id='word_1_6' title='bbox 184 552 610 620; x_wconf 78' lang='lat' dir='ltr'>Lucretiam</span> <span class='ocrx_word' id='word_1_7' title='bbox 653 546 995 617; x_wconf 80' lang='lat' dir='ltr'><strong>sedentem</strong></span> <span class='ocrx_word' id='word_1_8' title='bbox 1033 557 1341 618; x_wconf 81' lang='lat' dir='ltr'><strong>moestam</strong></span> <span class='ocrx_word' id='word_1_9' title='bbox 1374 551 1441 616; x_wconf 93' lang='lat' dir='ltr'><strong>in</strong></span> <span class='ocrx_word' id='word_1_10' title='bbox 1470 552 1790 619; x_wconf 89' lang='lat' dir='ltr'><strong>cubiculo</strong></span> <span class='ocrx_word' id='word_1_11' title='bbox 1819 553 2182 623; x_wconf 85' lang='lat' dir='ltr'><strong>inveniunt.</strong></span> <span class='ocrx_word' id='word_1_12' title='bbox 2271 552 2415 620; x_wconf 87' lang='lat' dir='ltr'><strong>Ad-</strong></span> 
     </span>
     <span class='ocr_line' id='line_1_3' title="bbox 150 653 2420 741; baseline 0.001 -20"><span class='ocrx_word' id='word_1_13' title='bbox 150 663 428 722; x_wconf 77' lang='lat' dir='ltr'><strong>&#39;ventu</strong></span> <span class='ocrx_word' id='word_1_14' title='bbox 481 653 748 723; x_wconf 65' lang='lat' dir='ltr'><strong>auorum</strong></span> <span class='ocrx_word' id='word_1_15' title='bbox 802 655 1122 738; x_wconf 81' lang='lat' dir='ltr'><strong>lacrymae</strong></span> <span class='ocrx_word' id='word_1_16' title='bbox 1183 655 1480 720; x_wconf 75' lang='lat' dir='ltr'><strong>oborteet</strong></span> <span class='ocrx_word' id='word_1_17' title='bbox 1523 657 1979 741; x_wconf 78' lang='lat' dir='ltr'><strong>quaerentique</strong></span> <span class='ocrx_word' id='word_1_18' title='bbox 2028 658 2202 737; x_wconf 85' lang='lat' dir='ltr'><strong>viro,</strong></span> <span class='ocrx_word' id='word_1_19' title='bbox 2247 658 2420 725; x_wconf 91' lang='lat' dir='ltr'><strong>‘Sa-</strong></span> 
     </span>
     <span class='ocr_line' id='line_1_4' title="bbox 186 756 2419 842; baseline 0.001 -18"><span class='ocrx_word' id='word_1_20' title='bbox 186 760 320 825; x_wconf 88' lang='lat' dir='ltr'><strong>tin&#39;</strong></span> <span class='ocrx_word' id='word_1_21' title='bbox 357 760 583 826; x_wconf 86' lang='lat' dir='ltr'><strong>salvae</strong></span> <span class='ocrx_word' id='word_1_22' title='bbox 601 757 698 838; x_wconf 66' lang='lat' dir='ltr'><strong>‘3’ss</strong></span> <span class='ocrx_word' id='word_1_23' title='bbox 786 762 808 793; x_wconf 91' lang='lat'>‘</span> <span class='ocrx_word' id='word_1_24' title='bbox 836 756 1159 836; x_wconf 85' lang='lat' dir='ltr'><strong>Minime,’</strong></span> <span class='ocrx_word' id='word_1_25' title='bbox 1186 757 1435 842; x_wconf 81' lang='lat' dir='ltr'><strong>inquit3</strong></span> <span class='ocrx_word' id='word_1_26' title='bbox 1471 762 1494 793; x_wconf 85' lang='lat'>‘</span> <span class='ocrx_word' id='word_1_27' title='bbox 1512 757 1680 842; x_wconf 89' lang='lat' dir='ltr'><strong>quid</strong></span> <span class='ocrx_word' id='word_1_28' title='bbox 1700 760 1872 824; x_wconf 91' lang='lat' dir='ltr'><strong>enim</strong></span> <span class='ocrx_word' id='word_1_29' title='bbox 1893 761 2065 826; x_wconf 83' lang='lat' dir='ltr'><strong>salvi</strong></span> <span class='ocrx_word' id='word_1_30' title='bbox 2088 770 2193 827; x_wconf 81' lang='lat' dir='ltr'><strong>est</strong></span> <span class='ocrx_word' id='word_1_31' title='bbox 2220 761 2419 827; x_wconf 84' lang='lat' dir='ltr'><strong>muli·</strong></span> 
     </span>
     <span class='ocr_line' id='line_1_5' title="bbox 188 858 2418 946; baseline 0.002 -20"><span class='ocrx_word' id='word_1_32' title='bbox 188 863 326 940; x_wconf 88' lang='lat' dir='ltr'><strong>eri,</strong></span> <span class='ocrx_word' id='word_1_33' title='bbox 359 864 628 928; x_wconf 86' lang='lat' dir='ltr'><strong>amissa</strong></span> <span class='ocrx_word' id='word_1_34' title='bbox 658 860 1041 946; x_wconf 69' lang='lat' dir='ltr'><strong>pudicitia?</strong></span> <span class='ocrx_word' id='word_1_35' title='bbox 1130 858 1445 943; x_wconf 84' lang='lat' dir='ltr'><strong>Vestigia</strong></span> <span class='ocrx_word' id='word_1_36' title='bbox 1493 860 1617 926; x_wconf 85' lang='lat' dir='ltr'><strong>viri</strong></span> <span class='ocrx_word' id='word_1_37' title='bbox 1668 861 1888 940; x_wconf 87' lang='lat' dir='ltr'><strong>alieni,</strong></span> <span class='ocrx_word' id='word_1_38' title='bbox 1940 861 2297 944; x_wconf 81' lang='lat' dir='ltr'><strong>Collatiae,</strong></span> <span class='ocrx_word' id='word_1_39' title='bbox 2346 866 2418 930; x_wconf 91' lang='lat' dir='ltr'><strong>in</strong></span> 
     </span>
     <span class='ocr_line' id='line_1_6' title="bbox 189 962 2418 1049; baseline 0.001 -18"><span class='ocrx_word' id='word_1_40' title='bbox 189 966 395 1032; x_wconf 88' lang='lat' dir='ltr'><strong>lecto</strong></span> <span class='ocrx_word' id='word_1_41' title='bbox 432 971 589 1032; x_wconf 83' lang='lat' dir='ltr'><strong>sunt</strong></span> <span class='ocrx_word' id='word_1_42' title='bbox 616 972 757 1030; x_wconf 89' lang='lat' dir='ltr'><strong>tuo.</strong></span> <span class='ocrx_word' id='word_1_43' title='bbox 845 962 1161 1029; x_wconf 84' lang='lat' dir='ltr'><strong>Ceterum</strong></span> <span class='ocrx_word' id='word_1_44' title='bbox 1191 983 1436 1049; x_wconf 85' lang='lat' dir='ltr'><strong>corpus</strong></span> <span class='ocrx_word' id='word_1_45' title='bbox 1478 970 1583 1029; x_wconf 87' lang='lat' dir='ltr'><strong>est</strong></span> <span class='ocrx_word' id='word_1_46' title='bbox 1624 970 1879 1030; x_wconf 86' lang='lat' dir='ltr'><strong>tantum</strong></span> <span class='ocrx_word' id='word_1_47' title='bbox 1903 966 2248 1046; x_wconf 84' lang='lat' dir='ltr'><strong>violatum,</strong></span> <span class='ocrx_word' id='word_1_48' title='bbox 2279 966 2418 1033; x_wconf 88' lang='lat' dir='ltr'><strong>ani-</strong></span> 
     </span>
     <span class='ocr_line' id='line_1_7' title="bbox 190 1066 2416 1156; baseline 0.001 -22"><span class='ocrx_word' id='word_1_49' title='bbox 190 1092 357 1136; x_wconf 87' lang='lat' dir='ltr'><strong>mus</strong></span> <span class='ocrx_word' id='word_1_50' title='bbox 392 1072 662 1146; x_wconf 87' lang='lat' dir='ltr'><strong>insons,</strong></span> <span class='ocrx_word' id='word_1_51' title='bbox 687 1087 872 1133; x_wconf 86' lang='lat' dir='ltr'><strong>mors</strong></span> <span class='ocrx_word' id='word_1_52' title='bbox 903 1068 1094 1133; x_wconf 81' lang='lat' dir='ltr'><strong>testis</strong></span> <span class='ocrx_word' id='word_1_53' title='bbox 1128 1068 1272 1135; x_wconf 88' lang='lat' dir='ltr'><strong>erit.</strong></span> <span class='ocrx_word' id='word_1_54' title='bbox 1362 1066 1493 1131; x_wconf 87' lang='lat' dir='ltr'><strong>Sed</strong></span> <span class='ocrx_word' id='word_1_55' title='bbox 1541 1066 1694 1131; x_wconf 90' lang='lat' dir='ltr'><strong>date</strong></span> <span class='ocrx_word' id='word_1_56' title='bbox 1741 1067 2017 1134; x_wconf 83' lang='lat' dir='ltr'><strong>dextras</strong></span> <span class='ocrx_word' id='word_1_57' title='bbox 2062 1068 2416 1156; x_wconf 87' lang='lat' dir='ltr'><strong>fidemque,</strong></span> 
     </span>
     <span class='ocr_line' id='line_1_8' title="bbox 194 1168 2421 1257; baseline 0.001 -20"><span class='ocrx_word' id='word_1_58' title='bbox 194 1173 397 1240; x_wconf 88' lang='lat' dir='ltr'><strong>haud</strong></span> <span class='ocrx_word' id='word_1_59' title='bbox 434 1174 717 1257; x_wconf 88' lang='lat' dir='ltr'><strong>impune</strong></span> <span class='ocrx_word' id='word_1_60' title='bbox 742 1171 1038 1238; x_wconf 85' lang='lat' dir='ltr'><strong>adultero</strong></span> <span class='ocrx_word' id='word_1_61' title='bbox 1066 1170 1228 1236; x_wconf 86' lang='lat' dir='ltr'><strong>sore.</strong></span> <span class='ocrx_word' id='word_1_62' title='bbox 1316 1170 1480 1237; x_wconf 80' lang='lat' dir='ltr'><strong>Sex.</strong></span> <span class='ocrx_word' id='word_1_63' title='bbox 1511 1175 1617 1246; x_wconf 85' lang='lat' dir='ltr'><strong>est</strong></span> <span class='ocrx_word' id='word_1_64' title='bbox 1644 1168 2074 1255; x_wconf 84' lang='lat' dir='ltr'><strong>Tarquinius,</strong></span> <span class='ocrx_word' id='word_1_65' title='bbox 2122 1174 2233 1256; x_wconf 90' lang='lat' dir='ltr'><strong>qui</strong></span> <span class='ocrx_word' id='word_1_66' title='bbox 2264 1173 2421 1238; x_wconf 84' lang='lat' dir='ltr'><strong>hos-</strong></span> 
     </span>
     <span class='ocr_line' id='line_1_9' title="bbox 194 1272 2412 1363; baseline -0.001 -20"><span class='ocrx_word' id='word_1_67' title='bbox 194 1278 291 1343; x_wconf 85' lang='lat' dir='ltr'><strong>tis</strong></span> <span class='ocrx_word' id='word_1_68' title='bbox 358 1296 494 1363; x_wconf 88' lang='lat' dir='ltr'><strong>pro</strong></span> <span class='ocrx_word' id='word_1_69' title='bbox 553 1275 812 1360; x_wconf 86' lang='lat' dir='ltr'><strong>hospite</strong></span> <span class='ocrx_word' id='word_1_70' title='bbox 858 1273 1079 1360; x_wconf 87' lang='lat' dir='ltr'><strong>priore</strong></span> <span class='ocrx_word' id='word_1_71' title='bbox 1156 1280 1354 1339; x_wconf 90' lang='lat' dir='ltr'><strong>nocte</strong></span> <span class='ocrx_word' id='word_1_72' title='bbox 1408 1273 1478 1338; x_wconf 82' lang='lat' dir='ltr'><strong>vi</strong></span> <span class='ocrx_word' id='word_1_73' title='bbox 1538 1278 1831 1337; x_wconf 83' lang='lat' dir='ltr'><strong>armatus</strong></span> <span class='ocrx_word' id='word_1_74' title='bbox 1886 1272 2049 1339; x_wconf 88' lang='lat' dir='ltr'><strong>mihi</strong></span> <span class='ocrx_word' id='word_1_75' title='bbox 2122 1275 2412 1361; x_wconf 85' lang='lat' dir='ltr'><strong>sibiq‘ue,</strong></span> 
     </span>
     <span class='ocr_line' id='line_1_10' title="bbox 204 1374 2416 1461; baseline -0.001 -17"><span class='ocrx_word' id='word_1_76' title='bbox 204 1380 266 1444; x_wconf 89' lang='lat' dir='ltr'><strong>si</strong></span> <span class='ocrx_word' id='word_1_77' title='bbox 343 1400 483 1445; x_wconf 86' lang='lat' dir='ltr'><strong>vos</strong></span> <span class='ocrx_word' id='word_1_78' title='bbox 549 1378 673 1442; x_wconf 90' lang='lat' dir='ltr'><strong>viri</strong></span> <span class='ocrx_word' id='word_1_79' title='bbox 741 1378 929 1456; x_wconf 73' lang='lat' dir='ltr'><strong>estiS,</strong></span> <span class='ocrx_word' id='word_1_80' title='bbox 1004 1375 1397 1461; x_wconf 82' lang='lat' dir='ltr'><strong>pestiferum</strong></span> <span class='ocrx_word' id='word_1_81' title='bbox 1459 1374 1612 1441; x_wconf 90' lang='lat' dir='ltr'><strong>hinc</strong></span> <span class='ocrx_word' id='word_1_82' title='bbox 1689 1375 1973 1443; x_wconf 86' lang='lat' dir='ltr'><strong>abstulit</strong></span> <span class='ocrx_word' id='word_1_83' title='bbox 2056 1375 2416 1460; x_wconf 67' lang='lat' dir='ltr'><strong>gaudium?</strong></span> 
     </span>
     <span class='ocr_line' id='line_1_11' title="bbox 201 1476 2422 1559; baseline -0 -12"><span class='ocrx_word' id='word_1_84' title='bbox 201 1482 407 1548; x_wconf 86' lang='lat' dir='ltr'><strong>Dant</strong></span> <span class='ocrx_word' id='word_1_85' title='bbox 440 1481 681 1546; x_wconf 86' lang='lat' dir='ltr'><strong>ordine</strong></span> <span class='ocrx_word' id='word_1_86' title='bbox 710 1498 941 1545; x_wconf 85' lang='lat' dir='ltr'><strong>omnes</strong></span> <span class='ocrx_word' id='word_1_87' title='bbox 969 1478 1209 1544; x_wconf 85' lang='lat' dir='ltr'><strong>fidem:</strong></span> <span class='ocrx_word' id='word_1_88' title='bbox 1255 1476 1683 1543; x_wconf 84' lang='lat' dir='ltr'><strong>consolantur</strong></span> <span class='ocrx_word' id='word_1_89' title='bbox 1709 1496 1952 1559; x_wconf 64' lang='lat' dir='ltr'><strong>aegram</strong></span> <span class='ocrx_word' id='word_1_90' title='bbox 1982 1480 2207 1558; x_wconf 88' lang='lat' dir='ltr'><strong>animi,</strong></span> <span class='ocrx_word' id='word_1_91' title='bbox 2230 1499 2422 1546; x_wconf 84' lang='lat' dir='ltr'><strong>aver-</strong></span> 
     </span>
     <span class='ocr_line' id='line_1_12' title="bbox 203 1579 2421 1669; baseline -0 -18"><span class='ocrx_word' id='word_1_92' title='bbox 203 1585 418 1651; x_wconf 88' lang='lat' dir='ltr'><strong>tendo</strong></span> <span class='ocrx_word' id='word_1_93' title='bbox 452 1603 708 1649; x_wconf 83' lang='lat' dir='ltr'><strong>noxam</strong></span> <span class='ocrx_word' id='word_1_94' title='bbox 742 1584 828 1648; x_wconf 88' lang='lat' dir='ltr'><strong>ab</strong></span> <span class='ocrx_word' id='word_1_95' title='bbox 858 1591 1105 1648; x_wconf 88' lang='lat' dir='ltr'><strong>coacta</strong></span> <span class='ocrx_word' id='word_1_96' title='bbox 1131 1583 1203 1646; x_wconf 91' lang='lat' dir='ltr'><strong>in</strong></span> <span class='ocrx_word' id='word_1_97' title='bbox 1227 1586 1567 1647; x_wconf 80' lang='lat' dir='ltr'><strong>auctorem</strong></span> <span class='ocrx_word' id='word_1_98' title='bbox 1598 1579 1852 1645; x_wconf 85' lang='lat' dir='ltr'><strong>delicti.</strong></span> <span class='ocrx_word' id='word_1_99' title='bbox 1940 1581 2232 1648; x_wconf 82' lang='lat' dir='ltr'><strong>Mentem</strong></span> <span class='ocrx_word' id='word_1_100' title='bbox 2265 1601 2421 1669; x_wconf 89' lang='lat' dir='ltr'><strong>pec-</strong></span> 
     </span>
     <span class='ocr_line' id='line_1_13' title="bbox 210 1682 2421 1772; baseline -0 -19"><span class='ocrx_word' id='word_1_101' title='bbox 210 1708 399 1768; x_wconf 88' lang='lat' dir='ltr'><strong>care,</strong></span> <span class='ocrx_word' id='word_1_102' title='bbox 430 1707 572 1752; x_wconf 87' lang='lat' dir='ltr'><strong>non</strong></span> <span class='ocrx_word' id='word_1_103' title='bbox 603 1705 890 1772; x_wconf 84' lang='lat' dir='ltr'><strong>corpus:</strong></span> <span class='ocrx_word' id='word_1_104' title='bbox 938 1692 1026 1764; x_wconf 90' lang='lat' dir='ltr'><strong>et,</strong></span> <span class='ocrx_word' id='word_1_105' title='bbox 1057 1685 1233 1750; x_wconf 90' lang='lat' dir='ltr'><strong>unde</strong></span> <span class='ocrx_word' id='word_1_106' title='bbox 1265 1685 1621 1750; x_wconf 82' lang='lat' dir='ltr'><strong>consilium</strong></span> <span class='ocrx_word' id='word_1_107' title='bbox 1673 1682 1937 1761; x_wconf 81' lang='lat' dir='ltr'><strong>afuerit,</strong></span> <span class='ocrx_word' id='word_1_108' title='bbox 1989 1686 2257 1769; x_wconf 70' lang='lat' dir='ltr'><strong>culpam</strong></span> <span class='ocrx_word' id='word_1_109' title='bbox 2298 1687 2421 1752; x_wconf 76' lang='lat' dir='ltr'><strong>ab-</strong></span> 
     </span>
     <span class='ocr_line' id='line_1_14' title="bbox 211 1785 2421 1875; baseline -0.001 -17"><span class='ocrx_word' id='word_1_110' title='bbox 211 1790 427 1858; x_wconf 85' lang='lat' dir='ltr'><strong>esse.¹¹</strong></span> <span class='ocrx_word' id='word_1_111' title='bbox 524 1789 769 1869; x_wconf 76' lang='lat' dir='ltr'><strong>‘VoS,’</strong></span> <span class='ocrx_word' id='word_1_112' title='bbox 816 1790 1059 1875; x_wconf 88' lang='lat' dir='ltr'><strong>inquit,</strong></span> <span class='ocrx_word' id='word_1_113' title='bbox 1114 1793 1136 1824; x_wconf 91' lang='lat'>‘</span> <span class='ocrx_word' id='word_1_114' title='bbox 1165 1788 1496 1866; x_wconf 77' lang='lat' dir='ltr'><strong>videritiS,</strong></span> <span class='ocrx_word' id='word_1_115' title='bbox 1537 1786 1700 1871; x_wconf 89' lang='lat' dir='ltr'><strong>quid</strong></span> <span class='ocrx_word' id='word_1_116' title='bbox 1742 1786 1842 1851; x_wconf 88' lang='lat' dir='ltr'><strong>illi</strong></span> <span class='ocrx_word' id='word_1_117' title='bbox 1886 1785 2248 1853; x_wconf 80' lang='lat' dir='ltr'><strong>debeatur:</strong></span> <span class='ocrx_word' id='word_1_118' title='bbox 2292 1809 2421 1872; x_wconf 86' lang='lat' dir='ltr'><strong>ego</strong></span> 
     </span>
     <span class='ocr_line' id='line_1_15' title="bbox 213 1890 2422 1981; baseline -0.001 -20"><span class='ocrx_word' id='word_1_119' title='bbox 213 1915 342 1974; x_wconf 89' lang='lat' dir='ltr'><strong>me,</strong></span> <span class='ocrx_word' id='word_1_120' title='bbox 374 1897 513 1961; x_wconf 83' lang='lat' dir='ltr'><strong>etsi</strong></span> <span class='ocrx_word' id='word_1_121' title='bbox 562 1902 849 1981; x_wconf 90' lang='lat' dir='ltr'><strong>peccato</strong></span> <span class='ocrx_word' id='word_1_122' title='bbox 896 1893 1204 1971; x_wconf 86' lang='lat' dir='ltr'><strong>absolvo,</strong></span> <span class='ocrx_word' id='word_1_123' title='bbox 1246 1891 1588 1977; x_wconf 79' lang='lat' dir='ltr'><strong>supplicio</strong></span> <span class='ocrx_word' id='word_1_124' title='bbox 1618 1910 1749 1955; x_wconf 90' lang='lat' dir='ltr'><strong>non</strong></span> <span class='ocrx_word' id='word_1_125' title='bbox 1780 1890 2012 1956; x_wconf 88' lang='lat' dir='ltr'><strong>libero.</strong></span> <span class='ocrx_word' id='word_1_126' title='bbox 2100 1890 2256 1958; x_wconf 84' lang='lat' dir='ltr'><strong>Nec</strong></span> <span class='ocrx_word' id='word_1_127' title='bbox 2283 1892 2422 1958; x_wconf 85' lang='lat' dir='ltr'><strong>ulla</strong></span> 
     </span>
     <span class='ocr_line' id='line_1_16' title="bbox 215 1992 2422 2084; baseline -0.002 -20"><span class='ocrx_word' id='word_1_128' title='bbox 215 1997 465 2064; x_wconf 89' lang='lat' dir='ltr'><strong>deinde</strong></span> <span class='ocrx_word' id='word_1_129' title='bbox 498 1998 847 2084; x_wconf 90' lang='lat' dir='ltr'><strong>impudica</strong></span> <span class='ocrx_word' id='word_1_130' title='bbox 874 1996 1209 2064; x_wconf 63' lang='lat' dir='ltr'><strong>Lucretiae</strong></span> <span class='ocrx_word' id='word_1_131' title='bbox 1233 1994 1552 2079; x_wconf 81' lang='lat' dir='ltr'><strong>exemplo</strong></span> <span class='ocrx_word' id='word_1_132' title='bbox 1584 1992 1804 2061; x_wconf 64' lang='lat' dir='ltr'><strong>vivet?</strong></span> <span class='ocrx_word' id='word_1_133' title='bbox 1870 1992 2191 2073; x_wconf 77' lang='lat' dir='ltr'><strong>cultrum,</strong></span> <span class='ocrx_word' id='word_1_134' title='bbox 2220 2014 2422 2080; x_wconf 87' lang='lat' dir='ltr'><strong>quem</strong></span> 
     </span>
     <span class='ocr_line' id='line_1_17' title="bbox 223 2094 2424 2182; baseline -0.001 -15"><span class='ocrx_word' id='word_1_135' title='bbox 223 2104 351 2167; x_wconf 81' lang='lat' dir='ltr'><strong>sub</strong></span> <span class='ocrx_word' id='word_1_136' title='bbox 383 2107 578 2169; x_wconf 78' lang='lat' dir='ltr'><strong>veste</strong></span> <span class='ocrx_word' id='word_1_137' title='bbox 609 2101 917 2168; x_wconf 88' lang='lat' dir='ltr'><strong>abditum</strong></span> <span class='ocrx_word' id='word_1_138' title='bbox 944 2101 1259 2179; x_wconf 83' lang='lat' dir='ltr'><strong>habebat,</strong></span> <span class='ocrx_word' id='word_1_139' title='bbox 1287 2118 1439 2165; x_wconf 90' lang='lat' dir='ltr'><strong>eum</strong></span> <span class='ocrx_word' id='word_1_140' title='bbox 1470 2100 1544 2163; x_wconf 90' lang='lat' dir='ltr'><strong>in</strong></span> <span class='ocrx_word' id='word_1_141' title='bbox 1572 2098 1772 2166; x_wconf 85' lang='lat' dir='ltr'><strong>corde</strong></span> <span class='ocrx_word' id='word_1_142' title='bbox 1801 2095 2034 2180; x_wconf 81' lang='lat' dir='ltr'><strong>defigit</strong></span> <span class='ocrx_word' id='word_1_143' title='bbox 2057 2094 2103 2161; x_wconf 73' lang='lat'><strong>:⁸</strong></span> <span class='ocrx_word' id='word_1_144' title='bbox 2147 2098 2424 2182; x_wconf 83' lang='lat' dir='ltr'><strong>prolap-</strong></span> 
     </span>
     <span class='ocr_line' id='line_1_18' title="bbox 219 2199 2426 2296; baseline -0.002 -26"><span class='ocrx_word' id='word_1_145' title='bbox 219 2224 430 2290; x_wconf 87' lang='lat' dir='ltr'><strong>saque</strong></span> <span class='ocrx_word' id='word_1_146' title='bbox 457 2208 537 2271; x_wconf 90' lang='lat' dir='ltr'><strong>in</strong></span> <span class='ocrx_word' id='word_1_147' title='bbox 564 2206 827 2287; x_wconf 73' lang='lat' dir='ltr'><strong>valane,</strong></span> <span class='ocrx_word' id='word_1_148' title='bbox 856 2204 1258 2272; x_wconf 84' lang='lat' dir='ltr'><strong>moribunda</strong></span> <span class='ocrx_word' id='word_1_149' title='bbox 1287 2201 1549 2269; x_wconf 87' lang='lat' dir='ltr'><strong>cecidit.</strong></span> <span class='ocrx_word' id='word_1_150' title='bbox 1608 2199 2053 2296; x_wconf 80' lang='lat' dir='ltr'><strong>Conclamant</strong></span> <span class='ocrx_word' id='word_1_151' title='bbox 2073 2200 2181 2293; x_wconf 11' lang='lat' dir='ltr'><strong>vir*</strong></span> <span class='ocrx_word' id='word_1_152' title='bbox 2202 2208 2426 2286; x_wconf 88' lang='lat' dir='ltr'><strong>pater-</strong></span> 
     </span>
     <span class='ocr_line' id='line_1_19' title="bbox 223 2327 380 2392; baseline 0 -18"><span class='ocrx_word' id='word_1_153' title='bbox 223 2327 380 2392; x_wconf 88' lang='lat' dir='ltr'><strong>que.</strong></span> 
     </span>
    </p>

    <p class='ocr_par' dir='ltr' id='par_1_3' title="bbox 227 2405 2430 3021">
     <span class='ocr_line' id='line_1_20' title="bbox 304 2405 2425 2498; baseline -0.003 -17"><span class='ocrx_word' id='word_1_154' title='bbox 304 2413 417 2481; x_wconf 80' lang='lat'><strong>59.</strong></span> <span class='ocrx_word' id='word_1_155' title='bbox 464 2412 751 2494; x_wconf 74' lang='lat' dir='ltr'><strong>BrutuS,</strong></span> <span class='ocrx_word' id='word_1_156' title='bbox 779 2411 918 2479; x_wconf 88' lang='lat' dir='ltr'><strong>illis</strong></span> <span class='ocrx_word' id='word_1_157' title='bbox 942 2411 1123 2479; x_wconf 85' lang='lat' dir='ltr'><strong>luctu</strong></span> <span class='ocrx_word' id='word_1_158' title='bbox 1155 2409 1526 2498; x_wconf 60' lang='lat' dir='ltr'><strong>occupem,</strong></span> <span class='ocrx_word' id='word_1_159' title='bbox 1557 2408 1859 2488; x_wconf 87' lang='lat' dir='ltr'><strong>cultrum,</strong></span> <span class='ocrx_word' id='word_1_160' title='bbox 1886 2426 1975 2475; x_wconf 85' lang='lat' dir='ltr'><strong>ex</strong></span> <span class='ocrx_word' id='word_1_161' title='bbox 1998 2406 2265 2474; x_wconf 82' lang='lat' dir='ltr'><strong>vulnere</strong></span> <span class='ocrx_word' id='word_1_162' title='bbox 2288 2405 2425 2475; x_wconf 90' lang='lat' dir='ltr'><strong>Lu-</strong></span> 
     </span>
     <span class='ocr_line' id='line_1_21' title="bbox 228 2510 2426 2597; baseline -0.002 -16"><span class='ocrx_word' id='word_1_163' title='bbox 228 2518 456 2582; x_wconf 81' lang='lat' dir='ltr'><strong>cretiae</strong></span> <span class='ocrx_word' id='word_1_164' title='bbox 482 2522 885 2596; x_wconf 86' lang='lat' dir='ltr'><strong>extractum,</strong></span> <span class='ocrx_word' id='word_1_165' title='bbox 932 2524 1319 2582; x_wconf 89' lang='lat' dir='ltr'><strong>manantem</strong></span> <span class='ocrx_word' id='word_1_166' title='bbox 1364 2530 1602 2579; x_wconf 87' lang='lat' dir='ltr'><strong>cruore</strong></span> <span class='ocrx_word' id='word_1_167' title='bbox 1642 2530 1788 2597; x_wconf 74' lang='lat' dir='ltr'><strong>pne</strong></span> <span class='ocrx_word' id='word_1_168' title='bbox 1828 2530 1903 2576; x_wconf 77' lang='lat' dir='ltr'><strong>ae</strong></span> <span class='ocrx_word' id='word_1_169' title='bbox 1949 2517 2202 2590; x_wconf 72' lang='lat' dir='ltr'><strong>tenena,</strong></span> <span class='ocrx_word' id='word_1_170' title='bbox 2249 2510 2426 2577; x_wconf 88' lang='lat' dir='ltr'><strong>‘Per</strong></span> 
     </span>
     <span class='ocr_line' id='line_1_22' title="bbox 227 2608 2430 2705; baseline -0.002 -23"><span class='ocrx_word' id='word_1_171' title='bbox 227 2617 453 2701; x_wconf 85' lang='lat' dir='ltr'><strong>hunc,&#39;</strong></span> <span class='ocrx_word' id='word_1_172' title='bbox 493 2621 742 2705; x_wconf 84' lang='lat' dir='ltr'><strong>inquit,</strong></span> <span class='ocrx_word' id='word_1_173' title='bbox 787 2620 1284 2687; x_wconf 82' lang='lat' dir='ltr'><strong>‘castissimum</strong></span> <span class='ocrx_word' id='word_1_174' title='bbox 1313 2621 1465 2682; x_wconf 87' lang='lat' dir='ltr'><strong>ante</strong></span> <span class='ocrx_word' id='word_1_175' title='bbox 1493 2614 1746 2699; x_wconf 85' lang='lat' dir='ltr'><strong>regiam</strong></span> <span class='ocrx_word' id='word_1_176' title='bbox 1775 2608 2121 2700; x_wconf 66' lang='lat' dir='ltr'><strong>injuriam¹⁸</strong></span> <span class='ocrx_word' id='word_1_177' title='bbox 2164 2614 2430 2701; x_wconf 82' lang='lat' dir='ltr'><strong>sangui·</strong></span> 
     </span>
     <span class='ocr_line' id='line_1_23' title="bbox 228 2715 2426 2811; baseline -0.002 -22"><span class='ocrx_word' id='word_1_178' title='bbox 228 2744 373 2790; x_wconf 90' lang='lat' dir='ltr'><strong>nem</strong></span> <span class='ocrx_word' id='word_1_179' title='bbox 387 2726 584 2811; x_wconf 85' lang='lat' dir='ltr'><strong>juro,</strong></span> <span class='ocrx_word' id='word_1_180' title='bbox 627 2746 913 2811; x_wconf 83' lang='lat' dir='ltr'><strong>vosque,</strong></span> <span class='ocrx_word' id='word_1_181' title='bbox 942 2725 1090 2805; x_wconf 88' lang='lat' dir='ltr'><strong>Dii,</strong></span> <span class='ocrx_word' id='word_1_182' title='bbox 1120 2729 1327 2792; x_wconf 76' lang='lat' dir='ltr'><strong>testes</strong></span> <span class='ocrx_word' id='word_1_183' title='bbox 1352 2720 1560 2801; x_wconf 82' lang='lat' dir='ltr'><strong>facio,</strong></span> <span class='ocrx_word' id='word_1_184' title='bbox 1589 2740 1695 2786; x_wconf 90' lang='lat' dir='ltr'><strong>me</strong></span> <span class='ocrx_word' id='word_1_185' title='bbox 1724 2721 1807 2786; x_wconf 90' lang='lat' dir='ltr'><strong>L.</strong></span> <span class='ocrx_word' id='word_1_186' title='bbox 1834 2715 2282 2804; x_wconf 81' lang='lat' dir='ltr'><strong>Tarquinium</strong></span> <span class='ocrx_word' id='word_1_187' title='bbox 2303 2717 2426 2784; x_wconf 92' lang='lat' dir='ltr'><strong>Su-</strong></span> 
     </span>
     <span class='ocr_line' id='line_1_24' title="bbox 230 2821 2428 2912; baseline -0.004 -20"><span class='ocrx_word' id='word_1_188' title='bbox 230 2830 533 2909; x_wconf 78' lang='lat' dir='ltr'><strong>perbum,</strong></span> <span class='ocrx_word' id='word_1_189' title='bbox 566 2849 717 2896; x_wconf 89' lang='lat' dir='ltr'><strong>cum</strong></span> <span class='ocrx_word' id='word_1_190' title='bbox 750 2831 1078 2895; x_wconf 81' lang='lat' dir='ltr'><strong>scelerata</strong></span> <span class='ocrx_word' id='word_1_191' title='bbox 1107 2828 1390 2912; x_wconf 84' lang='lat' dir='ltr'><strong>conjuge</strong></span> <span class='ocrx_word' id='word_1_192' title='bbox 1436 2833 1506 2891; x_wconf 90' lang='lat' dir='ltr'><strong>et</strong></span> <span class='ocrx_word' id='word_1_193' title='bbox 1560 2824 1739 2889; x_wconf 91' lang='lat' dir='ltr'><strong>omni</strong></span> <span class='ocrx_word' id='word_1_194' title='bbox 1790 2822 2154 2888; x_wconf 88' lang='lat' dir='ltr'><strong>liberorum</strong></span> <span class='ocrx_word' id='word_1_195' title='bbox 2194 2821 2428 2906; x_wconf 78' lang='lat' dir='ltr'><strong>stirpe,</strong></span> 
     </span>
     <span class='ocr_line' id='line_1_25' title="bbox 235 2919 2429 3021; baseline -0.001 -28"><span class='ocrx_word' id='word_1_196' title='bbox 235 2928 423 3013; x_wconf 84' lang='lat' dir='ltr'><strong>ferro,</strong></span> <span class='ocrx_word' id='word_1_197' title='bbox 452 2934 620 3018; x_wconf 86' lang='lat' dir='ltr'><strong>igni,</strong></span> <span class='ocrx_word' id='word_1_198' title='bbox 661 2952 1086 3020; x_wconf 88' lang='lat' dir='ltr'><strong>quacumque</strong></span> <span class='ocrx_word' id='word_1_199' title='bbox 1107 2939 1132 2970; x_wconf 85' lang='lat'><em>²</em></span> <span class='ocrx_word' id='word_1_200' title='bbox 1180 2931 1423 2999; x_wconf 87' lang='lat' dir='ltr'><strong>dehinc</strong></span> <span class='ocrx_word' id='word_1_201' title='bbox 1452 2929 1523 2996; x_wconf 84' lang='lat' dir='ltr'><strong>vi</strong></span> <span class='ocrx_word' id='word_1_202' title='bbox 1548 2928 1833 3014; x_wconf 87' lang='lat' dir='ltr'><strong>possim,</strong></span> <span class='ocrx_word' id='word_1_203' title='bbox 1871 2931 2306 2992; x_wconf 83' lang='lat' dir='ltr'><strong>executurum</strong></span> <span class='ocrx_word' id='word_1_204' title='bbox 2331 2919 2429 3021; x_wconf 57' lang='lat'><strong>33¹</strong></span> 
     </span>
    </p>
   </div>
   <div class='ocr_carea' id='block_1_3' title="bbox 1224 3083 1442 3137">
    <p class='ocr_par' dir='ltr' id='par_1_4' title="bbox 1224 3083 1442 3137">
     <span class='ocr_line' id='line_1_26' title="bbox 1224 3083 1442 3137; baseline -0.005 -1"><span class='ocrx_word' id='word_1_205' title='bbox 1224 3083 1442 3137; x_wconf 71' lang='lat' dir='ltr'><strong>NOTAE</strong></span> 
     </span>
    </p>
   </div>
   <div class='ocr_carea' id='block_1_4' title="bbox 243 3148 2430 3323">
    <p class='ocr_par' dir='ltr' id='par_1_5' title="bbox 243 3148 2430 3323">
     <span class='ocr_line' id='line_1_27' title="bbox 296 3148 2430 3250; baseline -0.006 -13"><span class='ocrx_word' id='word_1_206' title='bbox 296 3190 322 3226; x_wconf 75' lang='lat'><strong>⁸</strong></span> <span class='ocrx_word' id='word_1_207' title='bbox 352 3184 513 3237; x_wconf 65' lang='lat' dir='ltr'><strong>Satine</strong></span> <span class='ocrx_word' id='word_1_208' title='bbox 535 3148 1092 3250; x_wconf 64' lang='lat' dir='ltr'><strong>salvoe11nterrogandi</strong></span> <span class='ocrx_word' id='word_1_209' title='bbox 1115 3182 1294 3241; x_wconf 83' lang='lat' dir='ltr'><strong>forma,</strong></span> <span class='ocrx_word' id='word_1_210' title='bbox 1379 3179 1637 3248; x_wconf 75' lang='lat' dir='ltr'><strong>peratorit</strong></span> <span class='ocrx_word' id='word_1_211' title='bbox 1675 3177 1943 3230; x_wconf 73' lang='lat' dir='ltr'><strong>discedere</strong></span> <span class='ocrx_word' id='word_1_212' title='bbox 1981 3176 2169 3228; x_wconf 84' lang='lat' dir='ltr'><strong>merito</strong></span> <span class='ocrx_word' id='word_1_213' title='bbox 2213 3185 2430 3226; x_wconf 75' lang='lat' dir='ltr'><strong>censue-</strong></span> 
     </span>
     <span class='ocr_line' id='line_1_28' title="bbox 243 3251 2429 3323; baseline -0.005 -14"><span class='ocrx_word' id='word_1_214' title='bbox 243 3264 580 3323; x_wconf 80' lang='lat' dir='ltr'><strong>quaerentium</strong></span> <span class='ocrx_word' id='word_1_215' title='bbox 595 3277 661 3314; x_wconf 87' lang='lat' dir='ltr'><strong>an</strong></span> <span class='ocrx_word' id='word_1_216' title='bbox 678 3277 761 3313; x_wconf 79' lang='lat' dir='ltr'><strong>res</strong></span> <span class='ocrx_word' id='word_1_217' title='bbox 778 3261 1073 3313; x_wconf 68' lang='lat' dir='ltr'><strong>domesticae</strong></span> <span class='ocrx_word' id='word_1_218' title='bbox 1096 3261 1294 3313; x_wconf 86' lang='lat' dir='ltr'><strong>incolu·</strong></span> <span class='ocrx_word' id='word_1_219' title='bbox 1377 3266 1515 3309; x_wconf 87' lang='lat' dir='ltr'><strong>runt.</strong></span> <span class='ocrx_word' id='word_1_220' title='bbox 1557 3255 1710 3307; x_wconf 82' lang='lat' dir='ltr'><strong>Unde</strong></span> <span class='ocrx_word' id='word_1_221' title='bbox 1736 3258 1803 3307; x_wconf 86' lang='lat' dir='ltr'><strong>D.</strong></span> <span class='ocrx_word' id='word_1_222' title='bbox 1826 3253 2144 3319; x_wconf 71' lang='lat' dir='ltr'><strong>Augustinus</strong></span> <span class='ocrx_word' id='word_1_223' title='bbox 2166 3266 2231 3303; x_wconf 82' lang='lat' dir='ltr'><strong>ex</strong></span> <span class='ocrx_word' id='word_1_224' title='bbox 2257 3251 2429 3301; x_wconf 71' lang='lat' dir='ltr'><strong>Claria-</strong></span> 
     </span>
    </p>
   </div>
   <div class='ocr_carea' id='block_1_5' title="bbox 243 3338 1306 4404">
    <p class='ocr_par' dir='ltr' id='par_1_6' title="bbox 243 3338 488 3390">
     <span class='ocr_line' id='line_1_29' title="bbox 243 3338 488 3390; baseline 0.029 -7"><span class='ocrx_word' id='word_1_225' title='bbox 243 3348 346 3384; x_wconf 75' lang='lat' dir='ltr'><strong>mes</strong></span> <span class='ocrx_word' id='word_1_226' title='bbox 367 3338 488 3390; x_wconf 69' lang='lat' dir='ltr'><strong>sint.</strong></span> 
     </span>
    </p>

    <p class='ocr_par' dir='ltr' id='par_1_7' title="bbox 246 3400 1296 3622">
     <span class='ocr_line' id='line_1_30' title="bbox 302 3400 1295 3479; baseline -0.001 -16"><span class='ocrx_word' id='word_1_227' title='bbox 302 3409 326 3444; x_wconf 72' lang='lat'><strong>¹¹</strong></span> <span class='ocrx_word' id='word_1_228' title='bbox 363 3413 501 3465; x_wconf 68' lang='lat' dir='ltr'><strong>vaae</strong></span> <span class='ocrx_word' id='word_1_229' title='bbox 520 3412 766 3466; x_wconf 69' lang='lat' dir='ltr'><strong>emmam</strong></span> <span class='ocrx_word' id='word_1_230' title='bbox 789 3414 984 3477; x_wconf 62' lang='lat' dir='ltr'><strong>afuerit,</strong></span> <span class='ocrx_word' id='word_1_231' title='bbox 1003 3400 1187 3479; x_wconf 48' lang='lat' dir='ltr'><strong>eatbam</strong></span> <span class='ocrx_word' id='word_1_232' title='bbox 1213 3412 1295 3462; x_wconf 73' lang='lat' dir='ltr'><strong>ab·</strong></span> 
     </span>
     <span class='ocr_line' id='line_1_31' title="bbox 246 3488 1296 3558; baseline 0.003 -19"><span class='ocrx_word' id='word_1_233' title='bbox 246 3488 357 3554; x_wconf 72' lang='lat' dir='ltr'><strong>me]</strong></span> <span class='ocrx_word' id='word_1_234' title='bbox 387 3492 598 3545; x_wconf 84' lang='lat' dir='ltr'><strong>Idcirco</strong></span> <span class='ocrx_word' id='word_1_235' title='bbox 621 3495 719 3543; x_wconf 82' lang='lat' dir='ltr'><strong>vim</strong></span> <span class='ocrx_word' id='word_1_236' title='bbox 747 3508 900 3558; x_wconf 75' lang='lat' dir='ltr'><strong>passa</strong></span> <span class='ocrx_word' id='word_1_237' title='bbox 935 3494 987 3544; x_wconf 89' lang='lat' dir='ltr'><strong>in</strong></span> <span class='ocrx_word' id='word_1_238' title='bbox 1021 3494 1190 3558; x_wconf 69' lang='lat' dir='ltr'><strong>legem</strong></span> <span class='ocrx_word' id='word_1_239' title='bbox 1229 3490 1296 3543; x_wconf 88' lang='lat' dir='ltr'><strong>de</strong></span> 
     </span>
     <span class='ocr_line' id='line_1_32' title="bbox 246 3564 847 3622; baseline 0.017 -10"><span class='ocrx_word' id='word_1_240' title='bbox 246 3565 504 3621; x_wconf 76' lang='lat' dir='ltr'><strong>adulteriis</strong></span> <span class='ocrx_word' id='word_1_241' title='bbox 525 3586 626 3622; x_wconf 88' lang='lat' dir='ltr'><strong>nou</strong></span> <span class='ocrx_word' id='word_1_242' title='bbox 648 3564 847 3622; x_wconf 85' lang='lat' dir='ltr'><strong>incidit.</strong></span> 
     </span>
    </p>

    <p class='ocr_par' dir='ltr' id='par_1_8' title="bbox 252 3641 1306 4404">
     <span class='ocr_line' id='line_1_33' title="bbox 317 3641 1298 3719; baseline 0.003 -27"><span class='ocrx_word' id='word_1_243' title='bbox 317 3641 331 3673; x_wconf 85' lang='lat'>¹</span> <span class='ocrx_word' id='word_1_244' title='bbox 356 3644 593 3704; x_wconf 62' lang='lat' dir='ltr'><strong>Celerum,</strong></span> <span class='ocrx_word' id='word_1_245' title='bbox 624 3648 707 3710; x_wconf 70' lang='grc' dir='ltr'><strong><em>ξςσ.</em></strong></span> <span class='ocrx_word' id='word_1_246' title='bbox 740 3647 794 3697; x_wconf 72' lang='lat' dir='ltr'><strong>ia</strong></span> <span class='ocrx_word' id='word_1_247' title='bbox 825 3648 966 3697; x_wconf 76' lang='lat' dir='ltr'><strong>corde</strong></span> <span class='ocrx_word' id='word_1_248' title='bbox 984 3644 1181 3719; x_wconf 60' lang='lat' dir='ltr'><strong>defigit]</strong></span> <span class='ocrx_word' id='word_1_249' title='bbox 1212 3644 1298 3695; x_wconf 78' lang='lat' dir='ltr'><strong>Ita</strong></span> 
     </span>
     <span class='ocr_line' id='line_1_34' title="bbox 252 3722 1297 3799; baseline 0.008 -35"><span class='ocrx_word' id='word_1_250' title='bbox 252 3727 391 3799; x_wconf 69' lang='lat' dir='ltr'><strong>erant</strong></span> <span class='ocrx_word' id='word_1_251' title='bbox 429 3722 774 3773; x_wconf 85' lang='lat' dir='ltr'><strong>Romanorum</strong></span> <span class='ocrx_word' id='word_1_252' title='bbox 821 3730 1051 3774; x_wconf 81' lang='lat' dir='ltr'><strong>veterum</strong></span> <span class='ocrx_word' id='word_1_253' title='bbox 1095 3736 1297 3774; x_wconf 78' lang='lat' dir='ltr'><strong>morea:</strong></span> 
     </span>
     <span class='ocr_line' id='line_1_35' title="bbox 252 3796 1301 3864; baseline 0.009 -24"><span class='ocrx_word' id='word_1_254' title='bbox 252 3804 302 3839; x_wconf 83' lang='lat' dir='ltr'><strong>m</strong></span> <span class='ocrx_word' id='word_1_255' title='bbox 322 3807 375 3843; x_wconf 87' lang='lat' dir='ltr'><strong>re</strong></span> <span class='ocrx_word' id='word_1_256' title='bbox 393 3796 606 3849; x_wconf 83' lang='lat' dir='ltr'><strong>honesta</strong></span> <span class='ocrx_word' id='word_1_257' title='bbox 631 3813 812 3849; x_wconf 78' lang='lat' dir='ltr'><strong>manus</strong></span> <span class='ocrx_word' id='word_1_258' title='bbox 846 3798 947 3850; x_wconf 70' lang='lat' dir='ltr'><strong>sibi</strong></span> <span class='ocrx_word' id='word_1_259' title='bbox 982 3799 1080 3864; x_wconf 70' lang='lat' dir='ltr'><strong>ipsi</strong></span> <span class='ocrx_word' id='word_1_260' title='bbox 1118 3796 1301 3850; x_wconf 80' lang='lat' dir='ltr'><strong>afferre</strong></span> 
     </span>
     <span class='ocr_line' id='line_1_36' title="bbox 255 3865 1301 3941; baseline 0.009 -26"><span class='ocrx_word' id='word_1_261' title='bbox 255 3865 383 3922; x_wconf 83' lang='lat' dir='ltr'><strong>laudi</strong></span> <span class='ocrx_word' id='word_1_262' title='bbox 438 3879 758 3927; x_wconf 81' lang='lat' dir='ltr'><strong>vertebatur.</strong></span> <span class='ocrx_word' id='word_1_263' title='bbox 825 3874 980 3941; x_wconf 85' lang='lat' dir='ltr'><strong>Apud</strong></span> <span class='ocrx_word' id='word_1_264' title='bbox 1024 3875 1301 3926; x_wconf 73' lang='lat' dir='ltr'><strong>&#39;rhebanoa</strong></span> 
     </span>
     <span class='ocr_line' id='line_1_37' title="bbox 257 3942 1302 4006; baseline 0.007 -9"><span class='ocrx_word' id='word_1_265' title='bbox 257 3942 583 4004; x_wconf 74' lang='lat' dir='ltr'><strong>damnabatur</strong></span> <span class='ocrx_word' id='word_1_266' title='bbox 598 3955 710 4006; x_wconf 81' lang='lat' dir='ltr'><strong>haec</strong></span> <span class='ocrx_word' id='word_1_267' title='bbox 725 3954 802 4004; x_wconf 77' lang='lat' dir='ltr'><strong>aui</strong></span> <span class='ocrx_word' id='word_1_268' title='bbox 816 3952 1132 4005; x_wconf 81' lang='lat' dir='ltr'><strong>carnificina.</strong></span> <span class='ocrx_word' id='word_1_269' title='bbox 1143 3951 1302 4004; x_wconf 79' lang='lat' dir='ltr'><strong>Athe·</strong></span> 
     </span>
     <span class='ocr_line' id='line_1_38' title="bbox 258 4020 1304 4097; baseline 0.006 -23"><span class='ocrx_word' id='word_1_270' title='bbox 258 4020 451 4076; x_wconf 74' lang='lat' dir='ltr'><strong>nieuees</strong></span> <span class='ocrx_word' id='word_1_271' title='bbox 482 4030 596 4094; x_wconf 74' lang='lat' dir='ltr'><strong>ejus</strong></span> <span class='ocrx_word' id='word_1_272' title='bbox 619 4031 707 4097; x_wconf 89' lang='lat' dir='ltr'><strong>qni</strong></span> <span class='ocrx_word' id='word_1_273' title='bbox 742 4030 841 4081; x_wconf 77' lang='lat' dir='ltr'><strong>sibi</strong></span> <span class='ocrx_word' id='word_1_274' title='bbox 864 4039 1085 4081; x_wconf 84' lang='lat' dir='ltr'><strong>mortem</strong></span> <span class='ocrx_word' id='word_1_275' title='bbox 1107 4029 1304 4080; x_wconf 68' lang='lat' dir='ltr'><strong>courci-</strong></span> 
     </span>
     <span class='ocr_line' id='line_1_39' title="bbox 260 4095 1302 4171; baseline 0.012 -28"><span class='ocrx_word' id='word_1_276' title='bbox 260 4095 407 4151; x_wconf 72' lang='lat' dir='ltr'><strong>visaet</strong></span> <span class='ocrx_word' id='word_1_277' title='bbox 446 4109 742 4156; x_wconf 81' lang='lat' dir='ltr'><strong>truncatam</strong></span> <span class='ocrx_word' id='word_1_278' title='bbox 764 4121 969 4159; x_wconf 85' lang='lat' dir='ltr'><strong>manum</strong></span> <span class='ocrx_word' id='word_1_279' title='bbox 994 4106 1302 4171; x_wconf 72' lang='lat' dir='ltr'><strong>insepultam</strong></span> 
     </span>
     <span class='ocr_line' id='line_1_40' title="bbox 262 4174 1303 4257; baseline 0.009 -34"><span class='ocrx_word' id='word_1_280' title='bbox 262 4174 629 4257; x_wconf 62' lang='lat' dir='ltr'><strong>relinquebant.</strong></span> <span class='ocrx_word' id='word_1_281' title='bbox 696 4182 856 4234; x_wconf 88' lang='lat' dir='ltr'><strong>Plato</strong></span> <span class='ocrx_word' id='word_1_282' title='bbox 878 4189 935 4234; x_wconf 91' lang='lat' dir='ltr'><strong>et</strong></span> <span class='ocrx_word' id='word_1_283' title='bbox 959 4183 1161 4233; x_wconf 81' lang='lat' dir='ltr'><strong>Seneca</strong></span> <span class='ocrx_word' id='word_1_284' title='bbox 1199 4197 1303 4233; x_wconf 87' lang='lat' dir='ltr'><strong>non</strong></span> 
     </span>
     <span class='ocr_line' id='line_1_41' title="bbox 264 4244 1304 4326; baseline 0.012 -29"><span class='ocrx_word' id='word_1_285' title='bbox 264 4244 408 4302; x_wconf 81' lang='lat' dir='ltr'><strong>heere</strong></span> <span class='ocrx_word' id='word_1_286' title='bbox 429 4259 662 4325; x_wconf 88' lang='lat' dir='ltr'><strong>cuiquam</strong></span> <span class='ocrx_word' id='word_1_287' title='bbox 685 4274 750 4309; x_wconf 85' lang='lat' dir='ltr'><strong>ex</strong></span> <span class='ocrx_word' id='word_1_288' title='bbox 772 4263 1025 4326; x_wconf 70' lang='lat' dir='ltr'><strong>corporis,</strong></span> <span class='ocrx_word' id='word_1_289' title='bbox 1051 4272 1105 4310; x_wconf 82' lang='lat' dir='ltr'><strong>ut</strong></span> <span class='ocrx_word' id='word_1_290' title='bbox 1129 4261 1203 4310; x_wconf 87' lang='lat' dir='ltr'><strong>ita</strong></span> <span class='ocrx_word' id='word_1_291' title='bbox 1226 4259 1304 4309; x_wconf 91' lang='lat' dir='ltr'><strong>di·</strong></span> 
     </span>
     <span class='ocr_line' id='line_1_42' title="bbox 266 4336 1306 4404; baseline 0.016 -32"><span class='ocrx_word' id='word_1_292' title='bbox 266 4336 386 4394; x_wconf 81' lang='lat' dir='ltr'><strong>cam,</strong></span> <span class='ocrx_word' id='word_1_293' title='bbox 406 4339 646 4396; x_wconf 76' lang='lat' dir='ltr'><strong>statione,</strong></span> <span class='ocrx_word' id='word_1_294' title='bbox 672 4339 871 4404; x_wconf 74' lang='lat' dir='ltr'><strong>injussu</strong></span> <span class='ocrx_word' id='word_1_295' title='bbox 884 4338 987 4389; x_wconf 89' lang='lat' dir='ltr'><strong>Dei</strong></span> <span class='ocrx_word' id='word_1_296' title='bbox 1010 4339 1196 4390; x_wconf 71' lang='lat' dir='ltr'><strong>summi</strong></span> <span class='ocrx_word' id='word_1_297' title='bbox 1214 4338 1306 4389; x_wconf 86' lang='lat' dir='ltr'><strong>im·</strong></span> 
     </span>
    </p>
   </div>
   <div class='ocr_carea' id='block_1_6' title="bbox 1377 3325 2444 4403">
    <p class='ocr_par' dir='ltr' id='par_1_9' title="bbox 1377 3325 2433 3549">
     <span class='ocr_line' id='line_1_43' title="bbox 1377 3325 2433 3395; baseline -0.009 -11"><span class='ocrx_word' id='word_1_298' title='bbox 1377 3334 1517 3384; x_wconf 82' lang='lat' dir='ltr'><strong>tiana</strong></span> <span class='ocrx_word' id='word_1_299' title='bbox 1543 3332 1814 3395; x_wconf 82' lang='lat' dir='ltr'><strong>disciplina</strong></span> <span class='ocrx_word' id='word_1_300' title='bbox 1836 3329 1910 3380; x_wconf 73' lang='lat' dir='ltr'><strong>sic</strong></span> <span class='ocrx_word' id='word_1_301' title='bbox 1935 3338 2077 3380; x_wconf 88' lang='lat' dir='ltr'><strong>recte</strong></span> <span class='ocrx_word' id='word_1_302' title='bbox 2101 3327 2167 3378; x_wconf 86' lang='lat' dir='ltr'><strong>de</strong></span> <span class='ocrx_word' id='word_1_303' title='bbox 2189 3325 2433 3377; x_wconf 84' lang='lat' dir='ltr'><strong>Lucretia</strong></span> 
     </span>
     <span class='ocr_line' id='line_1_44' title="bbox 1378 3401 2433 3475; baseline -0.007 -17"><span class='ocrx_word' id='word_1_304' title='bbox 1378 3409 1769 3475; x_wconf 74' lang='lat' dir='ltr'><strong>philosophatur</strong></span> <span class='ocrx_word' id='word_1_305' title='bbox 1792 3425 1806 3458; x_wconf 76' lang='lat' dir='ltr'>z</span> <span class='ocrx_word' id='word_1_306' title='bbox 1846 3406 1862 3434; x_wconf 91' lang='lat'>‘</span> <span class='ocrx_word' id='word_1_307' title='bbox 1881 3406 1936 3457; x_wconf 83' lang='lat' dir='ltr'><strong>Si</strong></span> <span class='ocrx_word' id='word_1_308' title='bbox 1961 3408 2156 3465; x_wconf 75' lang='lat' dir='ltr'><strong>insons,</strong></span> <span class='ocrx_word' id='word_1_309' title='bbox 2179 3418 2272 3454; x_wconf 88' lang='lat' dir='ltr'><strong>cur</strong></span> <span class='ocrx_word' id='word_1_310' title='bbox 2296 3401 2433 3471; x_wconf 76' lang='lat' dir='ltr'><strong>occi·</strong></span> 
     </span>
     <span class='ocr_line' id='line_1_45' title="bbox 1377 3480 2264 3549; baseline -0.009 -11"><span class='ocrx_word' id='word_1_311' title='bbox 1377 3488 1554 3538; x_wconf 78' lang='lat' dir='ltr'><strong>ditur:</strong></span> <span class='ocrx_word' id='word_1_312' title='bbox 1591 3487 1632 3535; x_wconf 73' lang='lat' dir='ltr'><strong>si</strong></span> <span class='ocrx_word' id='word_1_313' title='bbox 1656 3485 1827 3549; x_wconf 85' lang='lat' dir='ltr'><strong>noxia,</strong></span> <span class='ocrx_word' id='word_1_314' title='bbox 1852 3498 1944 3534; x_wconf 90' lang='lat' dir='ltr'><strong>cur</strong></span> <span class='ocrx_word' id='word_1_315' title='bbox 1964 3483 2208 3534; x_wconf 80' lang='lat' dir='ltr'><strong>laudatur</strong></span> <span class='ocrx_word' id='word_1_316' title='bbox 2227 3480 2264 3531; x_wconf 80' lang='lat'><strong>?’</strong></span> 
     </span>
    </p>

    <p class='ocr_par' dir='ltr' id='par_1_10' title="bbox 1378 3559 2443 4167">
     <span class='ocr_line' id='line_1_46' title="bbox 1441 3559 2438 3629; baseline -0.01 -12"><span class='ocrx_word' id='word_1_317' title='bbox 1441 3566 1467 3601; x_wconf 81' lang='lat'><strong>¹¹</strong></span> <span class='ocrx_word' id='word_1_318' title='bbox 1499 3566 1630 3618; x_wconf 76' lang='lat' dir='ltr'><strong>Ante</strong></span> <span class='ocrx_word' id='word_1_319' title='bbox 1654 3565 1838 3628; x_wconf 71' lang='lat' dir='ltr'><strong>regiam</strong></span> <span class='ocrx_word' id='word_1_320' title='bbox 1864 3563 2113 3629; x_wconf 62' lang='lat' dir='ltr'><strong>iniuriam]</strong></span> <span class='ocrx_word' id='word_1_321' title='bbox 2150 3559 2292 3611; x_wconf 86' lang='lat' dir='ltr'><strong>Ante</strong></span> <span class='ocrx_word' id='word_1_322' title='bbox 2330 3564 2438 3609; x_wconf 75' lang='lat' dir='ltr'><strong>stu·</strong></span> 
     </span>
     <span class='ocr_line' id='line_1_47' title="bbox 1378 3635 2435 3710; baseline -0.01 -16"><span class='ocrx_word' id='word_1_323' title='bbox 1378 3658 1527 3710; x_wconf 87' lang='lat' dir='ltr'><strong>prum</strong></span> <span class='ocrx_word' id='word_1_324' title='bbox 1552 3657 1584 3693; x_wconf 88' lang='lat' dir='ltr'><strong>a</strong></span> <span class='ocrx_word' id='word_1_325' title='bbox 1603 3643 1765 3692; x_wconf 83' lang='lat' dir='ltr'><strong>Sexto</strong></span> <span class='ocrx_word' id='word_1_326' title='bbox 1797 3642 1932 3707; x_wconf 70' lang='lat' dir='ltr'><strong>regia</strong></span> <span class='ocrx_word' id='word_1_327' title='bbox 1962 3639 2069 3690; x_wconf 82' lang='lat' dir='ltr'><strong>filio</strong></span> <span class='ocrx_word' id='word_1_328' title='bbox 2104 3637 2325 3699; x_wconf 84' lang='lat' dir='ltr'><strong>illatum,</strong></span> <span class='ocrx_word' id='word_1_329' title='bbox 2345 3635 2435 3701; x_wconf 86' lang='lat' dir='ltr'><strong>qui</strong></span> 
     </span>
     <span class='ocr_line' id='line_1_48' title="bbox 1380 3713 2437 3786; baseline -0.009 -15"><span class='ocrx_word' id='word_1_330' title='bbox 1380 3729 1436 3772; x_wconf 87' lang='lat' dir='ltr'><strong>et</strong></span> <span class='ocrx_word' id='word_1_331' title='bbox 1457 3721 1572 3786; x_wconf 77' lang='lat' dir='ltr'><strong>ipae</strong></span> <span class='ocrx_word' id='word_1_332' title='bbox 1604 3718 1889 3770; x_wconf 86' lang='lat' dir='ltr'><strong>Gabiornm</strong></span> <span class='ocrx_word' id='word_1_333' title='bbox 1910 3732 2002 3768; x_wconf 78' lang='lat' dir='ltr'><strong>rex</strong></span> <span class='ocrx_word' id='word_1_334' title='bbox 2023 3732 2055 3768; x_wconf 88' lang='lat' dir='ltr'><strong>a</strong></span> <span class='ocrx_word' id='word_1_335' title='bbox 2090 3725 2239 3782; x_wconf 85' lang='lat' dir='ltr'><strong>patre</strong></span> <span class='ocrx_word' id='word_1_336' title='bbox 2264 3713 2437 3763; x_wconf 72' lang='lat' dir='ltr'><strong>dictus</strong></span> 
     </span>
     <span class='ocr_line' id='line_1_49' title="bbox 1379 3789 2438 3859; baseline -0.011 -8"><span class='ocrx_word' id='word_1_337' title='bbox 1379 3797 1571 3855; x_wconf 83' lang='lat' dir='ltr'><strong>fuerat,</strong></span> <span class='ocrx_word' id='word_1_338' title='bbox 1594 3802 1802 3847; x_wconf 88' lang='lat' dir='ltr'><strong>auctore</strong></span> <span class='ocrx_word' id='word_1_339' title='bbox 1828 3793 2095 3859; x_wconf 74' lang='lat' dir='ltr'><strong>Dionysio.</strong></span> <span class='ocrx_word' id='word_1_340' title='bbox 2143 3789 2255 3842; x_wconf 83' lang='lat' dir='ltr'><strong>Sed</strong></span> <span class='ocrx_word' id='word_1_341' title='bbox 2273 3796 2328 3841; x_wconf 92' lang='lat' dir='ltr'><strong>et</strong></span> <span class='ocrx_word' id='word_1_342' title='bbox 2349 3803 2438 3854; x_wconf 77' lang='lat' dir='ltr'><strong>ge-</strong></span> 
     </span>
     <span class='ocr_line' id='line_1_50' title="bbox 1381 3868 2439 3936; baseline -0.008 -12"><span class='ocrx_word' id='word_1_343' title='bbox 1381 3874 1630 3925; x_wconf 83' lang='lat' dir='ltr'><strong>neraliler</strong></span> <span class='ocrx_word' id='word_1_344' title='bbox 1668 3885 1847 3936; x_wconf 78' lang='lat' dir='ltr'><strong>regum</strong></span> <span class='ocrx_word' id='word_1_345' title='bbox 1879 3868 2015 3920; x_wconf 74' lang='lat' dir='ltr'><strong>lilios</strong></span> <span class='ocrx_word' id='word_1_346' title='bbox 2048 3881 2219 3933; x_wconf 72' lang='lat' dir='ltr'><strong>reges,</strong></span> <span class='ocrx_word' id='word_1_347' title='bbox 2255 3880 2439 3917; x_wconf 82' lang='lat' dir='ltr'><strong>eorun-</strong></span> 
     </span>
     <span class='ocr_line' id='line_1_51' title="bbox 1382 3945 2441 4012; baseline -0.009 -9"><span class='ocrx_word' id='word_1_348' title='bbox 1382 3952 1500 4003; x_wconf 87' lang='lat' dir='ltr'><strong>dem</strong></span> <span class='ocrx_word' id='word_1_349' title='bbox 1540 3949 1672 4003; x_wconf 74' lang='lat' dir='ltr'><strong>liliaa</strong></span> <span class='ocrx_word' id='word_1_350' title='bbox 1708 3948 1914 4012; x_wconf 75' lang='lat' dir='ltr'><strong>reginas</strong></span> <span class='ocrx_word' id='word_1_351' title='bbox 1958 3945 2132 3997; x_wconf 81' lang='lat' dir='ltr'><strong>vocari</strong></span> <span class='ocrx_word' id='word_1_352' title='bbox 2170 3950 2441 4012; x_wconf 79' lang='lat' dir='ltr'><strong>receptum</strong></span> 
     </span>
     <span class='ocr_line' id='line_1_52' title="bbox 1383 4018 2443 4089; baseline -0.009 -9"><span class='ocrx_word' id='word_1_353' title='bbox 1383 4037 1483 4080; x_wconf 76' lang='lat' dir='ltr'><strong>est.</strong></span> <span class='ocrx_word' id='word_1_354' title='bbox 1547 4028 1636 4077; x_wconf 84' lang='lat' dir='ltr'><strong>Ita</strong></span> <span class='ocrx_word' id='word_1_355' title='bbox 1676 4041 1794 4076; x_wconf 86' lang='lat' dir='ltr'><strong>mox</strong></span> <span class='ocrx_word' id='word_1_356' title='bbox 1838 4027 1855 4053; x_wconf 83' lang='lat'>⁸</span> <span class='ocrx_word' id='word_1_357' title='bbox 1874 4023 2082 4089; x_wconf 72' lang='lat' dir='ltr'><strong>regibus</strong></span> <span class='ocrx_word' id='word_1_358' title='bbox 2120 4021 2389 4072; x_wconf 84' lang='lat' dir='ltr'><strong>nuntiaret</strong></span> <span class='ocrx_word' id='word_1_359' title='bbox 2406 4018 2443 4070; x_wconf 73' lang='grc' dir='ltr'><strong>ι’</strong></span> 
     </span>
     <span class='ocr_line' id='line_1_53' title="bbox 1384 4101 1902 4167; baseline -0.008 -11"><span class='ocrx_word' id='word_1_360' title='bbox 1384 4106 1439 4157; x_wconf 91' lang='lat' dir='ltr'><strong>id</strong></span> <span class='ocrx_word' id='word_1_361' title='bbox 1465 4112 1566 4167; x_wconf 76' lang='lat' dir='ltr'><strong>est,</strong></span> <span class='ocrx_word' id='word_1_362' title='bbox 1586 4101 1902 4167; x_wconf 73' lang='lat' dir='ltr'><strong>Tarquiniis.</strong></span> 
     </span>
    </p>

    <p class='ocr_par' dir='ltr' id='par_1_11' title="bbox 1383 4178 2444 4403">
     <span class='ocr_line' id='line_1_54' title="bbox 1451 4178 2444 4244; baseline -0.008 -12"><span class='ocrx_word' id='word_1_363' title='bbox 1451 4181 1466 4217; x_wconf 73' lang='grc' dir='ltr'>Ι</span> <span class='ocrx_word' id='word_1_364' title='bbox 1494 4179 1847 4244; x_wconf 68' lang='grc' dir='ltr'><strong>Εεεοιιιιινιιιιι]</strong></span> <span class='ocrx_word' id='word_1_365' title='bbox 1931 4178 2144 4232; x_wconf 86' lang='lat' dir='ltr'><strong>Dicitur</strong></span> <span class='ocrx_word' id='word_1_366' title='bbox 2212 4188 2444 4227; x_wconf 80' lang='lat' dir='ltr'><strong>nonuun-</strong></span> 
     </span>
     <span class='ocr_line' id='line_1_55' title="bbox 1383 4253 2444 4327; baseline -0.011 -17"><span class='ocrx_word' id='word_1_367' title='bbox 1383 4274 1538 4327; x_wconf 85' lang='lat' dir='ltr'><strong>quam</strong></span> <span class='ocrx_word' id='word_1_368' title='bbox 1555 4257 1725 4323; x_wconf 77' lang='lat' dir='ltr'><strong>exequi</strong></span> <span class='ocrx_word' id='word_1_369' title='bbox 1739 4257 1915 4307; x_wconf 86' lang='lat' dir='ltr'><strong>eadem</strong></span> <span class='ocrx_word' id='word_1_370' title='bbox 1937 4253 2444 4320; x_wconf 75' lang='lat' dir='ltr'><strong>significatione‚qua</strong></span> 
     </span>
     <span class='ocr_line' id='line_1_56' title="bbox 1386 4322 2444 4403; baseline -0.014 -16"><span class='ocrx_word' id='word_1_371' title='bbox 1386 4334 1649 4403; x_wconf 73' lang='lat' dir='ltr'><strong>persequi,</strong></span> <span class='ocrx_word' id='word_1_372' title='bbox 1672 4333 1870 4395; x_wconf 74' lang='lat' dir='ltr'><strong>ulcisci,</strong></span> <span class='ocrx_word' id='word_1_373' title='bbox 1893 4330 2193 4383; x_wconf 78' lang='lat' dir='ltr'><strong>vindicare:</strong></span> <span class='ocrx_word' id='word_1_374' title='bbox 2232 4323 2330 4379; x_wconf 76' lang='lat' dir='ltr'><strong>aed</strong></span> <span class='ocrx_word' id='word_1_375' title='bbox 2353 4322 2444 4389; x_wconf 53' lang='lat' dir='ltr'><strong>adq</strong></span> 
     </span>
    </p>
   </div>
  </div>
 </body>
</html>
