3034 4925
564 435 694 501 4:30
1512 452 1581 499 r.
1631 449 1820 501 mvn

566 593 723 661 inde
743 595 1057 662 oriundus
1084 596 1274 675 erat‚‘¹
1317 597 1502 681 plebi
1527 616 1774 664 carum.
1837 597 1935 677 Is,
1963 598 2378 664 intromissus
2409 597 2481 662 in
2501 603 2744 675 castra,

566 700 788 783 prisco
817 699 932 764 illo
960 700 1225 768 dicendi
1253 707 1319 764 et
1347 701 1611 766 horrido
1639 702 1884 767 modo⁸
1919 702 2077 766 nihil
2110 702 2314 778 aliud,
2357 721 2563 786 quam
2597 701 2741 775 hoc,

566 821 868 866 narrasse
896 801 1132 868 fertur:
1181 808 1199 838 ‘
1229 803 1589 888 Tempore,
1636 825 1770 889 quo
1809 807 1879 871 in
1917 806 2182 871 homine
2230 825 2380 884 non,
2434 812 2509 869 ut
2548 825 2742 879 nunc,

564 905 782 970 omnia
809 905 875 969 in
906 925 1108 969 unum
1151 908 1667 987 consentiebant,
1716 909 1834 974 sed
1881 906 2154 993 singulis
2195 908 2518 973 membris
2558 926 2742 971 suum

565 1008 807 1093 cuique
851 1010 1229 1090 consilium,
1278 1031 1437 1076 suus
1485 1032 1707 1078 sermo
1742 1013 2401 1098 sueratsindignatas
2450 1011 2745 1096 reliquas

559 1116 806 1195 partes,
858 1130 995 1177 sua.
1025 1132 1202 1191 cura,
1251 1133 1376 1179 suo
1417 1115 1647 1180 labore
1698 1136 1778 1181 ac
1824 1117 2194 1182 ministerio
2252 1117 2465 1181 ventri
2525 1114 2744 1178 omnia

559 1215 809 1297 quaeri:
854 1220 1168 1296 ventrem,
1202 1218 1267 1280 in
1297 1215 1514 1307 medio
1548 1219 1867 1302 quietum,
1895 1219 2056 1284 nihil
2086 1219 2296 1296 alind,
2326 1238 2539 1302 quam
2571 1218 2747 1281 datis

559 1316 1025 1403 voluptatibus
1052 1318 1217 1385 frui:
1264 1323 1689 1406 conspirasse
1720 1324 1895 1401 inde,
1928 1343 2013 1388 ne
2038 1342 2274 1387 manus
2297 1321 2385 1386 ad
2407 1341 2491 1387 os
2524 1321 2743 1386 cibum

477 1434 508 1458 ··
556 1419 820 1501 ferrent,
866 1442 991 1487 nec
1037 1441 1116 1488 os
1168 1423 1496 1506 acciperet
1548 1424 1802 1502 datum,
1855 1445 1980 1489 neo
2033 1424 2262 1489 dentes
2314 1423 2743 1489 conficerent.

555 1523 716 1589 Hac
738 1526 883 1603 ira:
911 1525 1066 1591 dum
1083 1535 1377 1591 ventrem
1407 1526 1584 1592 fame
1610 1527 1884 1594 domare
1917 1528 2178 1605 vellent,
2206 1527 2359 1610 ipsa
2380 1545 2523 1590 una
2546 1545 2740 1591 mem-

554 1629 677 1696 bra
720 1635 1073 1714 totumque
1103 1649 1348 1714 corpus
1398 1631 1482 1695 ad
1532 1634 1899 1695 extremam
1943 1631 2167 1695 tabem
2208 1630 2503 1694 venisse.
2586 1628 2742 1694 Inde

556 1733 975 1814 apparuisse,
1014 1734 1262 1823 ventris
1301 1753 1575 1819 quoque
1621 1733 1798 1798 haud
1844 1752 2044 1816 segne
2073 1732 2521 1798 ministerium
2563 1752 2740 1798 esse:

554 1850 698 1899 nec⁴
726 1834 936 1917 magis
980 1835 1096 1913 ali,
1142 1856 1345 1919 quam
1392 1836 1569 1901 alere
1607 1856 1782 1916 eum,
1826 1834 2208 1908 reddentem
2236 1835 2305 1899 in
2336 1855 2577 1899 omnes
2607 1856 2740 1901 cor-

555 1936 743 2020 poris
785 1943 1010 2021 partes
1046 1939 1244 2019 hunc,
1289 1959 1422 2024 quo
1461 1940 1752 2006 vivimus
1796 1939 2260 2023 vigemusque,
2302 1937 2603 2003 divisum
2632 1959 2739 2023 pa·

554 2044 713 2109 riter
739 2045 809 2110 in
841 2065 1046 2111 venas
1067 2052 1424 2125 maturum,
1456 2048 1754 2113 consecto
1779 2047 1993 2126 cibo,²
2026 2044 2497 2129 sanguinem&
2551 2045 2741 2112 Com·

554 2148 858 2230 parando
889 2148 1061 2227 hinc,
1100 2169 1306 2235 quam
1337 2151 1658 2215 intestina
1688 2150 1986 2235 corporis
2017 2149 2265 2213 seditio
2296 2149 2540 2214 slmilis
2572 2157 2738 2215 esset

554 2251 670 2315 irae
701 2249 921 2333 plebis
949 2251 1019 2315 in
1050 2251 1312 2329 Patres·‚
1354 2249 1631 2318 flexisse
1664 2260 1919 2318 mentes
1950 2252 2311 2318 hominum.

634 2352 743 2418 33.
787 2352 918 2437 Agi
950 2354 1181 2420 deinde
1212 2355 1296 2420 de
1328 2357 1693 2422 concordia
1720 2352 2073 2441 coeptum‚f
2106 2374 2645 2440 concessumque
2673 2356 2736 2419 in

613 2520 641 2546 δ’
675 2513 777 2564 Per
797 2516 920 2567 ἰναηι
941 2518 1220 2581 Ιηᾱωηιοάἰ.

614 2588 641 2621 ¹
672 2580 965 2645 Sanguinem
985 2585 1275 2636 comunione
1294 2583 1388 2634 ciba·
1409 2583 1710 2634 elaboratum.

1460 2743 1666 2767 0000000
1673 2742 1822 2765 00000

493 2887 497 2891 .
549 2847 592 2892 2⁴
614 2843 697 2894 Al.
720 2851 901 2897 mature
920 2849 1126 2909 confecto
1145 2848 1263 2899 cibo.

1540 2962 1753 3017 NOTA-2

547 3070 614 3106 ex
636 3057 776 3108 Plin.
799 3059 887 3110 lib.
911 3073 1013 3110 vn.
1032 3076 1147 3126 cap.
1172 3067 1221 3112 8.
1246 3064 1324 3111 vel
1354 3078 1418 3112 ex
1443 3063 1595 3127 aegri-
1678 3062 1849 3113 fuerat
1895 3064 2086 3128 ποῖαι,-
2122 3063 2204 3113 vel
2245 3061 2478 3129 Agrippa
2518 3065 2633 3129 ipse
2684 3064 2730 3114 iu

545 3131 749 3198 tudine,
788 3141 846 3184 et
889 3136 1125 3202 pedibus,
1167 3152 1233 3188 ex
1277 3138 1449 3190 Gellio
1506 3140 1595 3189 lib.
1677 3144 1908 3194 ordinem
1954 3146 2168 3195 allectus
2210 3144 2383 3194 fuerat
2416 3161 2448 3193 a
2483 3145 2655 3195 Bruto
2679 3150 2729 3192 et

547 3220 716 3258 xvul·
736 3224 854 3274 cap.
883 3215 962 3262 16.
1677 3221 1967 3285 Poplicola,
2008 3223 2309 3272 exhaustum
2346 3223 2620 3289 Tarquinii
2648 3222 2730 3271 Ss-

609 3284 634 3318 d
690 3286 826 3342 Quod
867 3288 977 3337 inde
1014 3289 1237 3341 oriundus
1274 3294 1401 3359 erat]
1458 3295 1597 3346 Illud
1684 3299 1833 3362 perbi
1868 3299 2179 3349 erudelitate
2208 3300 2458 3349 Senatum
2490 3301 2727 3364 supplen-

524 3362 654 3412 -inde
697 3361 832 3412 idem
877 3365 1132 3429 significat
1173 3376 1328 3434 atque
1363 3386 1425 3421 ex
1454 3373 1602 3436 plebe.
1683 3374 1838 3433 tibus,
1864 3386 1919 3425 ut
1945 3374 2107 3425 refert
2130 3377 2345 3441 Dionys.
2369 3378 2462 3426 lib.
2489 3391 2573 3428 m.
2597 3374 2725 3441 quod

546 3439 855 3503 scrupulum
912 3449 1088 3492 tamen
1144 3444 1355 3509 injicere
1412 3457 1603 3514 potest,
1681 3451 1800 3501 milii
1826 3452 2136 3514 probabilius
2159 3452 2382 3504 videtur.

545 3518 681 3581 quod
704 3518 789 3567 hie
812 3517 1049 3585 Agrippa
1066 3521 1333 3573 Menenius
1354 3525 1598 3585 Lanatus,

543 3595 606 3646 C.
629 3595 863 3667 Menenii
884 3596 1038 3662 filios,
1059 3599 1238 3650 consul
1271 3600 1432 3651 fuisse
1455 3604 1596 3654 dica-

542 3678 627 3722 tur
661 3673 810 3738 hujus
850 3674 964 3725 libri
999 3691 1113 3742 esp.
1147 3681 1227 3728 16.
1259 3679 1480 3730 necdum
1517 3688 1597 3731 ts·

540 3764 658 3800 men
682 3751 732 3800 in
773 3752 977 3815 plebem
1014 3756 1213 3820 vulgati
1250 3766 1396 3808 erant
1433 3759 1594 3808 hono·

539 3840 656 3877 res:
692 3829 812 3894 quin
836 3844 933 3881 nec
956 3832 1266 3884 connubium
1290 3834 1458 3885 adhuc
1480 3836 1592 3899 ple·

542 3901 734 3954 hicum
759 3908 994 3969 patribus
1017 3917 1152 3973 erat,
1176 3918 1235 3960 ut
1264 3927 1327 3961 ne
1359 3921 1592 3963 materna

488 4022 495 4039 ,
543 3978 750 4043 quidem
771 3984 966 4046 origine
1000 3986 1164 4037 videri
1188 3987 1352 4051 possit
1386 3987 1608 4052 plebem.

545 4054 799 4118 attigisse.
865 4061 1056 4111 Verum
1090 4063 1447 4114 Menenios-um
1478 4066 1591 4116 haee

540 4130 756 4196 familia,
788 4133 933 4187 initio
965 4138 1186 4205 plebeia,
1209 4141 1291 4192 vel
1322 4158 1352 4191 a
1373 4142 1591 4207 Tarqui·

539 4208 628 4259 nio
650 4208 852 4275 Prisco,
876 4227 989 4263 cum
1011 4214 1055 4263 is
1084 4217 1390 4268 Senatorum
1416 4235 1589 4269 nume·

538 4297 652 4334 rum
691 4292 922 4352 augeret,
950 4290 1122 4353 (cujus
1156 4293 1230 4342 rei
1270 4294 1463 4345 Noster
1499 4296 1589 4348 lib.

542 4374 586 4411 ι.
623 4376 740 4429 esp.
775 4368 858 4417 86.
898 4367 1157 4434 meminit)
1179 4370 1313 4424 inter
1345 4374 1592 4441 patricias

1742 3537 1765 3564 θ
1803 3530 2018 3579 Horu-ido
2058 3530 2217 3595 modo]
2275 3531 2333 3579 In
2378 3531 2553 3581 verbis
2595 3530 2723 3581 forte

1681 3606 1810 3657 rude
1853 3609 1996 3674 quid,
2042 3609 2131 3659 sed
2172 3607 2348 3659 fabula
2389 3609 2507 3672 ipsa
2553 3610 2720 3675 (quam

1681 3685 1960 3750 Dionysius
1985 3691 2044 3736 et
2074 3685 2237 3735 ceteri
2272 3700 2446 3736 rerum
2482 3688 2723 3737 Romano·

1677 3775 1788 3810 rum
1803 3763 2081 3826 scriptores
2106 3763 2367 3827 referunt)
2379 3778 2478 3814 non
2503 3763 2719 3828 illepida-

1739 3835 1759 3871 ἴ
1789 3841 1887 3901 Agi
1918 3840 2088 3890 deinde
2124 3840 2185 3891 de
2220 3842 2470 3891 mordis
2509 3841 2721 3906 ceput]

1675 3915 1958 3966 Discordiae
1975 3915 2091 3967 fons
2115 3917 2408 3981 praeeipuns
2431 3933 2588 3969 eausa
2604 3933 2719 3967 nex·

1672 4007 1838 4057 orum,
1877 3993 1928 4043 id
1969 4003 2072 4058 est,
2109 3994 2404 4045 debitorum
2451 4011 2516 4045 ex
2553 3995 2720 4061 plebe,

1672 4085 1886 4136 qnorum
1929 4086 2147 4136 corpora
2184 4070 2530 4123 creditoribus
2566 4072 2719 4136 pun-i·

1673 4146 1767 4198 ciis
1790 4147 2045 4198 obnoxia:
2096 4163 2213 4214 quae
2245 4162 2330 4198 res
2353 4156 2412 4199 ut
2441 4149 2720 4213 composita

1670 4222 1850 4288 fuerit,
1888 4231 2032 4276 tacet
2066 4225 2259 4289 Livius,
2300 4226 2436 4293 quod
2476 4241 2598 4276 sne
2630 4225 2717 4276 mi·

1672 4316 1800 4354 rum.
1852 4301 2110 4352 Petendae
2133 4302 2296 4368 igitur
2315 4317 2382 4353 ex
2403 4302 2613 4367 Dionys.
2635 4300 2719 4352 lib·

1674 4394 1751 4431 vr.
1806 4378 2128 4445 conditiones
2169 4378 2616 4447 quss„proposuit
2660 4377 2712 4428 in
