3034 4925
2330 403 2458 470 237

362 571 472 638 22.
514 569 761 636 Numae
781 575 995 635 morte
1023 568 1110 634 ad
1139 570 1574 653 interregnum
1602 588 1709 634 res
1736 564 1979 633 rediit.b
2068 565 2271 631 Inde·
2300 565 2456 631 Tul-

282 673 412 741 lum
469 673 865 751 Hostilium,
918 678 1227 757 nepotem
1288 671 1620 750 Hostilii?
1662 669 1861 756 cujus
1910 671 1983 735 in
2027 669 2260 735 infima
2308 687 2461 735 arce

282 776 457 842 clara
484 793 709 861 pugna
736 775 1071 842 adversus
1102 775 1395 842 Sabinos
1416 775 1656 856 fuerat,
1673 794 1892 858 regem
1919 773 2216 860 populus
2234 772 2464 857 jussit.

286 877 521 942 Patres
552 884 859 944 auctores
886 878 1068 944 facti.
1158 878 1229 943 Η
1235 879 1300 943 io
1339 898 1469 944 non
1510 879 1729 944 solum
1757 878 2072 963 proximo
2104 876 2242 959 regi
2270 873 2466 938 dissi·

284 980 481 1059 milis,
500 981 619 1047 sed
648 980 928 1047 ferocior
954 982 1149 1046 etiam
1172 980 1467 1048 Romulo
1489 980 1643 1048 fuit.
1699 982 1873 1047 Tum
1905 988 2106 1047 aetas³
2139 980 2467 1061 viresque,

286 1090 421 1150 tum
459 1084 642 1150 avita
677 1103 950 1170 quoque
998 1085 1215 1168 gloria
1260 1086 1559 1152 animum
1608 1086 2022 1152 stimulabat.
2110 1082 2469 1148 Senesoere

284 1187 474 1268 igitur
516 1188 855 1254 civitatem
908 1188 1049 1253 otio
1096 1188 1320 1266 ratus,¹
1380 1188 1677 1273 undique
1725 1189 2076 1254 materiam
2125 1179 2472 1249 excitandi

284 1290 442 1357 belli
490 1294 863 1376 quaerebat.
953 1291 1157 1358 Forte
1218 1294 1463 1372 evenit,
1523 1298 1601 1358 ut
1657 1299 1954 1376 agrestes
2001 1286 2291 1354 Romani
2312 1284 2338 1322 ‘¹
2384 1302 2471 1348 ex

1070 421 1213 471 mn.
1263 423 1312 469 1.
1361 422 1523 470 υΛΡ.
1565 404 1671 471 22.

352 1439 369 1472 ⁸
401 1441 699 1492 Existivnaens
716 1442 957 1494 civitatem
975 1458 1091 1508 paee
1110 1449 1387 1508 torpescere.

1190 1571 1552 1594 nomm„

282 1666 290 1679 ⁴
348 1659 377 1704 8
411 1655 472 1706 In
494 1656 602 1706 Ms.
622 1655 855 1714 vindob.
876 1663 977 1722 est,
1006 1657 1150 1708 etium
1170 1672 1309 1722 quum
1330 1656 1564 1708 Romulus
1575 1657 1706 1722 fuitg
1745 1674 1850 1709 cum
1870 1657 2105 1707 ‹etus—4
2140 1651 2226 1703 Al.
2254 1648 2474 1710 Civiline,

1274 1790 1490 1842 1401·AE

287 1873 466 1934 uiorsri
489 1886 684 1949 potuit.
716 1893 790 1952 et,
820 1885 920 1937 nisi
948 1886 1120 1951 fallor,
1141 1886 1340 1937 debuit.
1478 1887 1503 1923 b
1533 1889 1615 1940 Aa
1640 1889 1965 1952 interregnum
1984 1900 2061 1936 res
2089 1881 2258 1947 rediit]
2296 1882 2377 1932 De
2401 1880 2476 1930 in·

289 1962 341 2010 J.
367 1963 596 2013 Clericus.
1414 1974 1660 2034 terregno
1693 1975 1750 2018 et
1782 1963 2129 2030 interregibus
2165 1960 2404 2021 diximus,
2432 1972 2478 2008 c.

319 2104 322 2109 Ι
348 2045 372 2072 ⁸
405 2039 521 2089 Tres
559 2044 612 2089 et
644 2040 985 2105 quodraginta]
1026 2040 1115 2091 Ita
1146 2040 1342 2106 Diony·

290 2113 389 2166 sius
408 2121 462 2165 et
485 2115 694 2181 reliqui.
759 2116 926 2167 Porro
961 2119 1133 2169 Numa
1165 2131 1344 2168 exces-

290 2194 355 2244 sit
392 2209 583 2244 sunum
607 2199 686 2244 80.
710 2195 872 2245 morbi
897 2195 963 2246 ud
1004 2197 1056 2246 id
1098 2197 1343 2258 temporis

291 2283 490 2334 expers.
547 2269 794 2335 Plerique
816 2272 1064 2321 Veterum
1087 2273 1225 2338 apud
1248 2272 1344 2322 Di·

292 2349 513 2412 onysium
535 2355 596 2398 et
621 2347 956 2398 Plutarchum
978 2354 1195 2414 quatuor
1216 2348 1265 2398 ei
1287 2347 1345 2397 fi-

290 2423 382 2474 lios
422 2426 711 2490 assignant,
749 2423 1095 2489 Pomponem,
1137 2425 1348 2488 Pinum,

292 2501 517 2566 Calpiuui
541 2511 601 2551 et
620 2501 955 2560 Mamercum,
975 2517 1041 2552 ex
1058 2500 1247 2569 quibus
1263 2516 1345 2552 or-

293 2586 372 2628 tos
395 2582 577 2630 volunt
598 2580 926 2643 Pomponius,
951 2578 1207 2635 Pinarius,
1231 2579 1346 2629 Cal·

295 2659 517 2720 purnios,
555 2666 613 2707 et
648 2657 845 2720 priscos
874 2656 1196 2708 Mamercos:
1232 2670 1347 2719 quae

294 2733 496 2786 familia
517 2736 650 2798 regis
671 2748 953 2799 cognomen
972 2734 1169 2786 idcirco
1192 2731 1352 2785 affec-³

296 2811 537 2861 tuerint.
608 2811 818 2873 Verum,
853 2826 967 2863 cum
1009 2810 1205 2860 Pinarii
1232 2811 1348 2873 jum

297 2887 358 2938 sb
391 2887 639 2938 Herculis
670 2894 727 2938 et
762 2888 990 2939 Evandri
1032 2887 1351 2953 temporibus

298 2973 664 3028 memorentur,
711 2978 811 3014 non
852 2964 1005 3015 modo
1043 2979 1209 3026 susm,
1255 2964 1349 3013 sed

301 3046 349 3090 et
401 3049 697 3092 ceterorum
748 3039 1000 3102 originem
1051 3048 1351 3104 suspectum

300 3119 532 3170 reddunt.
583 3117 792 3170 Certior
812 3117 941 3168 fides
964 3117 1276 3182 Pompilium
1300 3117 1351 3167 ei

298 3195 447 3247 liliam
490 3203 698 3247 tantum
739 3194 987 3258 assignat,
1022 3194 1133 3244 sine
1173 3193 1353 3245 liberis

297 3272 452 3323 virilis
474 3286 650 3323 sexus.
680 3272 867 3321 Numae
887 3270 1105 3335 effigiem
1123 3284 1187 3320 ex
1206 3284 1354 3320 num·

294 3350 389 3398 'mis
409 3350 494 3405 11·oe
518 3348 805 3414 subjectam
828 3348 996 3399 lector
1016 3347 1233 3398 videbit.

1416 2047 1498 2095 17.

1480 2122 1512 2152 ⁵
1547 2121 1613 2173 A.
1637 2122 1704 2172 U.
1727 2122 1790 2174 C.
1810 2125 1894 2172 88.

1481 2209 1503 2234 ⁰
1538 2200 1769 2266 Nepotem
1794 2197 2025 2262 Hostilii]
2057 2193 2363 2245 Medulliam
2387 2207 2479 2256 op·

1419 2275 1620 2341 pidum,
1661 2275 1726 2327 ab
1770 2273 1986 2326 Albanis
2030 2272 2150 2322 olim
2196 2269 2482 2332 eonditum,

1418 2355 1673 2405 Romulus
1711 2352 1976 2402 deditione
2013 2355 2245 2413 captum,
2276 2344 2482 2396 fecerat

1420 2432 1769 2484 Romanorum
1788 2428 2058 2481 coloniam.
2120 2423 2254 2476 Inde
2278 2423 2480 2473 Hostus

1420 2510 1682 2562 Hostilius
1704 2510 1754 2559 iu
1772 2506 1953 2559 urbem
1975 2501 2237 2569 migravit,
2252 2500 2339 2549 ubi
2356 2513 2483 2548 uxo-

1421 2602 1529 2637 rem
1552 2586 1834 2637 Hersiliam
1853 2581 2005 2635 duxit
2018 2578 2255 2631 Hersilia
2274 2574 2484 2627 sabino
2583 2578 2588 2582 “

1420 2664 1595 2715 filiam.
1663 2663 1716 2712 ls
1737 2667 1857 2727 post
1880 2659 2045 2709 multu
2059 2653 2270 2722 egregia
2289 2650 2486 2701 facino-

1421 2755 1499 2807 ra,
1535 2741 1643 2791 acri
1667 2738 1849 2803 prelio
1883 2734 1947 2786 ud
1975 2732 2114 2783 urbis
2136 2729 2324 2781 moeniu
2343 2729 2485 2776 inter

1424 2818 1700 2870 Romulum
1737 2816 2045 2878 Tatiumque
2077 2806 2366 2865 commisso,
2386 2816 2487 2853 ca-

1423 2911 1511 2946 sus
1531 2894 1800 2956 occubuit,
1830 2898 1892 2941 ut
1921 2902 2038 2952 esp.
2058 2890 2140 2936 12.
2174 2883 2369 2933 dictum
2389 2885 2490 2931 est.

1426 2977 1507 3026 Ex
1529 2976 1637 3027 tillo
1659 2976 1772 3041 ejus
1807 2972 1984 3032 unico,
2017 2981 2170 3034 quem
2209 2973 2359 3029 pater
2380 2974 2486 3012 mo·

1427 3055 1567 3104 tiens
1600 3052 1853 3103 infantem
1894 3046 2192 3111 reliquerat,
2224 3048 2376 3091 natus
2410 3044 2489 3087 est

1424 3132 1511 3181 bic
1544 3130 1727 3182 Tullus
1753 3125 2024 3185 Hostilius,
2054 3120 2141 3187 qui
2165 3117 2355 3170 tertius
2378 3130 2491 3180 reg·

1427 3222 1550 3258 num
1576 3208 1754 3257 Romae
1789 3202 1908 3254 iniit
1945 3196 2272 3265 Olympiadis
2297 3198 2377 3245 2⁷.
2403 3208 2488 3245 au.

1426 3288 1477 3335 2.
1499 3297 1567 3334 ex
1586 3283 1808 3348 Dionys.
1830 3279 1919 3330 lib.
1937 3291 2027 3327 ιιι.
2064 3276 2193 3326 Cum
2211 3287 2272 3322 eo
2290 3271 2357 3322 de
2377 3285 2493 3335 reg·

1425 3375 1495 3412 no
1542 3358 1812 3411 contendit
1856 3356 1933 3406 M.
1970 3352 2204 3403 Marcius
2247 3348 2492 3403 Sabinus,

1426 3438 1515 3503 qui
1553 3437 1606 3486 iu
1641 3450 1702 3486 ea
1737 3431 2072 3484 contentione
2105 3423 2363 3488 suffragiis
2389 3423 2491 3472 vic·

1426 3521 1530 3577 tus,
1555 3520 1773 3563 mortem
1797 3509 1896 3558 sibi
1921 3504 2192 3557 conscivit.
2261 3500 2331 3548 At
2356 3498 2492 3547 Hos-

1426 3591 1571 3642 tilius
1611 3603 1824 3652 regnum
1857 3583 2042 3646 insigni
2069 3576 2382 3629 liberalitate
2405 3588 2492 3623 au-

1424 3669 1661 3733 spicatus
1684 3672 1784 3723 est,
1807 3661 1972 3710 diviso
1998 3660 2134 3707 inter
2152 3665 2344 3717 egenos
2369 3663 2494 3712 agro

1424 3746 1608 3811 regio;
1642 3740 1778 3809 quod
1815 3738 1913 3787 sibi
1953 3729 2318 3800 patrimonium
2349 3741 2494 3776 suum

1424 3830 1535 3875 tum
1558 3822 1623 3872 ad
1648 3816 1978 3870 domesticos,
2003 3817 2113 3858 tum
2144 3803 2211 3856 ad
2245 3801 2494 3853 sacrifici·

1426 3915 1571 3951 orum
1593 3903 1789 3949 sumtus
1814 3888 2050 3943 sufficere
2073 3883 2291 3933 diceret.

1490 3977 1515 4011 ‘¹
1553 3976 1698 4026 Forte
1720 3970 1891 4025 evenit,
1918 3972 1973 4016 ut
2010 3966 2226 4026 agrestes
2262 3956 2496 4021 Romani]

1430 4053 1512 4105 Ab
1538 4049 1757 4103 Albanis
1779 4042 2084 4112 quibusdem
2107 4037 2350 4102 inopibus
2382 4036 2495 4101 jus-

1429 4147 1489 4180 su
1515 4128 1691 4180 Cluilii
1714 4124 1909 4174 factum
1948 4115 2219 4185 predandi
2253 4121 2308 4164 et
2333 4115 2497 4187 latro·

1430 4206 1640 4259 einandi
1682 4203 1881 4254 initium
1934 4207 2188 4250 memorat
2231 4193 2303 4245 id.
2348 4190 2497 4240 Hali·

1435 4299 1578 4336 (ΣΒΠΙ.
