3034 4925
556 812 562 818 ’
664 813 785 903 Τ.
886 812 1230 906 LIVII
1334 810 2015 905 PATAVINl

1084 1068 1423 1148 LIBER
1500 1070 1579 1148 1.

1072 1600 1589 1652 BREVIARIUM.

241 1727 363 1794 Cu».
385 1747 426 1784 ι.
492 1732 775 1786 Antenoris
799 1741 855 1785 et
877 1721 1051 1785 Eneae
1090 1734 1344 1787 adventus
1376 1736 1429 1786 in
1468 1735 1699 1790 Italiam.
1769 1736 1876 1788 Hic
1909 1735 2100 1789 bellum
2139 1737 2280 1802 gerit
2310 1752 2427 1790 cum

297 1815 501 1879 Latino,
532 1817 628 1866 sed
653 1832 770 1868 mox
796 1831 977 1881 pacem
1001 1831 1063 1867 ac
1085 1815 1273 1868 deinde
1297 1815 1600 1869 affinitatem
1617 1818 1813 1883 ,ᾕιιιιςίῐΙ
1835 1819 2116 1885 conditque
2140 1820 2430 1877 Lavinium,

294 1894 380 1945 ubi
409 1894 671 1948 Ascanius
711 1897 860 1947 brevi
901 1896 1152 1948 nascitur.
1216 1901 1266 1949 2.
1299 1896 1646 1962 Aboriginum
1683 1900 2126 1966 Trojanorumque
2150 1901 2289 1952 bella
2311 1916 2429 1951 cum

294 1975 462 2027 Turno
483 1985 542 2028 et
570 1978 852 2033 Mezentio.
902 1978 1050 2029 Mors
1070 1977 1268 2030 AEueae.
1333 1982 1383 2030 8.
1418 1978 1695 2046 Ascanius,
1717 1981 1821 2043 vel,
1844 1987 1904 2033 ut
1925 1981 2009 2031 alii
2034 1988 2237 2045 putant,
2262 1982 2428 2038 Iulus,

297 2058 561 2110 Lavinium
601 2060 754 2110 matri
796 2074 885 2110 seu
924 2073 1165 2110 novercae
1202 2058 1467 2124 relinquit,
1501 2067 1560 2109 et
1596 2060 1848 2111 coloniam
1872 2061 1987 2126 ipse
2009 2061 2221 2113 deducit
2240 2061 2430 2116 Albam

292 2139 539 2206 Longam.
610 2141 782 2205 Reges
802 2140 1010 2191 Albani.
1072 2144 1124 2190 4.
1159 2140 1365 2190 Romuli
1382 2140 1634 2207 Remique
1656 2149 1821 2204 ortus,
1841 2142 2105 2206 educatio,
2129 2150 2185 2193 et
2208 2143 2430 2208 primum

291 2219 407 2272 vitae
444 2236 631 2285 genus.
713 2226 764 2274 5.
796 2221 870 2271 Hi
907 2220 1169 2272 Amulium
1201 2220 1539 2284 obtruncant,
1576 2229 1633 2272 et
1675 2223 2026 2289 Numitorem,
2061 2222 2279 2276 fratrem
2319 2226 2430 2290 ejus

292 2314 543 2370 avumque
569 2316 734 2366 suum,
758 2301 1042 2356 restituunt
1064 2302 1116 2354 in
1142 2315 1355 2367 regnum
1378 2301 1663 2354 Albanum.
1729 2308 1778 2354 6.
1810 2303 1971 2355 Urbis
1991 2304 2282 2356 condenda
2306 2319 2437 2358 con·

292 2381 454 2433 silium
477 2386 713 2447 capiunt.
778 2387 828 2434 7.
864 2384 1057 2434 Remus
1076 2399 1107 2433 a
1126 2383 1292 2434 fratre
1315 2392 1551 2437 necatus.
1620 2385 1789 2438 Roma
1806 2385 2090 2437 conditoris
2111 2387 2319 2436 nomine
2339 2400 2431 2451 ap·

292 2464 500 2526 pellata.
571 2465 834 2517 Palatium
878 2466 1045 2530 primo
1084 2467 1355 2517 munitum.
1437 2467 1598 2518 Sacra
1640 2466 1753 2519 Diis
1792 2467 1904 2516 aliis
1944 2466 2165 2532 Albano,
2210 2466 2432 2517 Herculi

293 2542 474 2597 Graeco
497 2546 605 2597 ritu
640 2545 802 2599 facta.
864 2546 1137 2598 Adventus
1173 2546 1420 2597 Herculis
1453 2546 1506 2596 in
1547 2547 1767 2597 Latium.
1831 2546 2075 2599 Evander
2093 2545 2282 2612 Arcas,
2304 2547 2431 2599 Car·

291 2634 475 2678 mentae
496 2627 654 2678 filius.
722 2626 833 2679 Ara
855 2627 1105 2678 Maxima.
1174 2626 1363 2678 Potitii
1386 2641 1448 2677 ac
1467 2626 1688 2681 Pinarii.
1776 2656 1780 2661 ’

233 2709 277 2754 8.
308 2706 558 2760 Romulus
597 2709 805 2759 ordinat
841 2709 1232 2775 rempublicam.
1298 2708 1536 2758 Lictores
1571 2720 1678 2760 111.
1705 2707 1888 2775 sumit.
1950 2708 2147 2761 Urbem
2178 2715 2336 2774 auget
2357 2708 2430 2761 la-

291 2789 489 2854 tiusque
511 2791 701 2840 munit.
749 2788 969 2855 Asylum
994 2789 1186 2855 aperit.
1242 2790 1465 2840 Centum
1488 2797 1637 2840 creat
1671 2796 1955 2843 senatores.
2018 2795 2071 2840 9.
2105 2789 2377 2842 Connubia
2400 2805 2431 2841 a

289 2868 517 2922 finitimis
558 2870 748 2922 frustra
786 2873 942 2935 petit.
1005 2870 1181 2923 Ludos
1207 2877 1358 2936 parat
1386 2871 1638 2936 Neptuno
1661 2871 1927 2939 Equestri.
1993 2871 2198 2938 Raptus
2219 2871 2433 2925 Sabina·

287 2963 412 3000 rum.
481 2956 562 3003 10.
594 2952 744 3003 Titus
766 2953 969 3011 Tatius,
1005 2966 1097 3002 rex
1137 2952 1468 3014 Sabinorum,
1504 2953 1858 3021 Caeninenses,
1881 2952 2221 3021 Crustumini,
2244 2960 2301 3005 et
2324 2953 2434 3005 An·

290 3035 540 3082 temnates
564 3031 990 3097 bellunnparant.
1057 3032 1395 3083 Caeninenses
1436 3032 1590 3098 primi
1626 3032 1679 3082 in
1718 3046 1898 3098 agrum
1936 3034 2085 3083 Rom.
2111 3031 2315 3085 faciunt
2338 3034 2433 3086 im·

290 3117 483 3173 petum.
552 3113 734 3176 Spolia
757 3114 928 3177 opima
951 3112 1006 3162 in
1031 3111 1348 3176 Capitolium
1371 3111 1481 3163 fert
1504 3113 1775 3176 Romulus,
1796 3120 1854 3163 et
1876 3114 2073 3178 templo
2095 3113 2242 3165 Jovis
2274 3116 2434 3167 Fere·

256 3191 369 3263 'trii
403 3190 534 3242 fines
573 3193 836 3258 designat.
919 3199 1000 3243 11.
1047 3192 1392 3244 Antemnates
1415 3194 1842 3259 Crustuminique
1880 3193 2032 3258 victi,
2069 3201 2142 3252 et,
2177 3202 2432 3260 precante

290 3271 532 3340 Hersilia,
556 3275 762 3340 accepti
782 3276 837 3325 in
860 3274 1145 3326 civitatem.
1211 3274 1445 3324 Coloniae
1463 3281 1685 3341 utroque
1707 3275 1894 3326 missae.
1961 3275 2139 3326 Sabini
2162 3275 2294 3327 duce
2312 3275 2433 3327 Tito

288 3353 435 3404 'l'atio
459 3355 656 3407 bellum
677 3362 910 3422 movent,
947 3363 1004 3406 et
1035 3369 1206 3405 arcem
1245 3357 1396 3406 Rom.
1422 3356 1703 3422 occupant,
1725 3357 1981 3420 proditam
2006 3372 2037 3406 a
2059 3355 2166 3406 fllia
2185 3355 2279 3419 Sp.
2301 3356 2433 3405 Tar·

289 3435 409 3499 peii,
442 3437 534 3502 qui
565 3437 616 3487 ei
645 3444 893 3502 praeerat.
961 3440 1043 3487 12.
1076 3436 1262 3488 Virtus
1284 3437 1445 3489 Metti
1469 3438 1664 3495 Curtii,
1689 3437 1841 3487 Hosti
1867 3436 2098 3499 Hostilii,
2120 3451 2182 3487 ac
2207 3435 2433 3486 Romuli.

289 3515 568 3582 Templum
593 3517 717 3569 Jovi
739 3517 942 3569 Statori
966 3523 1162 3568 votum.
1227 3523 1312 3569 1³.
1341 3519 1443 3569 11·oe
1469 3526 1525 3568 et
1547 3519 1688 3569 acies
1711 3518 1948 3569 diremtae.
1969 3533 1999 3567 a
2024 3517 2229 3567 Sabinis
2251 3515 2431 3565 mulie·

257 3656 262 3665 ‚
286 3595 444 3649 ribus·
502 3598 621 3649 Pax
643 3606 700 3650 et
721 3598 909 3649 civitas
931 3613 1037 3648 una
1057 3613 1125 3649 ex
1147 3599 1349 3650 duabus
1370 3597 1533 3651 sacta.
1599 3600 1833 3651 Quirites
1858 3615 1888 3649 a
1912 3598 2136 3649 Curibus
2160 3596 2430 3663 appellati,

288 3676 450 3729 Lacus
468 3680 703 3730 Curtius.
753 3680 990 3745 Populus
1011 3680 1065 3731 iu
1082 3682 1253 3731 curias
1276 3694 1417 3731 xxx.
1438 3680 1657 3743 divisus,
1678 3679 1843 3745 iisque
1863 3678 2106 3742 imposita
2122 3675 2433 3728 Sabinarum

287 3760 507 3812 nomina.
577 3761 844 3812 Centuriae
868 3758 979 3812 tr'es
1002 3761 1255 3827 equitum,
1277 3761 1619 3822 Ramnenses,
1640 3759 1919 3821 Titienses,
1942 3759 2188 3808 Luceres.
2254 3761 2335 3808 14.
2367 3756 2429 3807 Τ.

286 3838 417 3891 Tatii
439 3857 602 3895 mors.
652 3842 859 3893 Bellum
882 3857 1001 3895 cum
1023 3841 1389 3907 Fidenatibus,
1456 3847 1535 3893 15.
1570 3848 1627 3893 et
1644 3840 1975 3897 Veientibus,
1996 3838 2184 3907 quibus
2208 3836 2432 3889 inducie

287 3918 335 3969 iu
357 3935 407 3973 c.
428 3937 592 3973 annos
613 3923 823 3975 dantur.
888 3923 1104 3977 Celeres
1126 3937 1242 3977 ccc.
1309 3928 1390 3977 16.
1427 3924 1691 3975 Romulus
1731 3920 1962 3973 sublimis
2000 3927 2180 3984 raptus
2203 3920 2435 3987 procella

290 4001 539 4067 ereditur,
575 4004 806 4054 Proculo
840 4004 984 4056 Julio
1022 4003 1331 4073 affirmante,
1366 4006 1483 4075 eJus
1507 4005 1738 4072 speciem
1763 4002 1858 4053 sibi
1895 4017 1989 4069 per
2011 4002 2264 4053 somnium
2288 4002 2433 4054 obla-

291 4088 408 4136 tam.
474 4084 963 4150 1⁷.1nterregnum
987 4101 1230 4153 annuum,
1254 4101 1311 4138 x.
1328 4087 1558 4139 decuriis
1578 4083 1796 4136 Patrum
1819 4082 1998 4147 factis,
2018 4091 2073 4134 et
2096 4082 2313 4151 imperio
2338 4098 2435 4149 per

292 4176 460 4214 omnes
484 4166 537 4216 iu
552 4167 743 4218 orbem
766 4174 945 4218 eunte.
1005 4167 1160 4220 Plebi
1193 4166 1437 4221 frementi
1471 4166 1796 4233 permittitur
1816 4166 2009 4217 creatio
2033 4166 2186 4232 regis,
2209 4179 2273 4217 ea
2294 4165 2438 4229 lege,

287 4226 343 4293 ut
363 4245 554 4299 Patres
574 4255 815 4301 auctores
836 4247 995 4301 fiant.
1030 4256 1086 4300 at
1109 4249 1200 4300 illa
1215 4263 1248 4299 a
1270 4257 1455 4302 senatu
1477 4248 1691 4302 decerni
1712 4249 1841 4307 vult,
1874 4247 1964 4319 qui
1990 4248 2165 4300 Romae
2189 4252 2396 4323 regnet.
