3034 4925
554 406 687 472 566

557 568 882 633 Senatum
910 561 1169 628 interim
1211 552 1520 627 consules
1562 561 1835 637 habent,
1869 559 2007 624 alio
2040 576 2114 625 se
2141 561 2394 644 majore
2424 560 2519 625 ab
2551 559 2764 623 tribu·

557 671 665 734 nis
712 674 892 734 metu
919 664 1333 742 ostendente,
1365 683 1570 748 quam
1612 683 1809 747 quem
1860 668 2229 729 nocturnus
2265 664 2491 729 bostis
2521 662 2764 728 intule-

504 822 510 839 .
557 777 677 837 rat.

644 874 754 938 17.
793 870 1174 954 Postquam
1202 887 1389 933 arma
1416 867 1605 951 poni,
1644 873 1711 934 et
1757 867 2101 934 discedere
2148 868 2457 934 homines
2491 868 2584 933 ab
2637 874 2772 934 sta·

559 974 853 1040 tionibus
881 972 1250 1036 nuntiatum
1291 978 1418 1050 est,
1448 971 1529 1037 P.
1558 969 1900 1049 Valerius,
1948 970 2208 1054 collega
2254 977 2575 1035 senatum
2617 971 2771 1035 reti-

560 1086 783 1159 nente,
832 1096 907 1143 se
958 1095 1046 1141 ex
1086 1077 1271 1141 curia
1315 1075 1621 1160 proripit,
1661 1074 1814 1139 inde
1860 1075 1930 1139 in
1972 1075 2289 1158 templum
2331 1073 2422 1139 ad
2457 1075 2770 1140 tribunos

560 1183 776 1248 venit:
821 1185 842 1214 ‘
865 1177 1052 1257 Quid
1081 1179 1210 1244 hoc
1241 1181 1336 1244 rei
1364 1177 1512 1256 est‚'
1558 1179 1799 1262 inquit,
1843 1178 2185 1243 ‘tribuni‘l
2255 1174 2391 1261 Ap.
2422 1177 2772 1242 Herdonii
2840 1174 2849 1178 ’

559 1282 768 1348 ductu
799 1289 865 1348 et
893 1281 1200 1366 auspicio
1240 1300 1375 1345 rem
1424 1280 1773 1362 publicam
1817 1278 2114 1345 eversuri
2153 1279 2370 1345 estis?
2461 1278 2774 1343 Tam-fe-

559 1385 662 1450 lix
691 1385 883 1450 vobis
915 1381 1416 1468 corrumpendis
1437 1380 1586 1460 fuit,
1619 1382 1737 1466 qui
1764 1382 2040 1446 servitia
2070 1387 2298 1446 vestra
2322 1387 2368 1428 ¹³
2413 1399 2556 1445 non
2589 1400 2776 1444 com-

561 1488 770 1553 movit
793 1494 1028 1552 auctor
1049 1488 1079 1550 Ἰ
1101 1496 1123 1525 ·
1143 1494 1168 1523 ·
1257 1485 1428 1550 Cum
1459 1484 1687 1550 hostes
1711 1502 1920 1567 supra
1950 1488 2158 1566 caput
2186 1483 2340 1560 sint,
2372 1479 2660 1547 discedi
2689 1484 2773 1546 ab

566 1591 792 1669 armiS‚
821 1591 1144 1673 legesque
1186 1587 1339 1653 ferri
1387 1589 1606 1673 placet
1622 1584 1676 1650 ‘t’
1762 1585 1935 1651 Inde
1965 1585 2051 1650 ad
2082 1584 2592 1650 multitudinem
2624 1603 2775 1649 ora-

564 1690 750 1756 tione
779 1709 1014 1756 versa:
1062 1678 1083 1724 ‘'
1104 1690 1179 1753 Si
1225 1711 1349 1755 vos
1393 1690 1607 1767 urbis,
1654 1689 1979 1768 QuiriteS,
2019 1689 2079 1753 si
2122 1688 2328 1753 vestri
2370 1687 2566 1751 nulla
2610 1707 2779 1753 eura

565 1793 820 1875 tangit3
866 1799 940 1856 at
980 1811 1107 1856 vos
1154 1793 1472 1857 veremini
1517 1792 1713 1859 Deos
1755 1796 2102 1868 vestros,¹4
2143 1791 2230 1854 ab
2261 1788 2578 1854 hostibus
2614 1808 2778 1873 cap-

565 1889 721 1958 tos.f
774 1893 1046 1979 Jupiter
1064 1895 1358 1979 optimus
1379 1895 1742 1973 maximuS,
1764 1892 1812 1958 J
1815 1913 1950 1959 uno
1973 1892 2279 1976 regina,¹⁵
2308 1899 2378 1955 et
2402 1890 2780 1968 Minerva,⁸

1495 415 1567 464 Ψ.
1619 414 1810 463 letl

567 2083 672 2190 ⁸⁰2.
684 2074 881 2203 5323ss
895 2074 1178 2136 fortunatus
1197 2082 1363 2128 auctor
1378 2075 1489 2136 fuit
1507 2078 1570 2126 od
1591 2090 1672 2126 sos
1690 2076 2026 2140 depravandos,
2046 2075 2130 2141 qui
2159 2088 2315 2126 mos
2332 2078 2513 2125 vestros
2531 2073 2784 2124 munitm

1480 2233 1848 2256 OOOOOOOOOOOO

637 2356 699 2402 13
733 2353 751 2382 ‘
771 2352 837 2402 'ro
870 2359 1030 2404 vestra
1061 2353 1128 2403 sb
1158 2354 1371 2419 sigonio
1408 2354 1570 2403 venit.
1616 2352 1787 2403 Abest
1811 2360 1983 2404 autem
2025 2353 2090 2403 ab
2131 2352 2303 2403 Helm.
2338 2351 2497 2400 Voss.
2533 2358 2789 2417 utroq-e,

565 2417 721 2468 Rott·
742 2417 899 2469 Gudss
929 2420 985 2468 J
1010 2420 1072 2470 F.
1099 2419 1310 2470 Gronov.
1373 2419 1500 2470 Vet-
1533 2414 1627 2469 lib.
1669 2418 1805 2484 apud
1837 2418 2039 2470 Schott·
2075 2432 2199 2468 susc
2231 2416 2482 2466 cmvii
2516 2421 2782 2466 mter.-

573 2488 637 2533 14
668 2485 800 2534 Deos
820 2487 999 2546 patrios
1018 2485 1150 2534 Edd.
1177 2501 1205 2533 a
1227 2485 1404 2548 Sigon.
1427 2484 1492 2534 sd
1519 2485 1684 2534 Drak.
1715 2483 1975 2534 vereamini
2011 2486 2140 2533 Deos
2170 2487 2352 2533 vestros
2383 2481 2492 2532 Ms.
2521 2482 2719 2531 Veitb.
2721 2509 2782 2520 -

574 2547 687 2595 16‘
711 2548 992 2611 Epitheton
1016 2550 1183 2611 regina
1213 2550 1489 2599 delendum
1524 2549 1776 2626 suspicari
1810 2549 1977 2613 pessis
2007 2549 2058 2598 h.
2083 2549 2117 2597 Ι.
2140 2556 2193 2597 et
2216 2547 2331 2596 loco
2351 2546 2467 2595 sim.
2493 2559 2579 2593 vt.
2600 2550 2684 2596 16.
2706 2560 2781 2609 pr.

573 2625 688 2659 nam
712 2614 876 2663 serius
897 2613 1110 2663 Romam
1134 2615 1411 2678 deportata
1432 2621 1534 2678 est,
1548 2620 1600 2663 et
1624 2613 1674 2663 in
1696 2614 1958 2664 Aventino
1983 2613 2232 2677 templum
2253 2610 2471 2661 liabuiu’
2499 2610 2720 2674 Rupes-t.
2721 2636 2779 2648 —

1557 2758 1776 2811 NOTAE
2174 2805 2177 2810 ,
2574 2763 2605 2786 “

573 2866 735 2917 opers
776 2853 949 2917 potius
985 2869 1214 2921 usurum,
1251 2872 1402 2921 quam
1448 2870 1628 2907 eorum
1709 2856 1802 2924 tio.
1869 2844 2082 2906 Addere
2121 2854 2290 2920 potuit
2329 2856 2494 2903 eastre
2533 2864 2782 2901 servor-nm

575 2928 660 2993 qui
686 2935 791 2979 tsm
815 2930 989 2996 iniquo
1012 2932 1195 2995 patriae
1230 2942 1462 2997 tempore
1484 2929 1629 2982 vete·
1710 2933 1862 2996 paulo
1885 2941 2006 2997 post
2030 2932 2096 2982 ab
2125 2931 2308 2982 eodem
2330 2929 2555 2979 Valerio
2583 2929 2779 2978 vocari.

575 3019 687 3055 rum
727 3003 1034 3057 offensarum
1077 3011 1372 3059 memoriam
1416 3008 1628 3059 refriea·
1708 3010 1903 3059 Verum
1923 3010 2112 3069 Livius,
2128 3009 2256 3059 licet
2277 3010 2332 3058 in
2348 3019 2574 3074 numero
2592 3021 2779 3057 conve·

577 3086 710 3128 rent.
774 3081 993 3131 Interim
1019 3084 1281 3134 Valerium
1314 3086 1530 3150 collegae
1553 3085 1631 3133 in·
1709 3086 1808 3143 nit,
1851 3086 1980 3136 satis
2021 3086 2354 3135 nibilominus
2399 3083 2632 3146 indicat,
2684 3096 2778 3132 nos

577 3153 928 3216 dignationem
999 3158 1309 3222 cohibuisse,
1374 3160 1631 3210 monendo

575 3242 676 3280 non
703 3231 1113 3293 exasperandam
1148 3242 1272 3285 tunc
1296 3237 1519 3300 plebem,
1540 3239 1633 3287 sed

577 3304 802 3368 tempori
867 3306 1151 3358 cedendum
1178 3325 1191 3357 :
1247 3326 1362 3361 cum
1415 3320 1634 3364 externo

576 3379 726 3430 hoste
748 3381 904 3431 srmis
925 3382 1288 3444 dimicandum,
1302 3402 1417 3438 cum
1434 3389 1634 3440 civibus

577 3471 644 3506 ex
687 3471 831 3524 aequo
867 3458 1275 3524 disceptandum.
1336 3465 1488 3518 Quod
1517 3481 1634 3516 cum

573 3533 792 3585 Senatui
826 3538 985 3601 magis
1017 3539 1338 3607 probaretur,
1370 3543 1632 3595 Valerium

580 3609 630 3658 in
650 3610 862 3661 comitia
883 3627 1226 3676 progressum.
1606 3615 1613 3624 ⁵

644 3692 667 3719 θ
684 3685 782 3742 Qui
792 3687 987 3737 servitio
1002 3695 1155 3740 vestra
1167 3706 1258 3740 non
1268 3695 1512 3745 commovit
1524 3710 1633 3745 auc·

579 3762 677 3827 tor]
695 3762 865 3812 Recte
875 3777 942 3812 ex
957 3764 1214 3816 veteribus
1228 3768 1390 3833 libris,
1399 3771 1478 3834 qui
1487 3772 1636 3820 servi·

578 3837 651 3886 tiu
660 3844 814 3888 vestra
824 3856 840 3888 .-
856 3840 1045 3905 slioqui
1059 3841 1220 3905 magis
1234 3844 1297 3892 sd
1310 3843 1465 3894 fidem
1478 3852 1637 3910 esset,

563 3915 866 3990 Aquod-alius
886 3926 1036 3967 vetus
1066 3915 1199 3969 liber
1227 3920 1404 3987 habet,
1428 3924 1511 3986 qut
1538 3937 1638 3973 ser·

580 3987 701 4038 vitiu
720 4005 842 4041 nunc
863 3995 1129 4056 commovit,
1147 4003 1205 4045 ut
1227 4002 1375 4046 notat
1396 3999 1637 4049 schottus

583 4063 840 4114 observat.
862 4068 953 4118 lib.
975 4083 1063 4119 m.
1084 4083 1140 4122 c..
1156 4074 1237 4120 38.
1303 4073 1437 4123 Nam
1462 4088 1492 4122 a
1515 4089 1641 4138 qua·

586 4146 704 4188 tuor
724 4140 943 4192 millibus
967 4158 1227 4197 servorum
1262 4155 1319 4197 et
1342 4149 1641 4213 quingentis

585 4218 914 4283 Capitolium,
967 4223 1150 4288 inquit,
1199 4227 1446 4277 insessum
1500 4227 1602 4279 fuit
1621 4244 1638 4279 ε

579 4307 681 4345 nec
713 4293 989 4347 liberorum
1021 4299 1250 4363 capitum
1276 4301 1475 4354 ibinus
1498 4318 1640 4355 men-

1712 3175 1892 3212 omnes
1913 3175 2090 3212 servos
2118 3159 2298 3224 fuisse,
2321 3159 2445 3208 dnm
2469 3159 2661 3208 exules
2682 3172 2779 3207 me·

1713 3244 1882 3287 morat
1903 3237 2178 3287 distinctos
2210 3250 2243 3285 s
2274 3234 2472 3296 servis3
2505 3240 2565 3283 et
2591 3232 2780 3297 Diony-

1717 3314 1822 3363 sius
1857 3312 2020 3362 tradit
2063 3314 2152 3362 bas
2184 3312 2363 3376 copias
2396 3324 2469 3360 ex
2504 3310 2780 3359 clientibus

1718 3389 1974 3446 Herdonii
2004 3395 2160 3453 atque
2196 3401 2262 3436 ex
2306 3387 2475 3436 servis
2513 3384 2783 3438 conflatu.

1717 3461 1873 3516 Ilium
1906 3464 2113 3530 quidem
2147 3464 2323 3514 exules
2360 3463 2634 3512 Romanos
2668 3476 2783 3526 psu-

1714 3557 1823 3606 cos,
1865 3550 1920 3592 st
1962 3555 2139 3591 servos
2180 3537 2477 3601 transfugas
2517 3539 2616 3587 vix
2664 3538 2782 3586 ulios

1709 3619 1885 3668 secum
1905 3616 2140 3665 habuisse
2162 3614 2443 3680 perspicue
2461 3613 2784 3664 demonstat

1713 3692 1850 3742 idem
1892 3692 2192 3757 Dionysius.
2274 3690 2513 3754 Ideoque
2562 3691 2611 3739 si
2654 3691 2785 3753 legs·

1717 3783 1828 3819 mus
1845 3767 2044 3818 servitia
2057 3772 2233 3831 vestro,
2251 3765 2454 3829 optime
2473 3766 2655 3815 omnis
2670 3779 2785 3814 eou-

1717 3844 1951 3904 stabunt‚
1976 3858 2074 3895 nec
2095 3842 2318 3893 ledetur
2339 3843 2610 3892 ullstenus
2641 3841 2785 3902 fides,

1718 3926 1775 3971 et
1818 3920 1932 3983 ipso
1973 3920 2190 3969 Schotto
2239 3916 2447 3968 fatente
2496 3918 2785 3981 speciosiss

1718 3996 1824 4047 erit
1866 3995 2065 4046 dictum
2110 3991 2176 4045 ob
2223 3994 2621 4044 contentionem
2663 3994 2785 4043 &m-

1718 4070 1910 4134 θέσεως,
1942 4080 2004 4123 ut
2034 4072 2122 4121 ille
2150 4071 2240 4136 qui
2283 4070 2647 4121 Romanorum
2684 4084 2785 4119 ser-

1719 4163 1810 4200 vos
1839 4163 1941 4198 non
1975 4147 2334 4204 commoverit,
2368 4147 2412 4195 is
2454 4147 2692 4196 dominos
2713 4147 2783 4211 ip·

1718 4239 1802 4275 sos
1825 4229 2164 4275 commoveat.

1786 4301 1805 4336 f
1842 4302 2082 4356 Veremt’ni
2113 4300 2246 4354 Deos
2270 4304 2459 4352 vestros
2480 4298 2712 4366 [patrios]
2729 4299 2785 4349 sl·
