3034 4925
1075 456 1221 504 mn.
1269 455 1352 505 11.
1400 454 1565 504 ose.
1607 438 1715 506 32.
2351 440 2483 507 429

293 601 615 687 plebem,y
657 602 909 682 incerti,
948 600 1218 668 manere
1250 620 1422 680 eam,
1468 621 1553 667 an
1598 602 1778 667 abire
1804 581 2125 670 mallent!
2147 611 2170 638 ¹
2259 602 2484 682 Quam

266 704 416 809 'diu
468 712 692 771 autem
719 713 747 740 ⁸
802 705 1252 791 tranquillam,
1327 725 1483 791 quae
1542 707 1919 786 secesserit,
1991 705 2484 772 multitudinem

293 808 494 875 sorel
539 809 697 893 quid
719 809 1010 876 futurum
1040 810 1300 889 deinde,
1345 811 1405 875 si
1449 809 1638 894 quod
1667 816 2014 876 externum
2055 811 2320 875 interim
2346 809 2486 876 bel-

293 911 442 977 lum
485 915 782 979 existat?
849 914 1102 980 nullam
1145 915 1478 1000 profecto,
1524 915 1656 980 nisi
1700 916 1766 980 in
1808 914 2165 980 concordia
2211 915 2486 993 civium,

294 1035 491 1099 spem
521 1017 838 1102 reliquam
868 1017 1134 1085 ducere.
1209 1018 1378 1083 Eam
1417 1037 1533 1104 per
1561 1038 1779 1103 aeqna,
1824 1037 1938 1102 per
1966 1016 2215 1101 iniqua,
2254 1036 2490 1082 recon-

296 1119 655 1187 ciliandam
681 1122 944 1189 civitati
966 1132 1173 1190 esse.⁸
1233 1123 1500 1189 Placuit
1521 1123 1720 1206 igitur
1747 1116 2076 1188 oratorem
2106 1120 2192 1186 ad
2223 1120 2488 1204 plebem

291 1226 472 1292 mitti
518 1225 905 1293 Menenium
924 1226 951 1265 b
1005 1225 1427 1313 Agrippam:=
1468 1224 1832 1291 facundum
1882 1224 2116 1304 virum,
2168 1230 2260 1300 et,
2310 1221 2493 1307 quod

366 1428 383 1458 ⁸
422 1425 720 1479 Dubitebent
741 1429 937 1492 patricii
958 1435 1117 1481 utrum
1136 1429 1256 1494 ipsis
1276 1434 1401 1481 esset
1420 1429 1696 1496 optabilius,
1716 1434 1773 1479 stt
1786 1428 1935 1494 plebe,
1955 1442 2060 1493 quoe
2078 1428 2131 1478 ιἰι
2157 1425 2288 1477 Urbe
2306 1426 2491 1476 resede-

297 1488 401 1550 rat,
415 1491 465 1539 ιἰι
485 1507 539 1542 ea
560 1499 784 1559 muneret,
804 1511 868 1545 un
895 1495 1017 1545 Urbe
1038 1495 1212 1546 exiret.

367 1565 398 1589 ⁸
428 1532 785 1610 Exisumbsnt
806 1575 918 1612 me
945 1561 1144 1624 patricii
1162 1576 1290 1626 spent
1309 1563 1486 1612 nulum
1493 1574 1762 1639 superesse,
1780 1565 2096 1638 preterquam
2112 1556 2166 1607 in
2185 1556 2361 1607 civium
2379 1570 2490 1605 eon·

298 1636 475 1737 m·
516 1623 707 1690 idemne
736 1639 861 1691 eum,
892 1626 991 1677 sive
1021 1626 1188 1693 equis,
1217 1628 1402 1678 εἰοιιιι
1349 1627 1530 1693 iniquis
1907 1628 2166 1690 ,oportere
2196 1622 2468 1673 restituta

1294 1807 1512 1862 NOTAE
1617 1857 1620 1860 ,

371 1911 396 1946 5
429 1904 653 1955 Residem
681 1904 734 1955 ιἰι
771 1906 900 1958 Urbe
928 1906 1131 1973 plebem]
1162 1908 1364 1959 Nomen

300 1995 432 2032 reses
462 1982 545 2033 hie
566 1983 804 2046 sumitur,
826 1985 1029 2050 opinor,
1053 2000 1146 2050 pro
1167 1986 1363 2036 otiosat

303 2074 443 2124 quas,
464 2059 591 2112 licet
612 2076 754 2113 arma
779 2077 881 2113 non
907 2068 1161 2121 moveret,
1183 2064 1366 2114 timen-

306 2138 435 2188 dum
466 2144 640 2190 tamen
677 2147 808 2197 erat,
844 2154 928 2202 ne,
959 2155 1079 2192 cum
1109 2139 1367 2204 seditiosis

305 2225 466 2267 extra
503 2217 699 2268 Urbem
739 2219 949 2268 armatis
991 2217 1368 2268 communicato

306 2294 549 2359 consilio,
569 2295 760 2361 aliquid
781 2296 918 2346 intra
942 2295 1140 2347 Urbem
1166 2295 1368 2346 molire·

308 2379 415 2424 tur.
471 2373 776 2440 Quanquam
794 2389 922 2426 reses
940 2375 1047 2426 diei
1067 2375 1227 2425 etiem
1247 2374 1368 2425 sim-

309 2449 527 2515 pliciter
563 2457 736 2517 potest
767 2466 863 2517 pro
896 2451 1123 2515 residue,
1160 2467 1278 2518 quas
1314 2451 1368 2501 in

309 2528 464 2578 Urbe
477 2537 812 2594 remanserat,
828 2543 886 2580 ac
905 2544 999 2595 per
1017 2544 1075 2580 se
1091 2529 1370 2581 metuenda

310 2610 450 2656 erat.

366 2690 388 2715 ⁸
406 2680 952 2741 Manereeum,anabire
960 2681 1179 2745 masat]
1200 2682 1371 2732 Immo

308 2758 569 2825 plebeios,
585 2760 781 2813 Urbem
800 2761 1040 2812 deserere
1065 2768 1330 2826 parantes,
1343 2776 1374 2810 a

310 2837 585 2901 proposito
640 2838 964 2889 diverterunt
1014 2839 1236 2904 patricii,
1282 2845 1372 2889 aut

309 2915 477 2965 etiam
519 2915 708 2965 invitos
751 2916 975 2967 retinere
1017 2917 1188 2967 conati
1231 2922 1372 2981 sunt,

311 3009 384 3045 ex
407 2996 681 3047 Halicarn.

378 3081 405 3110 ⁸
438 3075 679 3132 Quamdiu
696 3074 876 3139 mm]
911 3075 1099 3128 Oratio
1113 3081 1196 3125 est
1213 3075 1374 3140 patri-

312 3155 514 3206 ciorum
544 3154 611 3205 de
646 3155 947 3207 secessionis
976 3155 1120 3231 exitu
1151 3154 1375 3206 solicito·

312 3246 459 3282 rum.

381 3307 407 3343 ¹¹
448 3308 1105 3374 oratorem...Menenim]
1123 3307 1374 3374 Rejectos

312 3387 542 3452 primum
562 3402 593 3436 a
614 3386 769 3451 plebe
783 3388 985 3452 legatos
1003 3402 1034 3436 a
1052 3387 1244 3437 Senatu
1261 3387 1377 3435 mis·

316 3479 430 3523 sos,
461 3463 598 3529 qnod
633 3462 766 3514 certi
799 3464 924 3513 nibil
956 3460 1228 3525 offerrent,
1255 3463 1378 3514 Dio·

315 3555 439 3605 nys.
484 3540 661 3591 refert.
747 3540 940 3591 Postea
980 3540 1100 3590 novi
1141 3542 1380 3591 consules

319 3619 607 3673 Postumus
641 3619 926 3684 Cominius,
951 3624 1024 3668 et.
1045 3618 1138 3683 Sp·
1158 3614 1381 3680 Cassius,

319 3698 412 3763 qui
436 3699 685 3749 maturius
707 3698 883 3760 solito,
902 3711 1087 3762 nempe
1110 3696 1234 3746 Kal.
1252 3695 1381 3760 Sep·

321 3775 518 3825 tembr.
557 3777 883 3826 consulatum
917 3775 1156 3836 inierant,
1191 3775 1384 3824 retule-

322 3861 453 3903 runt
496 3854 561 3903 sd
600 3854 846 3903 Senatum
888 3854 955 3904 de
996 3851 1160 3917 plebis
1192 3850 1384 3901 reditu.

324 3929 868 3981 PrimariiSenatores
888 3930 1093 3980 diverse
1113 3942 1385 3980 censuere.

323 4006 567 4071 Agrippa
586 4007 879 4070 Menenius,
896 4005 1180 4057 mittendos
1193 4004 1258 4054 ad
1280 4004 1388 4069 ple

325 4083 451 4135 bem
482 4098 598 4134 cum
633 4083 948 4149 amplissima
969 4087 1228 4147 potestate
1248 4095 1389 4132 com·

328 4163 561 4228 ponendi
597 4161 713 4213 haee
755 4162 985 4212 dissidia.
1032 4161 1111 4210 M.
1151 4160 1390 4210 Valerius

327 4239 553 4291 eandem
595 4239 903 4291 sententiam
947 4239 1099 4297 dixit,
1136 4251 1239 4288 non
1280 4237 1389 4286 sine

327 4319 674 4371 insectatione
692 4317 855 4383 Appii
869 4315 1090 4369 Claudii.
1124 4314 1232 4366 Hic
1248 4327 1387 4378 vero,

331 4412 511 4450 amere
549 4397 603 4448 in
639 4410 758 4451 eum
793 4395 1049 4461 invectus,
1078 4394 1133 4444 in
1169 4391 1392 4458 pristina

1437 1905 1637 1959 ferocia
1670 1904 2040 1972 perseveravit,
2062 1902 2347 1967 eademque
2381 1898 2494 1951 fere

1439 1985 1644 2040 censuit
1676 1998 1789 2049 quae
1826 1988 1983 2033 antea
2013 1995 2131 2044 cap.
2158 1982 2241 2029 80.
2270 1991 2496 2029 comme·

1439 2068 1640 2113 morata
1671 2068 1823 2121 sunt;
1859 2059 2051 2110 nullam
2083 2056 2282 2107 scilicet
2309 2054 2374 2105 ad
2401 2054 2495 2105 de·

1441 2146 1670 2190 sertores
1700 2138 2003 2189 mittendam
2033 2135 2377 2201 legationem:
2425 2145 2496 2181 aes

1440 2218 1663 2268 alienum
1684 2216 1821 2281 plebi
1843 2230 1957 2282 quae
1979 2216 2032 2266 in
2052 2211 2221 2264 officio
2238 2210 2500 2274 manebat,

1439 2309 1542 2346 non
1560 2293 1611 2343 in
1632 2306 1922 2355 commune,
1937 2290 2029 2341 sed
2048 2289 2238 2340 viritim
2256 2304 2271 2350 ;
2305 2287 2356 2338 ei
2375 2301 2500 2338 vero

1440 2387 1559 2439 qun
1593 2378 1885 2423 secesserat
1911 2369 2207 2419 nullatenus
2227 2366 2500 2417 remitten-

1441 2450 1595 2501 dum:
1634 2449 1758 2517 quin
1782 2449 1952 2514 potius
1973 2445 2163 2498 bellum
2186 2459 2301 2496 cum
2325 2457 2390 2496 ea
2408 2444 2498 2494 ba·

1440 2525 1689 2589 bendum,
1712 2523 1943 2589 armatis,
1974 2523 2017 2573 si
2052 2536 2183 2587 opus
2214 2526 2373 2585 esset,
2393 2534 2500 2571 ser-

1441 2603 1600 2653 vitiis.
1665 2602 1730 2652 Ei
1755 2607 1863 2652 tots
1887 2600 2223 2666 patriciorum
2247 2597 2499 2662 juventus

1443 2680 1762 2731 adhaerebat.
1849 2677 1952 2728 Sed
1987 2673 2371 2747 cumnconsules
2407 2686 2499 2737 pro

1444 2767 1705 2825 potestate
1739 2773 1832 2809 sua
1862 2772 1967 2807 rem
2001 2756 2067 2806 ad
2102 2753 2311 2806 comitia
2341 2751 2500 2802 totius

1445 2838 1625 2903 populi
1674 2836 2010 2902 deducerent,
2058 2833 2292 2899 plerique
2327 2830 2501 2896 junio·-

1445 2931 1579 2978 rum,
1599 2916 1727 2967 victi
1751 2914 1991 2980 precibus
2014 2919 2068 2963 et
2091 2909 2327 2976 lacrymis
2352 2925 2383 2959 a
2412 2923 2503 2973 pa-

1446 2994 1685 3045 rentibus
1715 3003 1770 3044 et
1805 2991 1979 3043 liberis
2012 3003 2190 3041 eorum
2214 2988 2300 3053 qni
2334 3001 2504 3037 seces·

1447 3079 1641 3128 serant,
1659 3070 1940 3136 permisere
1955 3066 2268 3128 senioribus,
2280 3071 2356 3126 ut,
2366 3063 2504 3130 qnod

1448 3164 1479 3199 e
1501 3149 1772 3215 republica
1789 3162 1902 3198 esse
1914 3145 2237 3211 judicarent,
2253 3141 2306 3193 id
2324 3140 2506 3192 decer-

1446 3234 1652 3277 nerent.
1716 3225 1804 3275 Sie
1825 3224 1980 3275 electi
2001 3230 2119 3274 sunt
2139 3221 2321 3273 decem
2342 3218 2506 3285 legati

1448 3302 1754 3354 nobilissimi
1790 3300 2065 3363 seniorum,
2087 3300 2140 3348 in
2172 3297 2508 3364 quibus—Lar·

1451 3380 1565 3444 gius
1606 3379 1797 3429 Flavus
1839 3384 1896 3428 et
1931 3376 2167 3440 Agrippa
2207 3371 2505 3424 Menenius.

1450 3455 1604 3509 Quod
1625 3456 1803 3521 itaque
1824 3456 1959 3505 hunc
1981 3458 2181 3503 tantum
2205 3448 2378 3500 Livius
2401 3460 2506 3496 me·

1451 3539 1640 3590 moret,
1676 3533 1748 3585 its
1787 3538 1868 3582 est
1910 3526 2284 3591 accipiendum,
2319 3530 2376 3573 nt
2417 3523 2508 3573 ille

1453 3624 1559 3660 non
1589 3611 1742 3666 solus,
1764 3608 1855 3658 sed
1889 3605 2027 3672 quod
2058 3602 2263 3668 plebem
2284 3599 2509 3663 apologo

1454 3699 1547 3738 suo
1578 3686 1800 3737 maxime
1829 3672 2132 3734 demulserit
2151 3686 2307 3743 etque
2331 3674 2513 3727 inflex-

1455 3768 1579 3832 erit,
1607 3760 1910 3832 praecipuus
1933 3761 2093 3812 fuerit
2123 3757 2347 3809 habitus.
2410 3756 2511 3807 Ce-

1458 3853 1625 3895 terum
1657 3843 1817 3893 verba
1843 3841 1985 3906 prior
2004 3836 2140 3888 fecit
2152 3837 2231 3886 M.
2254 3834 2514 3899 Valerius,

1455 3925 1741 3988 legatorum
1765 3919 2017 3970 maximus
2038 3923 2196 3975 natu,
2181 3930 2194 3942 ·
2231 3913 2381 3978 enjus
2415 3924 2512 3976 pro

1459 4001 1670 4063 Senatu,
1711 4005 1767 4047 et
1801 3998 1861 4046 1..
1905 3992 2049 4046 Junii
2094 4006 2155 4042 ac
2191 3989 2374 4041 Sicinii
2416 4003 2515 4052 pro

1459 4079 1611 4143 plebe
1633 4075 1893 4127 orationes
1912 4069 2032 4121 fuse
2053 4075 2228 4118 narrat
2252 4066 2471 4130 Dionys.

1524 4151 1868 4218 Agrippam]
1918 4150 2152 4200 Quorum
2178 4146 2232 4195 in
2251 4142 2516 4194 nascendo

1461 4247 1566 4284 non
1587 4238 1763 4296 caput,
1784 4225 1950 4295 (quod
1971 4223 2254 4276 secundnm
2278 4229 2518 4270 naturam

1467 4310 1597 4376 est,)
1611 4309 1703 4359 sed
1721 4307 1879 4373 pedes
1895 4303 2046 4370 primi
2059 4303 2321 4362 exierunt,
2339 4296 2519 4360 Agrip-

1462 4385 1814 4457 paeappellati
1831 4392 1972 4440 sent
1999 4380 2148 4449 qussi
2183 4390 2326 4442 aegre
2359 4375 2520 4441 9⁸¹⁰»
