3034 4925
1072 400 1217 455 ma.
1265 402 1318 455 ι.
1367 406 1529 456 cAr.
1572 390 1683 457 3⁷.
2334 395 2463 463 281

265 548 595 617 centuriis
625 556 875 617 essent.
965 549 1381 618 Posteriores
1407 553 1681 618 modo⁹⁸
1733 554 1860 620 sub
1905 553 2140 621 iisdem
2186 557 2464 624 nomini-

262 657 432 734 bue,
454 655 573 741 qui
603 653 816 720 additi
846 662 1056 732 erant,
1079 656 1403 739 appellati
1422 664 1615 722 sunt:
1650 676 1822 741 quas
1850 678 2044 738 nunc,
2063 658 2225 745 quia
2254 662 2465 744 gemi-

255 766 448 824 natae
477 766 661 836 sunt,
693 777 819 824 sex
849 767 1096 826 vocant
1125 761 1480 825 centurias.

273 890 282 895 ·
353 863 464 928 37.
512 862 671 927 Hac
703 870 892 945 parte
920 863 1259 946 copiarum
1291 875 1512 940 aucta,
1544 866 1780 930 iterum
1810 884 1956 931 cum
1988 864 2261 931 Sabinis
2305 886 2467 933 con·-

253 964 540 1047 fligitur.
623 964 759 1030 Sed
793 972 1240 1051 praeterquam
1272 967 1454 1052 quod
1482 968 1734 1034 viribus
1779 975 2076 1034 creverat
2115 967 2465 1036 Rotnanus

251 1070 626 1149 exercitae,
684 1089 771 1135 ex
832 1071 1101 1135 occulto
1157 1070 1359 1137 etiam
1430 1072 1698 1138 additur
1755 1072 1976 1150 dolus,
2033 1072 2286 1151 missin,
2346 1074 2466 1157 qui

251 1192 582 1254 magnam
617 1174 748 1238 vim
794 1172 1145 1256 lignorum,
1191 1175 1261 1238 in
1301 1173 1588 1240 Anienis
1634 1176 1784 1260 ripa
1820 1175 2185 1260 jacentem,
2229 1176 2462 1241 arden·

253 1283 401 1340 tem
433 1277 501 1340 in
535 1276 776 1341 flumen
816 1277 1264 1363 conjicerent:
1308 1289 1652 1363 ventoque
1692 1280 1981 1365 juvante
2015 1298 2303 1345 accensa
2339 1279 2461 1362 lig-

252 1398 376 1457 na,
409 1386 483 1445 et
507 1381 847 1465 pleraque,
877 1383 949 1446 in
976 1383 1234 1448 ratibus
1259 1383 1278 1418 ²
1320 1384 1645 1466 impacta,
1670 1383 1946 1449 sublicis
1966 1389 2022 1422 ¹0
2062 1402 2212 1449 cum
2256 1383 2461 1449 baere-

247 1488 429 1562 rent,
477 1489 747 1568 pontem
795 1485 1266 1551 incendunt!¹¹
1293 1492 1322 1521 '¹
1408 1485 1514 1551 Ea
1562 1506 1836 1571 quoque
1895 1493 2050 1551 res¹
2109 1486 2180 1550 in
2238 1505 2463 1571 pugna

320 1665 347 1699 ὅ
386 1668 486 1725 Qui
500 1668 740 1729 jacentem
757 1669 811 1718 in
831 1670 1032 1721 Anienis
1048 1671 1155 1734 ripa
1174 1670 1414 1733 ingentem
1429 1669 1668 1731 lig-omn
1687 1675 1868 1720 umus
1887 1672 2207 1726 wmderent,
2227 1675 2278 1719 et
2294 1682 2461 1720 aceen-

246 1746 361 1782 sam
388 1733 672 1796 projicerent
703 1736 756 1784 iu
773 1733 956 1799 flumen
968 1753 984 1786 .·
1019 1742 1066 1785 et
1085 1738 1154 1785 sic
1184 1751 1290 1786 cam
1325 1736 1476 1798 ὶὶςκα,
1509 1741 1647 1785 vento
1666 1735 1894 1801 stammas
1929 1738 2189 1796 excitante,
2219 1735 2463 1796 ardentia,

243 1811 455 1860 quorun
482 1801 702 1865 pleraque
720 1801 906 1852 ratibus
921 1802 1268 1862 deferebantur,
1290 1800 1581 1850 mae-eia
1601 1802 1653 1850 in
1672 1802 1880 1851 sublicas
1906 1803 1992 1868 (ex
2011 1802 2180 1865 quibus
2208 1814 2328 1863 psus
2349 1801 2456 1851 hos·

232 1860 380 1913 'tiano
399 1872 662 1929 &apuam
681 1869 812 1932 erut)
830 1868 929 1918 iltis
948 1868 1337 1928 adhaerescerent,
1367 1870 1558 1931 pontem
1579 1867 1905 1948 incenderunt.t

1180 2011 1265 2033 m
1269 2009 1537 2031 OOOOOOOO

245 2046 390 2094 riore
411 2045 565 2094 modo.

318 2113 389 2158 10
412 2113 428 2138 ‘
449 2111 605 2161 Forte
623 2126 737 2161 cum
755 2112 988 2163 Gronov.
1014 2114 1114 2179 leg.
1135 2114 1353 2178 pleraque
1371 2113 1560 2163 ratio-s
1576 2112 1781 2175 inaperta
1800 2110 2116 2175 sublicisque?
2129 2113 2215 2174 &0-
2233 2109 2460 2177 Rupert-

246 2173 535 2239 Improbat
552 2178 830 2229 strothius.
868 2179 1081 2243 Doujat.
1105 2179 1458 2244 Kreyssigius,
1493 2187 1550 2227 et
1587 2177 1836 2239 Doering.
1872 2178 1950 2227 ita
1982 2177 2374 2240 interpungunt‚
2409 2183 2459 2228 et

247 2243 488 2306 pto-aque
508 2245 560 2291 in
578 2243 783 2305 ratibus,
820 2244 1025 2310 &apaet-
1048 2245 1259 2296 sublicis.
1328 2244 1450 2294 vid.
1474 2245 1604 2297 Not.
1626 2243 1884 2293 Van—11
1921 2242 2218 2292 Succedunt
2251 2243 2386 2294 Eud.
2425 2256 2461 2292 a

1246 2373 1464 2427 NOTAE

244 2488 370 2523 rum
388 2473 621 2538 equitum
654 2490 770 2525 esse
801 2474 1147 2540 duplicatum,
1171 2484 1227 2527 ut
1252 2492 1320 2526 ex
1398 2482 1480 2525 tus
1508 2475 1560 2525 in
1586 2473 1819 2541 duplum,
1852 2474 2055 2541 equites
2087 2476 2231 2524 12⁰⁰.
2262 2470 2456 2523 reddit.

243 2552 614 2616 sequentibus,
659 2561 716 2603 et
758 2568 823 2602 ex
877 2555 1096 2605 Victore
1154 2562 1324 2620 patet.
1392 2553 1496 2603 Sed
1538 2553 1580 2602 si
1620 2560 1877 2618 ponantur
1914 2553 1991 2601 bis
2018 2557 2172 2601 antea
2209 2548 2459 2615 geminati

247 2627 493 2677 Dicimus
537 2629 670 2680 enim
712 2632 918 2681 alterum
957 2637 1164 2694 tantm,
1200 2646 1317 2682 cnm

245 2704 564 2756 tantundem
587 2706 850 2772 adjicitur.
884 2718 1136 2775 quantum
1162 2718 1319 2759 antea

244 2781 296 2830 in
347 2796 585 2844 numero,
641 2785 724 2832 vei
781 2785 1140 2850 magnitudine
1196 2785 1316 2836 fuit.

243 2860 424 2911 Quam
469 2861 716 2926 loquendi
757 2860 973 2914 formam
1018 2873 1074 2914 et
1119 2865 1318 2916 Noster

245 2936 399 3000 alibi,
448 2946 503 2988 et
536 2937 723 2988 Cicero
759 2941 947 3006 aliique
987 2951 1316 3006 usurparunt,

244 3023 476 3063 sumtam
516 3030 581 3064 ex
622 3015 975 3068 Demosthene
999 3027 1186 3069 contra
1213 3020 1315 3069 Mi·

247 3091 415 3157 dian,
440 3098 499 3142 ut
522 3093 761 3143 Nannius
785 3094 1047 3145 observat.
1082 3095 1314 3145 Credun-

247 3174 333 3218 tur
359 3169 476 3232 ejus
500 3168 789 3232 ignorantia
806 3172 1073 3235 scripsisse
1095 3172 1316 3222 Librarii

245 3245 438 3295 ordine
463 3245 666 3297 inverso
689 3252 874 3297 tantum
889 3249 1107 3310 alterum,
1124 3258 1179 3298 ut
1206 3250 1314 3299 vul-

247 3336 312 3386 go
356 3322 685 3373 habebatur:
721 3340 825 3389 qua
865 3325 1123 3389 scriptura
1157 3327 1314 3390 signi-

133 3431 144 3442 .
244 3397 396 3447 ficari
445 3404 655 3460 poterat
717 3399 1057 3464 Tarquinium
1103 3415 1315 3453 numero

249 3474 417 3537 priori
447 3474 681 3541 equitum
715 3476 878 3528 solum
904 3477 1160 3543 adjecisse
1186 3481 1318 3534 alte-

250 3565 366 3602 rum
391 3566 680 3602 numerum.

308 3635 331 3661 ¹·
364 3627 582 3677 Milteet
618 3628 884 3692 octingenti
918 3633 1126 3698 equites]
1163 3634 1313 3685 Anti·

244 3719 346 3768 qua
370 3703 536 3754 lectio
573 3704 709 3755 hunc
741 3706 902 3771 habet
921 3723 1225 3760 nnmerum:
1262 3711 1315 3761 in

247 3782 513 3846 plerisque
534 3781 662 3832 mille
685 3787 732 3832 et
748 3786 950 3835 trecenti
971 3787 1151 3851 equites
1173 3796 1314 3853 sunt,

249 3860 334 3924 qui
377 3873 623 3909 numerus
677 3867 915 3911 constare
975 3864 1115 3913 nullo
1159 3874 1342 3929 pacto.

252 3945 466 3999 potesta
519 3937 657 3986 unde
698 3938 990 3989 Glareanus
1035 3946 1180 3992 1200.
1234 3957 1312 3993 re-

249 4013 481 4078 scripsit,
493 4013 632 4078 quod
647 4023 701 4065 et
718 4015 971 4068 Salmasio
990 4018 1181 4083 placet,
1196 4021 1315 4085 quia

250 4089 456 4140 Romuii
484 4098 592 4141 tres
627 4100 900 4144 centenum
925 4096 1156 4161 equitum
1182 4098 1315 4148 Cen·

252 4167 401 4217 turiae
429 4173 614 4230 postea
649 4167 918 4233 duplicato
954 4185 1166 4222 numero
1190 4187 1311 4222 auc-

253 4252 316 4293 !ae
339 4251 493 4292 erant
528 4243 594 4292 ad
617 4246 816 4309 equites
839 4246 1047 4296 omnino
1086 4252 1201 4297 600.
1223 4249 1310 4313 qui

252 4335 491 4371 numerus
516 4321 599 4371 bic
640 4336 670 4371 a
692 4323 974 4389 Tarquinio
1003 4323 1324 4393 multiplica}

379 4403 559 4468 Delph.
582 4410 628 4455 et
657 4404 772 4459 Ver.
794 4408 923 4459 Clas.

1393 2632 1614 2697 equites,
1640 2631 1799 2681 semel
1834 2631 1900 2679 ab
1937 2630 2051 2695 ipso
2094 2628 2330 2689 Romulo,
2364 2626 2457 2675 ite·

1393 2721 1503 2757 rum
1543 2723 1573 2757 a
1595 2708 1772 2768 Tullo,
1807 2720 1941 2756 nuuc
1979 2721 2046 2756 ex
2081 2705 2260 2754 borum
2297 2703 2456 2755 tertia

1390 2784 1741 2849 geminatione
1764 2784 1995 2834 existent
2018 2786 2166 2832 1800.

1454 2869 1473 2894 ·
1527 2861 1827 2912 Posteriores
1861 2859 2022 2925 mdo]
2092 2858 2212 2910 Hoc
2251 2865 2456 2909 tantum

1389 2949 1674 3002 servatum,
1709 2940 1846 3005 quod
1885 2939 2052 2990 additi
2101 2938 2167 2988 ad
2228 2938 2454 3004 priorem

1391 3018 1707 3082 singularum
1762 3018 2112 3068 centuriarum
2181 3027 2449 3065 numerum

1390 3094 1521 3144 dicti
1561 3103 1685 3146 sunt
1726 3095 1968 3156 Ramnes,
2009 3093 2309 3155 Tutienses,
2349 3091 2450 3140 Lu-

1390 3185 1539 3221 ceres
1564 3172 1879 3237 Posteriores,
1903 3186 2008 3236 quo
2030 3184 2060 3219 a
2078 3168 2334 3233 prioribus
2353 3166 2456 3217 dis·

1390 3249 1776 3311 tinguerentur.

1451 3327 1468 3357 ²
1504 3327 1755 3390 Pleraque,
1787 3326 1839 3375 in
1859 3322 2064 3386 ratibus]
2085 3323 2148 3373 In
2172 3335 2227 3372 re
2250 3320 2450 3386 perspi·

1390 3415 1488 3454 cua
1504 3402 1737 3452 laborare
1751 3402 2045 3453 Gronovius
2060 3401 2159 3449 hoc
2183 3401 2295 3448 ioco
2310 3396 2458 3445 vide·

1389 3488 1494 3539 tur,
1538 3481 1620 3529 vel
1664 3479 1854 3530 nodum
1894 3480 1947 3528 in
1986 3478 2158 3542 scirpo
2202 3486 2458 3540 querere,

1390 3571 1506 3608 cuin
1531 3558 1721 3622 quierit
1744 3570 1858 3622 quae
1896 3555 2002 3604 sint
2045 3557 2177 3602 rates
2212 3549 2459 3599 nmictoer

1389 3634 1533 3700 qnasi
1558 3648 1743 3684 nomen
1782 3633 1996 3683 subliciis
2022 3638 2112 3680 aut
2147 3627 2343 3678 sublicis
2365 3624 2457 3674 ad·

1376 3712 1581 3777 jective
1618 3712 1921 3762 sumendum
1940 3711 2026 3773 sit,
2047 3716 2138 3758 aut
2161 3705 2225 3755 ad
2271 3716 2455 3753 nomen
2538 3719 2549 3726 ·

1387 3788 1573 3838 ratibus
1612 3785 1979 3837 referendum:
2013 3792 2103 3834 aut
2128 3782 2270 3848 quasi
2302 3796 2368 3831 ex
2391 3796 2453 3831 eo

1388 3867 1524 3933 quod
1555 3866 1656 3931 ipsi
1680 3865 1846 3915 visum
1870 3862 1940 3914 sit
1963 3870 2173 3927 pontem
2209 3860 2449 3910 hostilem

1389 3957 1455 3993 ax
1501 3942 1701 3993 ratibus
1747 3949 1801 3991 et
1840 3940 2054 3990 subiicis
2097 3935 2259 3987 fuisse
2298 3951 2451 4001 para·

1389 4026 1521 4080 nrm,
1548 4026 1856 4084 sequeretur
1886 4030 1985 4066 non
2025 4015 2250 4078 potuisse
2273 4024 2328 4064 et
2350 4014 2454 4063 Ro·

1388 4107 1569 4147 manos
1606 4096 1807 4146 ratibus
1831 4095 1944 4145 aliis
1967 4095 2060 4157 uti,
2082 4093 2266 4159 quibus
2310 4090 2456 4141 arida

1389 4175 1528 4237 ligna
1549 4173 1898 4238 imponerent,
1920 4172 2055 4240 quod
2076 4170 2140 4221 ab
2156 4171 2234 4220 bis
2257 4168 2453 4219 factum

1391 4250 1575 4299 scribit
1600 4249 1825 4314 Dionys.

1457 4335 1478 4359 ⁰
1538 4327 1741 4377 Pontem
1791 4328 2045 4378 incendunt
2122 4319 2451 4387 [succendunt]

1355 4409 1542 4460 Livius.
2282 4403 2325 4452 Ζ
