<?xml version="1.0" encoding="UTF-8"?>
<!DOCTYPE html PUBLIC "-//W3C//DTD XHTML 1.0 Transitional//EN"
    "http://www.w3.org/TR/xhtml1/DTD/xhtml1-transitional.dtd">
<html xmlns="http://www.w3.org/1999/xhtml" xml:lang="en" lang="en">
 <head>
  <title>
</title>
<meta http-equiv="Content-Type" content="text/html;charset=utf-8" />
  <meta name='ocr-system' content='tesseract 3.04.00' />
  <meta name='ocr-capabilities' content='ocr_page ocr_carea ocr_par ocr_line ocrx_word'/>
</head>
<body>
  <div class='ocr_page' id='page_1' title='image "./tliviipatavinih23unkngoog_0520.png"; bbox 0 0 3034 4925; ppageno 0'>
   <div class='ocr_carea' id='block_1_1' title="bbox 564 397 2787 2106">
    <p class='ocr_par' dir='ltr' id='par_1_1' title="bbox 564 397 2787 2106">
     <span class='ocr_line' id='line_1_1' title="bbox 564 397 1808 500; baseline -0.002 -38"><span class='ocrx_word' id='word_1_1' title='bbox 564 397 694 500; x_wconf 65' lang='lat' dir='ltr'>4l&#39;4</span> <span class='ocrx_word' id='word_1_2' title='bbox 1508 412 1578 462; x_wconf 76' lang='lat' dir='ltr'>T.</span> <span class='ocrx_word' id='word_1_3' title='bbox 1623 409 1808 462; x_wconf 79' lang='lat' dir='ltr'>mvn</span> 
     </span>
     <span class='ocr_line' id='line_1_2' title="bbox 581 555 2778 626; baseline 0 -1"><span class='ocrx_word' id='word_1_4' title='bbox 581 585 589 594; x_wconf 91' lang='lat'><strong>·</strong></span> <span class='ocrx_word' id='word_1_5' title='bbox 626 559 757 626; x_wconf 70' lang='grc'>·26.</span> <span class='ocrx_word' id='word_1_6' title='bbox 803 555 1174 624; x_wconf 79' lang='lat' dir='ltr'><strong>Confestim</strong></span> <span class='ocrx_word' id='word_1_7' title='bbox 1191 562 1256 623; x_wconf 87' lang='lat' dir='ltr'>et</span> <span class='ocrx_word' id='word_1_8' title='bbox 1278 556 1514 624; x_wconf 82' lang='lat' dir='ltr'>Sabini</span> <span class='ocrx_word' id='word_1_9' title='bbox 1534 557 1890 624; x_wconf 82' lang='lat' dir='ltr'>Romanos</span> <span class='ocrx_word' id='word_1_10' title='bbox 1912 555 1965 599; x_wconf 88' lang='lat'>¹⁶</span> <span class='ocrx_word' id='word_1_11' title='bbox 1995 556 2409 626; x_wconf 77' lang='lat' dir='ltr'>territavere:</span> <span class='ocrx_word' id='word_1_12' title='bbox 2438 558 2778 626; x_wconf 71' lang='lat' dir='ltr'>tumultus</span> 
     </span>
     <span class='ocr_line' id='line_1_3' title="bbox 565 658 2776 747; baseline -0.001 -17"><span class='ocrx_word' id='word_1_13' title='bbox 565 664 740 730; x_wconf 89' lang='lat' dir='ltr'>enim</span> <span class='ocrx_word' id='word_1_14' title='bbox 769 661 900 728; x_wconf 85' lang='lat' dir='ltr'>fuit</span> <span class='ocrx_word' id='word_1_15' title='bbox 927 662 1174 742; x_wconf 85' lang='lat' dir='ltr'>verius,</span> <span class='ocrx_word' id='word_1_16' title='bbox 1218 681 1418 747; x_wconf 83' lang='lat' dir='ltr'>quam</span> <span class='ocrx_word' id='word_1_17' title='bbox 1446 658 1746 728; x_wconf 79' lang='lat' dir='ltr'>bellum.¹¹</span> <span class='ocrx_word' id='word_1_18' title='bbox 1836 661 2062 729; x_wconf 80' lang='lat' dir='ltr'><strong>Nocte</strong></span> <span class='ocrx_word' id='word_1_19' title='bbox 2090 663 2163 729; x_wconf 87' lang='lat' dir='ltr'>in</span> <span class='ocrx_word' id='word_1_20' title='bbox 2195 665 2362 729; x_wconf 90' lang='lat' dir='ltr'>urbe</span> <span class='ocrx_word' id='word_1_21' title='bbox 2388 664 2776 728; x_wconf 80' lang='lat' dir='ltr'>nuntiatum</span> 
     </span>
     <span class='ocr_line' id='line_1_4' title="bbox 568 763 2780 852; baseline -0.001 -19"><span class='ocrx_word' id='word_1_22' title='bbox 568 776 695 847; x_wconf 89' lang='lat' dir='ltr'>est,</span> <span class='ocrx_word' id='word_1_23' title='bbox 731 766 1096 833; x_wconf 82' lang='lat' dir='ltr'>exercitum</span> <span class='ocrx_word' id='word_1_24' title='bbox 1150 766 1478 832; x_wconf 84' lang='lat' dir='ltr'>Sabinum</span> <span class='ocrx_word' id='word_1_25' title='bbox 1517 765 2053 852; x_wconf 72' lang='lat' dir='ltr'>praedabundum</span> <span class='ocrx_word' id='word_1_26' title='bbox 2099 767 2184 832; x_wconf 83' lang='lat' dir='ltr'>ad</span> <span class='ocrx_word' id='word_1_27' title='bbox 2212 765 2538 831; x_wconf 84' lang='lat' dir='ltr'>Anienem</span> <span class='ocrx_word' id='word_1_28' title='bbox 2558 763 2577 802; x_wconf 89' lang='lat'>¹</span> <span class='ocrx_word' id='word_1_29' title='bbox 2633 785 2780 830; x_wconf 80' lang='lat' dir='ltr'>am-</span> 
     </span>
     <span class='ocr_line' id='line_1_5' title="bbox 568 868 2779 956; baseline -0.001 -21"><span class='ocrx_word' id='word_1_30' title='bbox 568 891 722 936; x_wconf 88' lang='lat' dir='ltr'>nem</span> <span class='ocrx_word' id='word_1_31' title='bbox 774 871 1181 956; x_wconf 84' lang='lat' dir='ltr'>pervenisse.</span> <span class='ocrx_word' id='word_1_32' title='bbox 1267 869 1375 936; x_wconf 87' lang='lat' dir='ltr'>Ibi</span> <span class='ocrx_word' id='word_1_33' title='bbox 1420 871 1682 956; x_wconf 80' lang='lat' dir='ltr'>passim</span> <span class='ocrx_word' id='word_1_34' title='bbox 1729 869 1930 956; x_wconf 84' lang='lat' dir='ltr'>diripi</span> <span class='ocrx_word' id='word_1_35' title='bbox 1974 876 2175 956; x_wconf 83' lang='lat' dir='ltr'>atque</span> <span class='ocrx_word' id='word_1_36' title='bbox 2223 870 2494 935; x_wconf 84' lang='lat' dir='ltr'>incendi</span> <span class='ocrx_word' id='word_1_37' title='bbox 2539 868 2779 933; x_wconf 78' lang='lat' dir='ltr'>villas.</span> 
     </span>
     <span class='ocr_line' id='line_1_6' title="bbox 569 972 2784 1059; baseline -0 -21"><span class='ocrx_word' id='word_1_38' title='bbox 569 973 831 1039; x_wconf 86' lang='lat' dir='ltr'>Missus</span> <span class='ocrx_word' id='word_1_39' title='bbox 860 974 1204 1058; x_wconf 82' lang='lat' dir='ltr'>extemplo</span> <span class='ocrx_word' id='word_1_40' title='bbox 1234 992 1318 1041; x_wconf 90' lang='lat' dir='ltr'>eo</span> <span class='ocrx_word' id='word_1_41' title='bbox 1348 994 1500 1041; x_wconf 89' lang='lat' dir='ltr'>cum</span> <span class='ocrx_word' id='word_1_42' title='bbox 1522 974 1831 1040; x_wconf 83' lang='lat' dir='ltr'>omnibus</span> <span class='ocrx_word' id='word_1_43' title='bbox 1863 975 2088 1058; x_wconf 88' lang='lat' dir='ltr'>copiis</span> <span class='ocrx_word' id='word_1_44' title='bbox 2117 974 2415 1059; x_wconf 89' lang='lat' dir='ltr'>equitum</span> <span class='ocrx_word' id='word_1_45' title='bbox 2439 972 2529 1038; x_wconf 91' lang='lat' dir='ltr'>A.</span> <span class='ocrx_word' id='word_1_46' title='bbox 2559 972 2784 1037; x_wconf 90' lang='lat' dir='ltr'>Post-</span> 
     </span>
     <span class='ocr_line' id='line_1_7' title="bbox 569 1075 2784 1161; baseline -0.001 -19"><span class='ocrx_word' id='word_1_47' title='bbox 569 1082 815 1156; x_wconf 70' lang='lat' dir='ltr'>umius„</span> <span class='ocrx_word' id='word_1_48' title='bbox 866 1077 985 1161; x_wconf 92' lang='lat' dir='ltr'>qui</span> <span class='ocrx_word' id='word_1_49' title='bbox 1036 1077 1321 1143; x_wconf 83' lang='lat' dir='ltr'>dictator</span> <span class='ocrx_word' id='word_1_50' title='bbox 1366 1078 1552 1143; x_wconf 89' lang='lat' dir='ltr'>bello</span> <span class='ocrx_word' id='word_1_51' title='bbox 1603 1078 1853 1143; x_wconf 86' lang='lat' dir='ltr'>Latino</span> <span class='ocrx_word' id='word_1_52' title='bbox 1900 1079 2127 1144; x_wconf 85' lang='lat' dir='ltr'>fuerat.</span> <span class='ocrx_word' id='word_1_53' title='bbox 2216 1078 2497 1143; x_wconf 88' lang='lat' dir='ltr'>Secutus</span> <span class='ocrx_word' id='word_1_54' title='bbox 2526 1075 2784 1142; x_wconf 80' lang='lat' dir='ltr'>consul</span> 
     </span>
     <span class='ocr_line' id='line_1_8' title="bbox 571 1171 2787 1264; baseline -0.002 -18"><span class='ocrx_word' id='word_1_55' title='bbox 571 1181 899 1251; x_wconf 85' lang='lat' dir='ltr'>Servilius</span> <span class='ocrx_word' id='word_1_56' title='bbox 929 1200 1081 1246; x_wconf 91' lang='lat' dir='ltr'>cum</span> <span class='ocrx_word' id='word_1_57' title='bbox 1112 1171 1374 1246; x_wconf 81' lang='lat' dir='ltr'>delecta</span> <span class='ocrx_word' id='word_1_58' title='bbox 1412 1181 1972 1264; x_wconf 23' lang='lat' dir='ltr'>peditum‘manu.</span> <span class='ocrx_word' id='word_1_59' title='bbox 2060 1179 2424 1263; x_wconf 83' lang='lat' dir='ltr'>Plerosque</span> <span class='ocrx_word' id='word_1_60' title='bbox 2451 1177 2787 1261; x_wconf 79' lang='lat' dir='ltr'>palantes</span> 
     </span>
     <span class='ocr_line' id='line_1_9' title="bbox 570 1281 2787 1372; baseline -0.002 -21"><span class='ocrx_word' id='word_1_61' title='bbox 570 1305 774 1372; x_wconf 87' lang='lat' dir='ltr'>eques</span> <span class='ocrx_word' id='word_1_62' title='bbox 801 1283 1251 1351; x_wconf 86' lang='lat' dir='ltr'>circumvenit.</span> <span class='ocrx_word' id='word_1_63' title='bbox 1342 1283 1493 1350; x_wconf 90' lang='lat' dir='ltr'>Nec</span> <span class='ocrx_word' id='word_1_64' title='bbox 1519 1285 1897 1351; x_wconf 74' lang='lat' dir='ltr'>advenienti</span> <span class='ocrx_word' id='word_1_65' title='bbox 1939 1284 2243 1369; x_wconf 86' lang='lat' dir='ltr'>peditum</span> <span class='ocrx_word' id='word_1_66' title='bbox 2291 1282 2530 1364; x_wconf 83' lang='lat' dir='ltr'>agmini</span> <span class='ocrx_word' id='word_1_67' title='bbox 2587 1281 2787 1347; x_wconf 47' lang='lat' dir='ltr'>resti.-</span> 
     </span>
     <span class='ocr_line' id='line_1_10' title="bbox 573 1387 2785 1472; baseline -0.002 -18"><span class='ocrx_word' id='word_1_68' title='bbox 573 1390 657 1454; x_wconf 89' lang='lat' dir='ltr'>tit</span> <span class='ocrx_word' id='word_1_69' title='bbox 698 1389 953 1454; x_wconf 82' lang='lat' dir='ltr'>Sabina</span> <span class='ocrx_word' id='word_1_70' title='bbox 974 1388 1176 1470; x_wconf 88' lang='lat' dir='ltr'>legio.</span> <span class='ocrx_word' id='word_1_71' title='bbox 1265 1388 1482 1466; x_wconf 87' lang='lat' dir='ltr'>Fessi,</span> <span class='ocrx_word' id='word_1_72' title='bbox 1510 1395 1652 1453; x_wconf 90' lang='lat' dir='ltr'>tum</span> <span class='ocrx_word' id='word_1_73' title='bbox 1683 1389 1946 1467; x_wconf 90' lang='lat' dir='ltr'>itinere,</span> <span class='ocrx_word' id='word_1_74' title='bbox 1977 1393 2114 1453; x_wconf 90' lang='lat' dir='ltr'>tum</span> <span class='ocrx_word' id='word_1_75' title='bbox 2139 1387 2584 1472; x_wconf 79' lang='lat' dir='ltr'>populatione</span> <span class='ocrx_word' id='word_1_76' title='bbox 2614 1398 2785 1450; x_wconf 56' lang='lat' dir='ltr'>noct</span> 
     </span>
     <span class='ocr_line' id='line_1_11' title="bbox 572 1489 2784 1577; baseline -0.003 -19"><span class='ocrx_word' id='word_1_77' title='bbox 572 1499 785 1571; x_wconf 83' lang='lat' dir='ltr'>tuma,</span> <span class='ocrx_word' id='word_1_78' title='bbox 827 1510 1070 1575; x_wconf 83' lang='lat' dir='ltr'>magna</span> <span class='ocrx_word' id='word_1_79' title='bbox 1099 1511 1256 1575; x_wconf 82' lang='lat' dir='ltr'>pars</span> <span class='ocrx_word' id='word_1_80' title='bbox 1299 1491 1367 1556; x_wconf 88' lang='lat' dir='ltr'>in</span> <span class='ocrx_word' id='word_1_81' title='bbox 1414 1491 1594 1556; x_wconf 86' lang='lat' dir='ltr'>villis</span> <span class='ocrx_word' id='word_1_82' title='bbox 1626 1492 1859 1577; x_wconf 87' lang='lat' dir='ltr'>repleti</span> <span class='ocrx_word' id='word_1_83' title='bbox 1888 1492 2045 1557; x_wconf 90' lang='lat' dir='ltr'>cibo</span> <span class='ocrx_word' id='word_1_84' title='bbox 2076 1491 2388 1575; x_wconf 84' lang='lat' dir='ltr'>vinoque,</span> <span class='ocrx_word' id='word_1_85' title='bbox 2434 1489 2564 1554; x_wconf 74' lang='lat' dir='ltr'>vix</span> <span class='ocrx_word' id='word_1_86' title='bbox 2602 1489 2784 1574; x_wconf 80' lang='lat' dir='ltr'>sugae</span> 
     </span>
     <span class='ocr_line' id='line_1_12' title="bbox 574 1593 2787 1679; baseline -0.002 -18"><span class='ocrx_word' id='word_1_87' title='bbox 574 1597 754 1679; x_wconf 91' lang='lat' dir='ltr'>quod</span> <span class='ocrx_word' id='word_1_88' title='bbox 797 1596 966 1661; x_wconf 85' lang='lat' dir='ltr'>satis</span> <span class='ocrx_word' id='word_1_89' title='bbox 999 1605 1187 1660; x_wconf 84' lang='lat' dir='ltr'>esset</span> <span class='ocrx_word' id='word_1_90' title='bbox 1215 1595 1454 1662; x_wconf 86' lang='lat' dir='ltr'>virium</span> <span class='ocrx_word' id='word_1_91' title='bbox 1491 1595 1829 1662; x_wconf 62' lang='lat' dir='ltr'>habuere!</span> <span class='ocrx_word' id='word_1_92' title='bbox 1925 1596 2153 1661; x_wconf 86' lang='lat' dir='ltr'>Nocte</span> <span class='ocrx_word' id='word_1_93' title='bbox 2181 1613 2314 1659; x_wconf 84' lang='lat' dir='ltr'>una</span> <span class='ocrx_word' id='word_1_94' title='bbox 2343 1593 2584 1659; x_wconf 83' lang='lat' dir='ltr'>audito</span> <span class='ocrx_word' id='word_1_95' title='bbox 2637 1612 2787 1678; x_wconf 89' lang='lat' dir='ltr'>per-</span> 
     </span>
     <span class='ocr_line' id='line_1_13' title="bbox 573 1695 2787 1783; baseline -0.001 -20"><span class='ocrx_word' id='word_1_96' title='bbox 573 1698 879 1783; x_wconf 81' lang='lat' dir='ltr'>fectoque</span> <span class='ocrx_word' id='word_1_97' title='bbox 927 1699 1109 1764; x_wconf 89' lang='lat' dir='ltr'>bello</span> <span class='ocrx_word' id='word_1_98' title='bbox 1178 1698 1457 1778; x_wconf 83' lang='lat' dir='ltr'>Sabino,</span> <span class='ocrx_word' id='word_1_99' title='bbox 1506 1704 1788 1782; x_wconf 83' lang='lat' dir='ltr'>postero</span> <span class='ocrx_word' id='word_1_100' title='bbox 1843 1698 1978 1776; x_wconf 86' lang='lat' dir='ltr'>die,</span> <span class='ocrx_word' id='word_1_101' title='bbox 2031 1697 2101 1762; x_wconf 81' lang='lat' dir='ltr'>-in</span> <span class='ocrx_word' id='word_1_102' title='bbox 2135 1716 2393 1780; x_wconf 20' lang='lat' dir='ltr'>‘magna</span> <span class='ocrx_word' id='word_1_103' title='bbox 2437 1695 2600 1780; x_wconf 85' lang='lat' dir='ltr'>jam</span> <span class='ocrx_word' id='word_1_104' title='bbox 2664 1714 2787 1780; x_wconf 87' lang='lat' dir='ltr'>spe</span> 
     </span>
     <span class='ocr_line' id='line_1_14' title="bbox 574 1799 2785 1887; baseline -0.001 -23"><span class='ocrx_word' id='word_1_105' title='bbox 574 1802 869 1887; x_wconf 90' lang='lat' dir='ltr'>undique</span> <span class='ocrx_word' id='word_1_106' title='bbox 911 1810 1126 1886; x_wconf 85' lang='lat' dir='ltr'>partae</span> <span class='ocrx_word' id='word_1_107' title='bbox 1179 1802 1396 1885; x_wconf 76' lang='lat' dir='ltr'>paciS,</span> <span class='ocrx_word' id='word_1_108' title='bbox 1441 1802 1642 1884; x_wconf 84' lang='lat' dir='ltr'>legati</span> <span class='ocrx_word' id='word_1_109' title='bbox 1685 1801 1984 1867; x_wconf 87' lang='lat' dir='ltr'>Aurunci</span> <span class='ocrx_word' id='word_1_110' title='bbox 2021 1807 2317 1867; x_wconf 84' lang='lat' dir='ltr'>senatum</span> <span class='ocrx_word' id='word_1_111' title='bbox 2366 1800 2664 1877; x_wconf 84' lang='lat' dir='ltr'>adeunt,</span> <span class='ocrx_word' id='word_1_112' title='bbox 2715 1799 2785 1862; x_wconf 87' lang='lat' dir='ltr'>ni</span> 
     </span>
     <span class='ocr_line' id='line_1_15' title="bbox 575 1900 2786 1989; baseline 0 -19"><span class='ocrx_word' id='word_1_113' title='bbox 575 1905 934 1971; x_wconf 83' lang='lat' dir='ltr'>decedatur</span> <span class='ocrx_word' id='word_1_114' title='bbox 989 1904 1247 1971; x_wconf 88' lang='lat' dir='ltr'>Volsco</span> <span class='ocrx_word' id='word_1_115' title='bbox 1306 1925 1483 1989; x_wconf 83' lang='lat' dir='ltr'>agro,</span> <span class='ocrx_word' id='word_1_116' title='bbox 1532 1906 1780 1972; x_wconf 89' lang='lat' dir='ltr'>bellum</span> <span class='ocrx_word' id='word_1_117' title='bbox 1830 1905 2213 1970; x_wconf 87' lang='lat' dir='ltr'>indicentes.</span> <span class='ocrx_word' id='word_1_118' title='bbox 2302 1902 2472 1968; x_wconf 88' lang='lat' dir='ltr'>Cum</span> <span class='ocrx_word' id='word_1_119' title='bbox 2526 1900 2786 1986; x_wconf 76' lang='lat' dir='ltr'>legatis</span> 
     </span>
     <span class='ocr_line' id='line_1_16' title="bbox 578 2002 2786 2106; baseline -0.002 -34"><span class='ocrx_word' id='word_1_120' title='bbox 578 2007 776 2106; x_wconf 80' lang='lat' dir='ltr'>simul</span> <span class='ocrx_word' id='word_1_121' title='bbox 803 2010 1136 2075; x_wconf 80' lang='lat' dir='ltr'>exercitus</span> <span class='ocrx_word' id='word_1_122' title='bbox 1160 2008 1620 2074; x_wconf 81' lang='lat' dir='ltr'>Auruncorum</span> <span class='ocrx_word' id='word_1_123' title='bbox 1639 2015 1680 2043; x_wconf 81' lang='lat'>¹¹¹</span> <span class='ocrx_word' id='word_1_124' title='bbox 1726 2007 1922 2073; x_wconf 90' lang='lat' dir='ltr'>domo</span> <span class='ocrx_word' id='word_1_125' title='bbox 1955 2008 2295 2093; x_wconf 85' lang='lat' dir='ltr'>profectus</span> <span class='ocrx_word' id='word_1_126' title='bbox 2315 2009 2473 2070; x_wconf 82' lang='lat' dir='ltr'>erat.</span> <span class='ocrx_word' id='word_1_127' title='bbox 2556 2002 2786 2088; x_wconf 84' lang='lat' dir='ltr'>Cujus</span> 
     </span>
    </p>
   </div>
   <div class='ocr_carea' id='block_1_2' title="bbox 639 2173 2295 2241">
    <p class='ocr_par' dir='ltr' id='par_1_2' title="bbox 639 2173 2295 2241">
     <span class='ocr_line' id='line_1_17' title="bbox 639 2173 2295 2241; baseline -0.001 -17"><span class='ocrx_word' id='word_1_128' title='bbox 639 2181 666 2204; x_wconf 70' lang='lat'>⁸</span> <span class='ocrx_word' id='word_1_129' title='bbox 705 2173 804 2225; x_wconf 78' lang='lat' dir='ltr'>Vix</span> <span class='ocrx_word' id='word_1_130' title='bbox 825 2180 1012 2226; x_wconf 69' lang='lat' dir='ltr'>tantum</span> <span class='ocrx_word' id='word_1_131' title='bbox 1031 2174 1290 2226; x_wconf 71' lang='lat' dir='ltr'>habuerunt</span> <span class='ocrx_word' id='word_1_132' title='bbox 1309 2174 1502 2239; x_wconf 77' lang='lat' dir='ltr'>virium,</span> <span class='ocrx_word' id='word_1_133' title='bbox 1524 2175 1646 2238; x_wconf 79' lang='lat' dir='ltr'>quod</span> <span class='ocrx_word' id='word_1_134' title='bbox 1665 2176 1899 2241; x_wconf 75' lang='lat' dir='ltr'>sufficeret</span> <span class='ocrx_word' id='word_1_135' title='bbox 1919 2177 1981 2224; x_wconf 78' lang='lat' dir='ltr'>od</span> <span class='ocrx_word' id='word_1_136' title='bbox 1990 2173 2295 2239; x_wconf 65' lang='lat' dir='ltr'>fugiendum.</span> 
     </span>
    </p>
   </div>
   <div class='ocr_carea' id='block_1_3' title="bbox 1480 2303 1847 2324">
    <p class='ocr_par' dir='ltr' id='par_1_3' title="bbox 1480 2303 1847 2324">
     <span class='ocr_line' id='line_1_18' title="bbox 1480 2303 1847 2324; baseline 0.003 -1"><span class='ocrx_word' id='word_1_137' title='bbox 1480 2303 1847 2324; x_wconf 62' lang='lat'>000000000000</span> 
     </span>
    </p>
   </div>
   <div class='ocr_carea' id='block_1_4' title="bbox 646 2387 2481 2462">
    <p class='ocr_par' dir='ltr' id='par_1_4' title="bbox 646 2387 2481 2462">
     <span class='ocr_line' id='line_1_19' title="bbox 646 2387 2481 2462; baseline 0.002 -26"><span class='ocrx_word' id='word_1_138' title='bbox 646 2389 708 2436; x_wconf 82' lang='lat'>16</span> <span class='ocrx_word' id='word_1_139' title='bbox 742 2393 757 2416; x_wconf 87' lang='lat'>‘</span> <span class='ocrx_word' id='word_1_140' title='bbox 772 2387 1082 2462; x_wconf 81' lang='lat' dir='ltr'>Suspectum</span> <span class='ocrx_word' id='word_1_141' title='bbox 1104 2389 1227 2441; x_wconf 89' lang='lat' dir='ltr'>mibi</span> <span class='ocrx_word' id='word_1_142' title='bbox 1247 2389 1305 2438; x_wconf 76' lang='grc' dir='ltr'>τὸ</span> <span class='ocrx_word' id='word_1_143' title='bbox 1330 2390 1584 2453; x_wconf 73' lang='lat' dir='ltr'>Romanos,</span> <span class='ocrx_word' id='word_1_144' title='bbox 1606 2396 1660 2441; x_wconf 88' lang='lat' dir='ltr'>et</span> <span class='ocrx_word' id='word_1_145' title='bbox 1681 2389 1861 2441; x_wconf 83' lang='lat' dir='ltr'>abesse</span> <span class='ocrx_word' id='word_1_146' title='bbox 1884 2390 2071 2442; x_wconf 53' lang='lat' dir='ltr'>velim?</span> <span class='ocrx_word' id='word_1_147' title='bbox 2100 2393 2157 2441; x_wconf 89' lang='lat' dir='ltr'>J.</span> <span class='ocrx_word' id='word_1_148' title='bbox 2180 2392 2242 2443; x_wconf 80' lang='lat' dir='ltr'>F.</span> <span class='ocrx_word' id='word_1_149' title='bbox 2271 2391 2481 2441; x_wconf 76' lang='lat' dir='ltr'>Gronov.</span> 
     </span>
    </p>
   </div>
   <div class='ocr_carea' id='block_1_5' title="bbox 1562 2523 1775 2575">
    <p class='ocr_par' dir='ltr' id='par_1_5' title="bbox 1562 2523 1775 2575">
     <span class='ocr_line' id='line_1_20' title="bbox 1562 2523 1775 2575; baseline 0.005 -1"><span class='ocrx_word' id='word_1_150' title='bbox 1562 2523 1775 2575; x_wconf 78' lang='lat' dir='ltr'>No&#39;rAE</span> 
     </span>
    </p>
   </div>
   <div class='ocr_carea' id='block_1_6' title="bbox 581 2618 2782 2764">
    <p class='ocr_par' dir='ltr' id='par_1_6' title="bbox 581 2618 2782 2764">
     <span class='ocr_line' id='line_1_21' title="bbox 644 2618 2781 2686; baseline -0.001 -16"><span class='ocrx_word' id='word_1_151' title='bbox 644 2619 670 2654; x_wconf 78' lang='lat'>¹¹</span> <span class='ocrx_word' id='word_1_152' title='bbox 707 2620 952 2671; x_wconf 69' lang='lat' dir='ltr'>Tumultus</span> <span class='ocrx_word' id='word_1_153' title='bbox 992 2622 1118 2673; x_wconf 76' lang='lat' dir='ltr'>euim</span> <span class='ocrx_word' id='word_1_154' title='bbox 1144 2623 1253 2683; x_wconf 76' lang='lat' dir='ltr'>suit</span> <span class='ocrx_word' id='word_1_155' title='bbox 1289 2623 1464 2686; x_wconf 68' lang='lat' dir='ltr'>ver-ius,</span> <span class='ocrx_word' id='word_1_156' title='bbox 1496 2637 1637 2686; x_wconf 74' lang='lat' dir='ltr'>quam</span> <span class='ocrx_word' id='word_1_157' title='bbox 1711 2636 1825 2671; x_wconf 75' lang='lat' dir='ltr'>esse</span> <span class='ocrx_word' id='word_1_158' title='bbox 1875 2620 2065 2672; x_wconf 80' lang='lat' dir='ltr'>bellum</span> <span class='ocrx_word' id='word_1_159' title='bbox 2110 2628 2168 2672; x_wconf 84' lang='lat' dir='ltr'>ut</span> <span class='ocrx_word' id='word_1_160' title='bbox 2221 2620 2478 2673; x_wconf 72' lang='lat' dir='ltr'>tumultur</span> <span class='ocrx_word' id='word_1_161' title='bbox 2520 2633 2634 2669; x_wconf 85' lang='lat' dir='ltr'>non</span> <span class='ocrx_word' id='word_1_162' title='bbox 2679 2618 2781 2669; x_wconf 81' lang='lat' dir='ltr'>sit:</span> 
     </span>
     <span class='ocr_line' id='line_1_22' title="bbox 581 2695 2782 2764; baseline -0.001 -18"><span class='ocrx_word' id='word_1_163' title='bbox 581 2697 771 2763; x_wconf 74' lang='lat' dir='ltr'>bellum]</span> <span class='ocrx_word' id='word_1_164' title='bbox 808 2702 889 2750; x_wconf 87' lang='lat' dir='ltr'>De</span> <span class='ocrx_word' id='word_1_165' title='bbox 911 2700 1123 2764; x_wconf 84' lang='lat' dir='ltr'>propria</span> <span class='ocrx_word' id='word_1_166' title='bbox 1158 2698 1429 2753; x_wconf 82' lang='lat' dir='ltr'>tumultus</span> <span class='ocrx_word' id='word_1_167' title='bbox 1449 2712 1635 2763; x_wconf 87' lang='lat' dir='ltr'>accep·</span> <span class='ocrx_word' id='word_1_168' title='bbox 1714 2699 1964 2749; x_wconf 80' lang='lat' dir='ltr'>tumultus</span> <span class='ocrx_word' id='word_1_169' title='bbox 1998 2704 2168 2750; x_wconf 84' lang='lat' dir='ltr'>autem</span> <span class='ocrx_word' id='word_1_170' title='bbox 2204 2713 2321 2749; x_wconf 78' lang='lat' dir='ltr'>esse</span> <span class='ocrx_word' id='word_1_171' title='bbox 2354 2698 2468 2748; x_wconf 80' lang='lat' dir='ltr'>sine</span> <span class='ocrx_word' id='word_1_172' title='bbox 2509 2695 2657 2746; x_wconf 85' lang='lat' dir='ltr'>bello</span> <span class='ocrx_word' id='word_1_173' title='bbox 2680 2706 2782 2745; x_wconf 71' lang='lat' dir='ltr'>not</span> 
     </span>
    </p>
   </div>
   <div class='ocr_carea' id='block_1_7' title="bbox 581 2775 1638 3225">
    <p class='ocr_par' dir='ltr' id='par_1_7' title="bbox 581 2775 1638 3225">
     <span class='ocr_line' id='line_1_23' title="bbox 583 2775 1636 2830; baseline 0.002 -7"><span class='ocrx_word' id='word_1_174' title='bbox 583 2775 725 2824; x_wconf 87' lang='lat' dir='ltr'>tione</span> <span class='ocrx_word' id='word_1_175' title='bbox 761 2777 849 2826; x_wconf 87' lang='lat' dir='ltr'>alii</span> <span class='ocrx_word' id='word_1_176' title='bbox 891 2778 1058 2829; x_wconf 84' lang='lat' dir='ltr'>aliter.</span> <span class='ocrx_word' id='word_1_177' title='bbox 1123 2780 1340 2830; x_wconf 79' lang='lat' dir='ltr'>Verrius</span> <span class='ocrx_word' id='word_1_178' title='bbox 1381 2780 1636 2829; x_wconf 69' lang='lat' dir='ltr'>tumultum</span> 
     </span>
     <span class='ocr_line' id='line_1_24' title="bbox 583 2852 1634 2923; baseline 0.003 -21"><span class='ocrx_word' id='word_1_179' title='bbox 583 2852 689 2903; x_wconf 84' lang='lat' dir='ltr'>dici</span> <span class='ocrx_word' id='word_1_180' title='bbox 710 2853 835 2916; x_wconf 89' lang='lat' dir='ltr'>ait,‘</span> <span class='ocrx_word' id='word_1_181' title='bbox 854 2856 942 2921; x_wconf 88' lang='lat' dir='ltr'>qni</span> <span class='ocrx_word' id='word_1_182' title='bbox 964 2856 1029 2906; x_wconf 90' lang='lat' dir='ltr'>ab</span> <span class='ocrx_word' id='word_1_183' title='bbox 1051 2857 1165 2909; x_wconf 81' lang='lat' dir='ltr'>aliis</span> <span class='ocrx_word' id='word_1_184' title='bbox 1180 2859 1376 2908; x_wconf 86' lang='lat' dir='ltr'>oriatur</span> <span class='ocrx_word' id='word_1_185' title='bbox 1391 2872 1543 2923; x_wconf 84' lang='lat' dir='ltr'>quam</span> <span class='ocrx_word' id='word_1_186' title='bbox 1567 2855 1634 2906; x_wconf 90' lang='lat' dir='ltr'>ab</span> 
     </span>
     <span class='ocr_line' id='line_1_25' title="bbox 584 2929 1633 2985; baseline 0.005 -7"><span class='ocrx_word' id='word_1_187' title='bbox 584 2929 787 2980; x_wconf 77' lang='lat' dir='ltr'>Italicis</span> <span class='ocrx_word' id='word_1_188' title='bbox 832 2937 886 2981; x_wconf 88' lang='lat' dir='ltr'>et</span> <span class='ocrx_word' id='word_1_189' title='bbox 931 2931 1147 2984; x_wconf 73' lang='lat' dir='ltr'>Gallicis</span> <span class='ocrx_word' id='word_1_190' title='bbox 1199 2934 1466 2985; x_wconf 64' lang='lat' dir='ltr'>hostibus!</span> <span class='ocrx_word' id='word_1_191' title='bbox 1529 2934 1633 2984; x_wconf 89' lang='lat' dir='ltr'>Sed</span> 
     </span>
     <span class='ocr_line' id='line_1_26' title="bbox 581 3006 1638 3076; baseline 0.006 -21"><span class='ocrx_word' id='word_1_192' title='bbox 581 3006 861 3071; x_wconf 82' lang='lat' dir='ltr'>legendum</span> <span class='ocrx_word' id='word_1_193' title='bbox 873 3010 1124 3074; x_wconf 79' lang='lat' dir='ltr'>suspicor,</span> <span class='ocrx_word' id='word_1_194' title='bbox 1135 3011 1333 3076; x_wconf 84' lang='lat' dir='ltr'>injecta</span> <span class='ocrx_word' id='word_1_195' title='bbox 1346 3011 1638 3076; x_wconf 79' lang='lat' dir='ltr'>negatione,</span> 
     </span>
     <span class='ocr_line' id='line_1_27' title="bbox 583 3084 1635 3153; baseline 0.006 -21"><span class='ocrx_word' id='word_1_196' title='bbox 583 3084 667 3147; x_wconf 67' lang='lat' dir='ltr'>qui</span> <span class='ocrx_word' id='word_1_197' title='bbox 687 3099 780 3134; x_wconf 74' lang='lat' dir='ltr'>m</span> <span class='ocrx_word' id='word_1_198' title='bbox 799 3084 858 3134; x_wconf 78' lang='lat' dir='ltr'>ab</span> <span class='ocrx_word' id='word_1_199' title='bbox 880 3087 1010 3137; x_wconf 65' lang='lat' dir='ltr'>cuir.</span> <span class='ocrx_word' id='word_1_200' title='bbox 1075 3090 1282 3139; x_wconf 82' lang='lat' dir='ltr'>Etenim</span> <span class='ocrx_word' id='word_1_201' title='bbox 1306 3090 1419 3141; x_wconf 89' lang='lat' dir='ltr'>Cic.</span> <span class='ocrx_word' id='word_1_202' title='bbox 1443 3089 1635 3153; x_wconf 84' lang='lat' dir='ltr'>Philip.</span> 
     </span>
     <span class='ocr_line' id='line_1_28' title="bbox 583 3160 1636 3225; baseline 0.007 -16"><span class='ocrx_word' id='word_1_203' title='bbox 583 3173 711 3209; x_wconf 84' lang='lat' dir='ltr'>vm.</span> <span class='ocrx_word' id='word_1_204' title='bbox 726 3161 742 3188; x_wconf 91' lang='lat'>‘</span> <span class='ocrx_word' id='word_1_205' title='bbox 761 3160 993 3225; x_wconf 81' lang='lat' dir='ltr'>Majores</span> <span class='ocrx_word' id='word_1_206' title='bbox 1012 3165 1174 3215; x_wconf 74' lang='lat' dir='ltr'>nostri</span> <span class='ocrx_word' id='word_1_207' title='bbox 1198 3166 1471 3215; x_wconf 87' lang='lat' dir='ltr'>tumultum</span> <span class='ocrx_word' id='word_1_208' title='bbox 1487 3165 1636 3216; x_wconf 89' lang='lat' dir='ltr'>Itali·</span> 
     </span>
    </p>
   </div>
   <div class='ocr_carea' id='block_1_8' title="bbox 1699 2770 2787 3228">
    <p class='ocr_par' dir='ltr' id='par_1_8' title="bbox 1699 2770 2787 3228">
     <span class='ocr_line' id='line_1_29' title="bbox 1699 2770 2784 2839; baseline -0.004 -13.955"><span class='ocrx_word' id='word_1_209' title='bbox 1699 2773 1922 2839; x_wconf 58' lang='lat' dir='ltr'>potestss</span> <span class='ocrx_word' id='word_1_210' title='bbox 1987 2775 2105 2828; x_wconf 81' lang='lat' dir='ltr'>Qua</span> <span class='ocrx_word' id='word_1_211' title='bbox 2149 2777 2206 2826; x_wconf 91' lang='lat' dir='ltr'>in</span> <span class='ocrx_word' id='word_1_212' title='bbox 2244 2790 2302 2826; x_wconf 85' lang='lat' dir='ltr'>re</span> <span class='ocrx_word' id='word_1_213' title='bbox 2343 2789 2448 2824; x_wconf 88' lang='lat' dir='ltr'>non</span> <span class='ocrx_word' id='word_1_214' title='bbox 2482 2773 2703 2823; x_wconf 76' lang='lat' dir='ltr'>videtur</span> <span class='ocrx_word' id='word_1_215' title='bbox 2733 2770 2784 2821; x_wconf 81' lang='lat' dir='ltr'>ci</span> 
     </span>
     <span class='ocr_line' id='line_1_30' title="bbox 1712 2846 2784 2915; baseline -0.003 -14"><span class='ocrx_word' id='word_1_216' title='bbox 1712 2867 1829 2902; x_wconf 88' lang='lat' dir='ltr'>cum</span> <span class='ocrx_word' id='word_1_217' title='bbox 1854 2852 2087 2904; x_wconf 85' lang='lat' dir='ltr'>Auctore</span> <span class='ocrx_word' id='word_1_218' title='bbox 2108 2862 2289 2904; x_wconf 79' lang='lat' dir='ltr'>nostro</span> <span class='ocrx_word' id='word_1_219' title='bbox 2307 2851 2619 2915; x_wconf 83' lang='lat' dir='ltr'>convenire,</span> <span class='ocrx_word' id='word_1_220' title='bbox 2638 2846 2784 2914; x_wconf 66' lang='lat' dir='ltr'>apud</span> 
     </span>
     <span class='ocr_line' id='line_1_31' title="bbox 1710 2926 2783 2995; baseline -0.003 -16"><span class='ocrx_word' id='word_1_221' title='bbox 1710 2944 1863 2995; x_wconf 84' lang='lat' dir='ltr'>quem</span> <span class='ocrx_word' id='word_1_222' title='bbox 1887 2946 2024 2983; x_wconf 89' lang='lat' dir='ltr'>nunc</span> <span class='ocrx_word' id='word_1_223' title='bbox 2046 2929 2362 2982; x_wconf 80' lang='lat' dir='ltr'>‘&#39;tumultus</span> <span class='ocrx_word' id='word_1_224' title='bbox 2387 2930 2589 2979; x_wconf 85' lang='lat' dir='ltr'>dicitnr</span> <span class='ocrx_word' id='word_1_225' title='bbox 2619 2926 2783 2977; x_wconf 67' lang='lat' dir='ltr'>fuisse</span> 
     </span>
     <span class='ocr_line' id='line_1_32' title="bbox 1710 3008 2781 3075; baseline -0.003 -17"><span class='ocrx_word' id='word_1_226' title='bbox 1710 3009 1727 3036; x_wconf 89' lang='lat'>‘</span> <span class='ocrx_word' id='word_1_227' title='bbox 1742 3011 1912 3059; x_wconf 79' lang='lat' dir='ltr'>verius</span> <span class='ocrx_word' id='word_1_228' title='bbox 1923 3025 2073 3075; x_wconf 87' lang='lat' dir='ltr'>quam</span> <span class='ocrx_word' id='word_1_229' title='bbox 2089 3008 2322 3075; x_wconf 87' lang='lat' dir='ltr'>bellum‚’</span> <span class='ocrx_word' id='word_1_230' title='bbox 2336 3008 2392 3058; x_wconf 92' lang='lat' dir='ltr'>id</span> <span class='ocrx_word' id='word_1_231' title='bbox 2409 3016 2509 3064; x_wconf 76' lang='lat' dir='ltr'>est,</span> <span class='ocrx_word' id='word_1_232' title='bbox 2520 3008 2781 3057; x_wconf 69' lang='lat' dir='ltr'>tumultu:</span> 
     </span>
     <span class='ocr_line' id='line_1_33' title="bbox 1710 3082 2787 3138; baseline -0.002 -1"><span class='ocrx_word' id='word_1_233' title='bbox 1710 3087 1821 3137; x_wconf 79' lang='lat' dir='ltr'>sine</span> <span class='ocrx_word' id='word_1_234' title='bbox 1833 3086 1988 3138; x_wconf 88' lang='lat' dir='ltr'>bello.</span> <span class='ocrx_word' id='word_1_235' title='bbox 2021 3086 2123 3138; x_wconf 83' lang='lat' dir='ltr'>Sed</span> <span class='ocrx_word' id='word_1_236' title='bbox 2140 3087 2378 3137; x_wconf 82' lang='lat' dir='ltr'>nimirum</span> <span class='ocrx_word' id='word_1_237' title='bbox 2391 3086 2585 3136; x_wconf 86' lang='lat' dir='ltr'>Cicero</span> <span class='ocrx_word' id='word_1_238' title='bbox 2598 3082 2787 3135; x_wconf 64' lang='lat' dir='ltr'>tenni·</span> 
     </span>
     <span class='ocr_line' id='line_1_34' title="bbox 1711 3162 2783 3228; baseline -0.001 -17"><span class='ocrx_word' id='word_1_239' title='bbox 1711 3169 1820 3213; x_wconf 90' lang='lat' dir='ltr'>tum</span> <span class='ocrx_word' id='word_1_240' title='bbox 1858 3163 2067 3228; x_wconf 81' lang='lat' dir='ltr'>proprie</span> <span class='ocrx_word' id='word_1_241' title='bbox 2104 3163 2369 3228; x_wconf 83' lang='lat' dir='ltr'>intelligit,</span> <span class='ocrx_word' id='word_1_242' title='bbox 2399 3162 2687 3212; x_wconf 83' lang='lat' dir='ltr'>decretum</span> <span class='ocrx_word' id='word_1_243' title='bbox 2721 3174 2783 3210; x_wconf 84' lang='lat' dir='ltr'>ac</span> 
     </span>
    </p>
   </div>
   <div class='ocr_carea' id='block_1_9' title="bbox 583 3239 2784 3305">
    <p class='ocr_par' dir='ltr' id='par_1_9' title="bbox 583 3239 2784 3305">
     <span class='ocr_line' id='line_1_35' title="bbox 583 3239 2784 3305; baseline 0 -17"><span class='ocrx_word' id='word_1_244' title='bbox 583 3252 722 3300; x_wconf 86' lang='lat' dir='ltr'>cum,</span> <span class='ocrx_word' id='word_1_245' title='bbox 738 3240 874 3303; x_wconf 89' lang='lat' dir='ltr'>qnod</span> <span class='ocrx_word' id='word_1_246' title='bbox 889 3245 1005 3289; x_wconf 89' lang='lat' dir='ltr'>erat</span> <span class='ocrx_word' id='word_1_247' title='bbox 1018 3240 1345 3299; x_wconf 79' lang='lat' dir='ltr'>domesticus,</span> <span class='ocrx_word' id='word_1_248' title='bbox 1360 3242 1638 3294; x_wconf 87' lang='lat' dir='ltr'>tumultum</span> <span class='ocrx_word' id='word_1_249' title='bbox 1707 3242 1909 3291; x_wconf 73' lang='lat' dir='ltr'>solenni</span> <span class='ocrx_word' id='word_1_250' title='bbox 1929 3256 2071 3292; x_wconf 83' lang='lat' dir='ltr'>more</span> <span class='ocrx_word' id='word_1_251' title='bbox 2095 3241 2374 3305; x_wconf 86' lang='lat' dir='ltr'>indictum,</span> <span class='ocrx_word' id='word_1_252' title='bbox 2394 3255 2499 3305; x_wconf 89' lang='lat' dir='ltr'>quo</span> <span class='ocrx_word' id='word_1_253' title='bbox 2533 3239 2784 3290; x_wconf 75' lang='lat' dir='ltr'>delectur</span> 
     </span>
    </p>
   </div>
   <div class='ocr_carea' id='block_1_10' title="bbox 585 3314 1644 4393">
    <p class='ocr_par' dir='ltr' id='par_1_10' title="bbox 585 3314 1644 4393">
     <span class='ocr_line' id='line_1_36' title="bbox 585 3314 1637 3384; baseline 0.004 -19"><span class='ocrx_word' id='word_1_254' title='bbox 585 3314 860 3381; x_wconf 82' lang='lat' dir='ltr'>Gallicum,</span> <span class='ocrx_word' id='word_1_255' title='bbox 881 3316 1015 3382; x_wconf 88' lang='lat' dir='ltr'>quod</span> <span class='ocrx_word' id='word_1_256' title='bbox 1040 3322 1155 3367; x_wconf 86' lang='lat' dir='ltr'>erat</span> <span class='ocrx_word' id='word_1_257' title='bbox 1179 3316 1347 3367; x_wconf 80' lang='lat' dir='ltr'>Italiae</span> <span class='ocrx_word' id='word_1_258' title='bbox 1370 3317 1637 3384; x_wconf 83' lang='lat' dir='ltr'>finitimus,</span> 
     </span>
     <span class='ocr_line' id='line_1_37' title="bbox 586 3394 1640 3461; baseline 0.004 -19"><span class='ocrx_word' id='word_1_259' title='bbox 586 3400 844 3457; x_wconf 84' lang='lat' dir='ltr'>praeterea</span> <span class='ocrx_word' id='word_1_260' title='bbox 875 3394 1071 3461; x_wconf 84' lang='lat' dir='ltr'>nullum</span> <span class='ocrx_word' id='word_1_261' title='bbox 1105 3395 1381 3445; x_wconf 87' lang='lat' dir='ltr'>tumultum</span> <span class='ocrx_word' id='word_1_262' title='bbox 1413 3396 1640 3447; x_wconf 84' lang='lat' dir='ltr'>nomina-</span> 
     </span>
     <span class='ocr_line' id='line_1_38' title="bbox 586 3470 1641 3538; baseline 0.004 -18"><span class='ocrx_word' id='word_1_263' title='bbox 586 3470 743 3521; x_wconf 84' lang='lat' dir='ltr'>runt.&#39;</span> <span class='ocrx_word' id='word_1_264' title='bbox 778 3471 953 3522; x_wconf 77' lang='lat' dir='ltr'>Livius</span> <span class='ocrx_word' id='word_1_265' title='bbox 975 3486 1181 3538; x_wconf 89' lang='lat' dir='ltr'>quoque</span> <span class='ocrx_word' id='word_1_266' title='bbox 1204 3480 1380 3523; x_wconf 77' lang='lat' dir='ltr'>noster</span> <span class='ocrx_word' id='word_1_267' title='bbox 1400 3473 1490 3524; x_wconf 91' lang='lat' dir='ltr'>lib.</span> <span class='ocrx_word' id='word_1_268' title='bbox 1515 3488 1641 3524; x_wconf 85' lang='lat' dir='ltr'>vm.</span> 
     </span>
     <span class='ocr_line' id='line_1_39' title="bbox 587 3548 1642 3614; baseline 0.002 -16"><span class='ocrx_word' id='word_1_269' title='bbox 587 3562 702 3613; x_wconf 88' lang='lat' dir='ltr'>cap.</span> <span class='ocrx_word' id='word_1_270' title='bbox 731 3551 814 3599; x_wconf 73' lang='lat'>20.</span> <span class='ocrx_word' id='word_1_271' title='bbox 855 3555 871 3579; x_wconf 78' lang='lat'><em>⁶</em></span> <span class='ocrx_word' id='word_1_272' title='bbox 897 3548 1141 3600; x_wconf 81' lang='lat' dir='ltr'>Nondum</span> <span class='ocrx_word' id='word_1_273' title='bbox 1177 3548 1479 3614; x_wconf 81' lang='lat' dir='ltr'>perfunctos</span> <span class='ocrx_word' id='word_1_274' title='bbox 1515 3565 1642 3601; x_wconf 81' lang='lat' dir='ltr'>cura</span> 
     </span>
     <span class='ocr_line' id='line_1_40' title="bbox 585 3626 1640 3680; baseline 0.004 -4"><span class='ocrx_word' id='word_1_275' title='bbox 585 3626 911 3677; x_wconf 81' lang='lat' dir='ltr'>Privernatis</span> <span class='ocrx_word' id='word_1_276' title='bbox 930 3626 1056 3677; x_wconf 88' lang='lat' dir='ltr'>belli</span> <span class='ocrx_word' id='word_1_277' title='bbox 1078 3627 1326 3680; x_wconf 79' lang='lat' dir='ltr'>tumultus</span> <span class='ocrx_word' id='word_1_278' title='bbox 1347 3628 1538 3679; x_wconf 81' lang='lat' dir='ltr'>Gallici</span> <span class='ocrx_word' id='word_1_279' title='bbox 1564 3628 1640 3680; x_wconf 84' lang='lat' dir='ltr'>fa·</span> 
     </span>
     <span class='ocr_line' id='line_1_41' title="bbox 587 3703 1643 3771; baseline 0.008 -19"><span class='ocrx_word' id='word_1_280' title='bbox 587 3718 672 3753; x_wconf 81' lang='lat' dir='ltr'>ma</span> <span class='ocrx_word' id='word_1_281' title='bbox 692 3709 844 3755; x_wconf 83' lang='lat' dir='ltr'>atrox</span> <span class='ocrx_word' id='word_1_282' title='bbox 863 3703 1093 3755; x_wconf 68' lang='lat' dir='ltr'>invasit!</span> <span class='ocrx_word' id='word_1_283' title='bbox 1127 3704 1362 3756; x_wconf 72' lang='lat' dir='ltr'>Isidorus</span> <span class='ocrx_word' id='word_1_284' title='bbox 1384 3706 1536 3771; x_wconf 81' lang='lat' dir='ltr'>Orig.</span> <span class='ocrx_word' id='word_1_285' title='bbox 1550 3707 1643 3760; x_wconf 84' lang='lat' dir='ltr'>lib.</span> 
     </span>
     <span class='ocr_line' id='line_1_42' title="bbox 586 3782 1641 3849; baseline 0.005 -20"><span class='ocrx_word' id='word_1_286' title='bbox 586 3793 754 3832; x_wconf 85' lang='lat' dir='ltr'>xvm.</span> <span class='ocrx_word' id='word_1_287' title='bbox 774 3797 824 3833; x_wconf 91' lang='lat' dir='ltr'>c.</span> <span class='ocrx_word' id='word_1_288' title='bbox 848 3786 897 3834; x_wconf 89' lang='lat'>1.</span> <span class='ocrx_word' id='word_1_289' title='bbox 929 3782 1120 3833; x_wconf 85' lang='lat' dir='ltr'>bellum</span> <span class='ocrx_word' id='word_1_290' title='bbox 1156 3782 1332 3834; x_wconf 80' lang='lat' dir='ltr'>vocari</span> <span class='ocrx_word' id='word_1_291' title='bbox 1354 3783 1484 3846; x_wconf 80' lang='lat' dir='ltr'>vult,</span> <span class='ocrx_word' id='word_1_292' title='bbox 1500 3783 1641 3849; x_wconf 83' lang='lat' dir='ltr'>quod</span> 
     </span>
     <span class='ocr_line' id='line_1_43' title="bbox 588 3859 1641 3927; baseline 0.003 -19"><span class='ocrx_word' id='word_1_293' title='bbox 588 3865 771 3909; x_wconf 86' lang='lat' dir='ltr'>contra</span> <span class='ocrx_word' id='word_1_294' title='bbox 802 3859 975 3912; x_wconf 65' lang='lat' dir='ltr'>boatus</span> <span class='ocrx_word' id='word_1_295' title='bbox 1020 3860 1210 3925; x_wconf 76' lang='lat' dir='ltr'>agitur,</span> <span class='ocrx_word' id='word_1_296' title='bbox 1243 3861 1516 3911; x_wconf 81' lang='lat' dir='ltr'>tumultum</span> <span class='ocrx_word' id='word_1_297' title='bbox 1553 3860 1641 3927; x_wconf 87' lang='lat' dir='ltr'>qui</span> 
     </span>
     <span class='ocr_line' id='line_1_44' title="bbox 591 3936 1642 4004; baseline 0.005 -20"><span class='ocrx_word' id='word_1_298' title='bbox 591 3936 732 3986; x_wconf 82' lang='lat' dir='ltr'>civili</span> <span class='ocrx_word' id='word_1_299' title='bbox 753 3939 1007 3991; x_wconf 78' lang='lat' dir='ltr'>seditione</span> <span class='ocrx_word' id='word_1_300' title='bbox 1024 3939 1332 3990; x_wconf 83' lang='lat' dir='ltr'>concitatur.</span> <span class='ocrx_word' id='word_1_301' title='bbox 1366 3939 1543 4004; x_wconf 86' lang='lat' dir='ltr'>Atque</span> <span class='ocrx_word' id='word_1_302' title='bbox 1565 3940 1642 3989; x_wconf 88' lang='lat' dir='ltr'>ita</span> 
     </span>
     <span class='ocr_line' id='line_1_45' title="bbox 590 4013 1642 4082; baseline 0.007 -23"><span class='ocrx_word' id='word_1_303' title='bbox 590 4013 868 4064; x_wconf 83' lang='lat' dir='ltr'>tumultum</span> <span class='ocrx_word' id='word_1_304' title='bbox 897 4015 1013 4080; x_wconf 79' lang='lat' dir='ltr'>ipse</span> <span class='ocrx_word' id='word_1_305' title='bbox 1045 4030 1139 4066; x_wconf 79' lang='lat' dir='ltr'>suo</span> <span class='ocrx_word' id='word_1_306' title='bbox 1172 4024 1410 4082; x_wconf 84' lang='lat' dir='ltr'>tempore</span> <span class='ocrx_word' id='word_1_307' title='bbox 1441 4015 1642 4067; x_wconf 88' lang='lat' dir='ltr'>dictum</span> 
     </span>
     <span class='ocr_line' id='line_1_46' title="bbox 591 4087 1642 4160; baseline 0.005 -22"><span class='ocrx_word' id='word_1_308' title='bbox 591 4087 780 4140; x_wconf 83' lang='lat' dir='ltr'>Cicero</span> <span class='ocrx_word' id='word_1_309' title='bbox 804 4092 1009 4144; x_wconf 77' lang='lat' dir='ltr'>videtur</span> <span class='ocrx_word' id='word_1_310' title='bbox 1044 4108 1345 4160; x_wconf 71' lang='lat' dir='ltr'>agnoscere,</span> <span class='ocrx_word' id='word_1_311' title='bbox 1380 4109 1496 4145; x_wconf 87' lang='lat' dir='ltr'>cnm</span> <span class='ocrx_word' id='word_1_312' title='bbox 1517 4094 1642 4144; x_wconf 83' lang='lat' dir='ltr'>Phi·</span> 
     </span>
     <span class='ocr_line' id='line_1_47' title="bbox 588 4165 1642 4232; baseline 0.006 -16"><span class='ocrx_word' id='word_1_313' title='bbox 588 4165 689 4232; x_wconf 88' lang='lat' dir='ltr'>-lip.</span> <span class='ocrx_word' id='word_1_314' title='bbox 707 4180 765 4220; x_wconf 72' lang='lat' dir='ltr'>V.</span> <span class='ocrx_word' id='word_1_315' title='bbox 795 4168 1042 4221; x_wconf 80' lang='lat' dir='ltr'>adversus</span> <span class='ocrx_word' id='word_1_316' title='bbox 1066 4171 1347 4223; x_wconf 86' lang='lat' dir='ltr'>Antonium</span> <span class='ocrx_word' id='word_1_317' title='bbox 1373 4171 1642 4224; x_wconf 83' lang='lat' dir='ltr'>‘decerni’</span> 
     </span>
     <span class='ocr_line' id='line_1_48' title="bbox 594 4244 1642 4319; baseline 0.005 -26"><span class='ocrx_word' id='word_1_318' title='bbox 594 4250 778 4295; x_wconf 75' lang='lat' dir='ltr'>censet</span> <span class='ocrx_word' id='word_1_319' title='bbox 796 4244 1143 4297; x_wconf 68' lang='lat' dir='ltr'>‘tumultum’</span> <span class='ocrx_word' id='word_1_320' title='bbox 1192 4250 1432 4300; x_wconf 87' lang='lat' dir='ltr'>Ceterum</span> <span class='ocrx_word' id='word_1_321' title='bbox 1457 4250 1642 4319; x_wconf 71' lang='lat' dir='ltr'>tumul·</span> 
     </span>
     <span class='ocr_line' id='line_1_49' title="bbox 597 4320 1644 4393; baseline 0.009 -22"><span class='ocrx_word' id='word_1_322' title='bbox 597 4326 705 4374; x_wconf 87' lang='lat' dir='ltr'>tum</span> <span class='ocrx_word' id='word_1_323' title='bbox 728 4320 918 4374; x_wconf 15' lang='lat' dir='ltr'>arbello</span> <span class='ocrx_word' id='word_1_324' title='bbox 939 4320 1147 4374; x_wconf 83' lang='lat' dir='ltr'>differre</span> <span class='ocrx_word' id='word_1_325' title='bbox 1163 4325 1253 4391; x_wconf 83' lang='lat' dir='ltr'>ait,</span> <span class='ocrx_word' id='word_1_326' title='bbox 1277 4326 1411 4392; x_wconf 87' lang='lat' dir='ltr'>quod</span> <span class='ocrx_word' id='word_1_327' title='bbox 1432 4326 1446 4354; x_wconf 85' lang='lat'>‘</span> <span class='ocrx_word' id='word_1_328' title='bbox 1467 4320 1644 4393; x_wconf 73' lang='lat' dir='ltr'>potest</span> 
     </span>
    </p>
   </div>
   <div class='ocr_carea' id='block_1_11' title="bbox 1710 3318 2784 4308">
    <p class='ocr_par' dir='ltr' id='par_1_11' title="bbox 1710 3318 2784 3618">
     <span class='ocr_line' id='line_1_50' title="bbox 1710 3318 2784 3382; baseline -0.003 -13"><span class='ocrx_word' id='word_1_329' title='bbox 1710 3319 1930 3372; x_wconf 86' lang='lat' dir='ltr'>habetur</span> <span class='ocrx_word' id='word_1_330' title='bbox 1962 3320 2180 3371; x_wconf 77' lang='lat' dir='ltr'>sublatis</span> <span class='ocrx_word' id='word_1_331' title='bbox 2200 3318 2582 3382; x_wconf 76' lang='lat' dir='ltr'>vacationibus,</span> <span class='ocrx_word' id='word_1_332' title='bbox 2605 3324 2664 3367; x_wconf 80' lang='lat' dir='ltr'>et</span> <span class='ocrx_word' id='word_1_333' title='bbox 2687 3331 2784 3367; x_wconf 81' lang='lat' dir='ltr'>nc·</span> 
     </span>
     <span class='ocr_line' id='line_1_51' title="bbox 1713 3393 2782 3449; baseline -0.005 -2"><span class='ocrx_word' id='word_1_334' title='bbox 1713 3397 1849 3448; x_wconf 85' lang='lat' dir='ltr'>mine</span> <span class='ocrx_word' id='word_1_335' title='bbox 1882 3399 2093 3449; x_wconf 85' lang='lat' dir='ltr'>immuni</span> <span class='ocrx_word' id='word_1_336' title='bbox 2128 3412 2162 3447; x_wconf 81' lang='lat' dir='ltr'>a</span> <span class='ocrx_word' id='word_1_337' title='bbox 2197 3396 2419 3446; x_wconf 85' lang='lat' dir='ltr'>militia:</span> <span class='ocrx_word' id='word_1_338' title='bbox 2468 3395 2648 3444; x_wconf 79' lang='lat' dir='ltr'>Livius</span> <span class='ocrx_word' id='word_1_339' title='bbox 2682 3393 2782 3443; x_wconf 73' lang='lat' dir='ltr'>hoe</span> 
     </span>
     <span class='ocr_line' id='line_1_52' title="bbox 1715 3470 2783 3541; baseline -0.003 -18"><span class='ocrx_word' id='word_1_340' title='bbox 1715 3473 2020 3525; x_wconf 84' lang='lat' dir='ltr'>vocabulum</span> <span class='ocrx_word' id='word_1_341' title='bbox 2078 3474 2371 3541; x_wconf 78' lang='lat' dir='ltr'>generalius</span> <span class='ocrx_word' id='word_1_342' title='bbox 2430 3470 2626 3536; x_wconf 86' lang='lat' dir='ltr'>accipit</span> <span class='ocrx_word' id='word_1_343' title='bbox 2681 3484 2783 3536; x_wconf 86' lang='lat' dir='ltr'>pro</span> 
     </span>
     <span class='ocr_line' id='line_1_53' title="bbox 1715 3550 2483 3618; baseline -0.007 -16"><span class='ocrx_word' id='word_1_344' title='bbox 1715 3552 1887 3602; x_wconf 81' lang='lat' dir='ltr'>subita</span> <span class='ocrx_word' id='word_1_345' title='bbox 1909 3552 2087 3618; x_wconf 72' lang='lat' dir='ltr'>quavi·</span> <span class='ocrx_word' id='word_1_346' title='bbox 2107 3550 2483 3616; x_wconf 85' lang='lat' dir='ltr'>trepidatione.</span> 
     </span>
    </p>

    <p class='ocr_par' dir='ltr' id='par_1_12' title="bbox 1713 3621 2784 4221">
     <span class='ocr_line' id='line_1_54' title="bbox 1787 3621 2784 3693; baseline -0.007 -13"><span class='ocrx_word' id='word_1_347' title='bbox 1787 3629 1902 3680; x_wconf 78' lang='lat' dir='ltr'>¹Ad</span> <span class='ocrx_word' id='word_1_348' title='bbox 1920 3629 2172 3693; x_wconf 73' lang='lat' dir='ltr'>Anienem]</span> <span class='ocrx_word' id='word_1_349' title='bbox 2203 3627 2341 3677; x_wconf 86' lang='lat' dir='ltr'>Anio</span> <span class='ocrx_word' id='word_1_350' title='bbox 2377 3625 2562 3683; x_wconf 75' lang='lat' dir='ltr'>amnis,</span> <span class='ocrx_word' id='word_1_351' title='bbox 2597 3621 2784 3675; x_wconf 76' lang='lat' dir='ltr'>Statio</span> 
     </span>
     <span class='ocr_line' id='line_1_55' title="bbox 1715 3703 2782 3766; baseline -0.007 -8"><span class='ocrx_word' id='word_1_352' title='bbox 1715 3722 1783 3758; x_wconf 87' lang='lat' dir='ltr'>ex</span> <span class='ocrx_word' id='word_1_353' title='bbox 1807 3704 1971 3758; x_wconf 67' lang='lat' dir='ltr'>veteri</span> <span class='ocrx_word' id='word_1_354' title='bbox 1992 3720 2087 3757; x_wconf 78' lang='lat' dir='ltr'>nan</span> <span class='ocrx_word' id='word_1_355' title='bbox 2118 3704 2298 3766; x_wconf 69' lang='lat' dir='ltr'>Anien,</span> <span class='ocrx_word' id='word_1_356' title='bbox 2330 3705 2383 3754; x_wconf 88' lang='lat' dir='ltr'>in</span> <span class='ocrx_word' id='word_1_357' title='bbox 2417 3703 2782 3753; x_wconf 69' lang='lat' dir='ltr'>Trebanorum</span> 
     </span>
     <span class='ocr_line' id='line_1_56' title="bbox 1715 3782 2782 3847; baseline -0.007 -12"><span class='ocrx_word' id='word_1_358' title='bbox 1715 3790 1866 3835; x_wconf 67' lang='lat' dir='ltr'>ortua</span> <span class='ocrx_word' id='word_1_359' title='bbox 1880 3783 2156 3840; x_wconf 76' lang='lat' dir='ltr'>montibus,</span> <span class='ocrx_word' id='word_1_360' title='bbox 2175 3796 2272 3847; x_wconf 88' lang='lat' dir='ltr'>per</span> <span class='ocrx_word' id='word_1_361' title='bbox 2289 3782 2568 3846; x_wconf 85' lang='lat' dir='ltr'>AEquornm</span> <span class='ocrx_word' id='word_1_362' title='bbox 2589 3788 2782 3842; x_wconf 70' lang='lat' dir='ltr'>agru-</span> 
     </span>
     <span class='ocr_line' id='line_1_57' title="bbox 1713 3854 2780 3924; baseline -0.008 -12"><span class='ocrx_word' id='word_1_363' title='bbox 1713 3859 1898 3924; x_wconf 75' lang='lat' dir='ltr'>fluens,</span> <span class='ocrx_word' id='word_1_364' title='bbox 1915 3860 2079 3911; x_wconf 84' lang='lat' dir='ltr'>Tibur</span> <span class='ocrx_word' id='word_1_365' title='bbox 2101 3859 2283 3921; x_wconf 84' lang='lat' dir='ltr'>alluit;</span> <span class='ocrx_word' id='word_1_366' title='bbox 2306 3854 2644 3921; x_wconf 76' lang='lat' dir='ltr'>discretoque</span> <span class='ocrx_word' id='word_1_367' title='bbox 2665 3867 2780 3904; x_wconf 76' lang='lat' dir='ltr'>ma-</span> 
     </span>
     <span class='ocr_line' id='line_1_58' title="bbox 1716 3930 2783 4001; baseline -0.007 -14"><span class='ocrx_word' id='word_1_368' title='bbox 1716 3952 1819 4001; x_wconf 81' lang='lat' dir='ltr'>gna</span> <span class='ocrx_word' id='word_1_369' title='bbox 1839 3953 1905 3988; x_wconf 81' lang='lat' dir='ltr'>ex</span> <span class='ocrx_word' id='word_1_370' title='bbox 1928 3943 2078 4001; x_wconf 83' lang='lat' dir='ltr'>parte</span> <span class='ocrx_word' id='word_1_371' title='bbox 2101 3935 2255 3985; x_wconf 82' lang='lat' dir='ltr'>Latio</span> <span class='ocrx_word' id='word_1_372' title='bbox 2287 3933 2458 3984; x_wconf 80' lang='lat' dir='ltr'>veteri</span> <span class='ocrx_word' id='word_1_373' title='bbox 2479 3948 2511 3983; x_wconf 82' lang='lat' dir='ltr'>a</span> <span class='ocrx_word' id='word_1_374' title='bbox 2545 3930 2783 3992; x_wconf 69' lang='lat' dir='ltr'>Sabinis,</span> 
     </span>
     <span class='ocr_line' id='line_1_59' title="bbox 1715 4007 2781 4066; baseline -0.009 0"><span class='ocrx_word' id='word_1_375' title='bbox 1715 4014 1899 4066; x_wconf 86' lang='lat' dir='ltr'>defluit</span> <span class='ocrx_word' id='word_1_376' title='bbox 1919 4015 1971 4065; x_wconf 89' lang='lat' dir='ltr'>in</span> <span class='ocrx_word' id='word_1_377' title='bbox 1985 4012 2212 4065; x_wconf 82' lang='lat' dir='ltr'>Tiberim</span> <span class='ocrx_word' id='word_1_378' title='bbox 2237 4011 2395 4061; x_wconf 85' lang='lat' dir='ltr'>tertio</span> <span class='ocrx_word' id='word_1_379' title='bbox 2415 4008 2527 4060; x_wconf 82' lang='lat' dir='ltr'>fere</span> <span class='ocrx_word' id='word_1_380' title='bbox 2539 4008 2610 4058; x_wconf 89' lang='lat' dir='ltr'>ab</span> <span class='ocrx_word' id='word_1_381' title='bbox 2621 4007 2781 4058; x_wconf 74' lang='lat' dir='ltr'>Urbe</span> 
     </span>
     <span class='ocr_line' id='line_1_60' title="bbox 1713 4086 2784 4155; baseline -0.006 -12"><span class='ocrx_word' id='word_1_382' title='bbox 1713 4092 1932 4143; x_wconf 85' lang='lat' dir='ltr'>milliari.</span> <span class='ocrx_word' id='word_1_383' title='bbox 1985 4091 2157 4155; x_wconf 77' lang='lat' dir='ltr'>Vulgo</span> <span class='ocrx_word' id='word_1_384' title='bbox 2178 4090 2434 4154; x_wconf 73' lang='lat' dir='ltr'>Tener-one,</span> <span class='ocrx_word' id='word_1_385' title='bbox 2455 4088 2603 4155; x_wconf 76' lang='lat' dir='ltr'>quasi</span> <span class='ocrx_word' id='word_1_386' title='bbox 2620 4086 2784 4137; x_wconf 77' lang='lat' dir='ltr'>Tibe·</span> 
     </span>
     <span class='ocr_line' id='line_1_61' title="bbox 1717 4169 1983 4221; baseline -0.008 0"><span class='ocrx_word' id='word_1_387' title='bbox 1717 4171 1786 4221; x_wconf 84' lang='lat' dir='ltr'>ris</span> <span class='ocrx_word' id='word_1_388' title='bbox 1805 4169 1983 4220; x_wconf 82' lang='lat' dir='ltr'>minor.</span> 
     </span>
    </p>

    <p class='ocr_par' dir='ltr' id='par_1_13' title="bbox 1779 4238 2774 4308">
     <span class='ocr_line' id='line_1_62' title="bbox 1779 4238 2774 4308; baseline -0.009 -9"><span class='ocrx_word' id='word_1_389' title='bbox 1779 4258 1815 4283; x_wconf 84' lang='lat'>¹¹¹</span> <span class='ocrx_word' id='word_1_390' title='bbox 1847 4241 2196 4307; x_wconf 72' lang='lat' dir='ltr'>Auruncorum]</span> <span class='ocrx_word' id='word_1_391' title='bbox 2228 4243 2309 4294; x_wconf 87' lang='lat' dir='ltr'>De</span> <span class='ocrx_word' id='word_1_392' title='bbox 2344 4241 2444 4308; x_wconf 77' lang='lat' dir='ltr'>bia,</span> <span class='ocrx_word' id='word_1_393' title='bbox 2474 4241 2640 4307; x_wconf 79' lang='lat' dir='ltr'>deque</span> <span class='ocrx_word' id='word_1_394' title='bbox 2676 4238 2774 4291; x_wconf 78' lang='lat' dir='ltr'>Sa·</span> 
     </span>
    </p>
   </div>
   <div class='ocr_carea' id='block_1_12' title="bbox 1715 4320 2249 4388">
    <p class='ocr_par' dir='ltr' id='par_1_14' title="bbox 1715 4320 2249 4388">
     <span class='ocr_line' id='line_1_63' title="bbox 1715 4320 2249 4388; baseline -0.017 -9"><span class='ocrx_word' id='word_1_395' title='bbox 1715 4325 1850 4380; x_wconf 79' lang='lat' dir='ltr'>binis</span> <span class='ocrx_word' id='word_1_396' title='bbox 1871 4328 2030 4377; x_wconf 72' lang='lat' dir='ltr'>antea</span> <span class='ocrx_word' id='word_1_397' title='bbox 2044 4320 2249 4388; x_wconf 73' lang='lat' dir='ltr'>saepius.</span> 
     </span>
    </p>
   </div>
   <div class='ocr_carea' id='block_1_13' title="bbox 2962 2711 2966 3283">
    <p class='ocr_par' dir='ltr' id='par_1_15' title="bbox 2962 2711 2966 3283">
     <span class='ocr_line' id='line_1_64' title="bbox 2962 2711 2966 3283; baseline 0 0"><span class='ocrx_word' id='word_1_398' title='bbox 2962 2711 2966 3283; x_wconf 95' lang='lat' dir='ltr'> </span> 
     </span>
    </p>
   </div>
  </div>
 </body>
</html>
