3034 4925
69 4010 102 4449 vassa-*au*
69 3777 89 3959 w

1088 373 1231 422 ms.
1284 373 1365 420 ιι.
1414 371 1578 422 ear.
1622 354 1731 421 43.
2341 358 2507 425 -469

305 521 565 599 gestum
611 525 740 582 est.
832 516 1048 583 Fabio
1095 517 1643 602 aliquantogplus
1695 517 1943 601 negotii
1961 525 1997 559 ⁸-
2028 536 2177 582 cum
2230 516 2509 595 civibu3‚

307 639 517 703 quam
547 620 1054 700 cumbostibuS,
1086 620 1240 685 fuit.
1330 620 1522 686 Unus
1556 620 1669 685 ille
1695 621 1797 685 vir
1823 620 2332 704 ipseconsulss
2367 639 2508 686 rem

308 723 655 805 publicam
686 724 1025 801 sustinuit,
1049 744 1247 809 quam
1278 725 1613 790 exercitus
1643 723 1806 788 odio
1836 723 2157 800 consulis,
2183 730 2505 805 quantum

307 822 380 888 in
427 845 502 889 se
544 825 694 904 fuit,
724 826 1067 909 prodebat.
1144 826 1213 891 N
1216 845 1320 890 am
1346 845 1519 900 ‚cum
1559 826 1811 902 consul,
1836 835 2080 909 praeter
2108 834 2365 891 ceteras
2389 828 2511 891 im-

307 930 680 1013 peratorias
734 937 940 1009 arteS,
1001 949 1172 1015 quas
1232 928 1533 1014 parando
1589 930 2009 1013 gerendoque
2064 930 2244 995 bello
2299 916 2514 995 edidit

307 1032 661 1114 plurimaS,
704 1034 797 1097 ita
842 1034 1270 1099 instruxisset
1313 1035 1550 1111 aciem,
1587 1038 1682 1110 ut,
1722 1034 1866 1098 solo
1901 1033 2201 1120 equitatu
2242 1031 2513 1110 emisso,

305 1135 673 1202 exercitum
733 1136 1021 1202 bostium
1077 1137 1392 1213 funderet,
1448 1135 1706 1219 insequi
1769 1135 1956 1200 fusos
2007 1135 2218 1220 pedes
2270 1134 2508 1199 noluit.

305 1234 471 1316 Nec·
503 1238 682 1315 illos,
715 1240 887 1303 etsi³
932 1259 1064 1304 non
1104 1237 1480 1304 adhortatio
1523 1237 1728 1302 invisi
1774 1235 1989 1315 duciS,
2024 1256 2219 1301 suum
2265 1236 2508 1300 saltem

302 1340 629 1421 flagitium
679 1349 750 1406 et
789 1342 1130 1426 publicum
1169 1342 1239 1405 iu
1269 1340 1636 1425 praesentia
1665 1338 1979 1416 dedecus,
2011 1337 2366 1422 postmodo
2395 1357 2513 1422 pe-

303 1442 616 1523 ticulum,
649 1445 710 1509 si
753 1444 1012 1510 animus
1041 1444 1220 1511 hosti
1249 1443 1551 1528 redisset,
1584 1461 1820 1541 cogere
1848 1441 2067 1526 potuit
2093 1441 2368 1525 gradum
2399 1460 2512 1506 ac-

1231 1613 1537 1636 ΟΟΜΜ
1540 1614 1599 1637 00

308 1713 413 1779 pr!
447 1715 648 1779 Rupert.
678 1717 798 1768 Vid.
833 1716 926 1769 inf.
961 1722 1016 1768 et
1056 1717 1183 1769 Not.
1218 1717 1444 1768 Vara—2
1477 1717 1683 1768 ‘Verba
1716 1720 1817 1783 ipse
1845 1721 2007 1769 consul
2045 1717 2111 1768 ab
2148 1716 2319 1767 aliens
2360 1728 2513 1764 manu

301 1778 551 1844 profecta
569 1783 822 1847 putebant
841 1783 1074 1834 Freinsb.
1096 1784 1161 1833 sd
1187 1782 1327 1833 Flor.
1351 1796 1390 1831 ι.
1413 1786 1493 1834 13.
1515 1788 1599 1834 21.
1619 1791 1674 1834 et
1698 1785 1841 1834 Duk.
1867 1784 1931 1833 ad
1957 1785 2003 1832 b.
2024 1783 2059 1834 1.
2117 1783 2315 1833 Contra
2339 1780 2510 1830 Drak.

303 1854 507 1902 monet,
528 1862 707 1898 vocem
731 1850 892 1899 cenna
914 1849 1255 1899 necessariam
1279 1861 1410 1907 esse,
1433 1855 1487 1897 et
1507 1849 1616 1898 sine
1641 1863 1706 1899 ea
1725 1849 1914 1913 frigere
1939 1862 2055 1897 mox
2092 1846 2152 1897 τὸ
2180 1846 2385 1897 consulis
2406 1860 2512 1895 om-

305 1924 530 1977 nemque
572 1914 743 1977 perire
776 1914 1171 1980 oppositionem.
1206 1912 1354 1963 Idem
1387 1920 1443 1962 et
1469 1912 1524 1964 J.
1557 1914 1617 1963 F.
1653 1913 1902 1966 Gronov.’
1937 1913 2238 1977 Κυμώ-3
2273 1912 2518 1961 Muretus

1311 2041 1528 2094 Nom-z

312 2157 431 2209 quoe
457 2158 574 2193 mox
598 2157 712 2209 esp.
733 2147 815 2195 44.
855 2142 1121 2206 dicuntur:
1157 2142 1172 2169 ⁴
1191 2141 1377 2192 Proxi·
1456 2143 1613 2200 tiunt,
1645 2142 1697 2192 in
1720 2143 1816 2192 boe
1839 2153 2043 2207 quoque
2066 2106 2343 2200 dissidere,
2363 2148 2515 2201 qnsm

311 2235 402 2271 sno
426 2220 563 2272 bello
585 2220 636 2270 in
669 2222 786 2286 ipsa
809 2222 941 2282 acie,
964 2221 1017 2269 iu
1054 2221 1169 2284 ipso
1207 2224 1377 2268 certa·
1457 2218 1664 2269 Livium
1689 2220 1785 2268 sibi
1809 2232 1910 2269 non
1938 2224 2193 2267 constare.

309 2298 478 2358 mine,
515 2312 767 2348 consensu
812 2298 1092 2359 exercitus,
1134 2294 1376 2345 traditam

311 2374 459 2425 uitro
480 2374 751 2425 victoriam
795 2374 947 2423 victis
987 2370 1199 2436 AEquis3
1232 2369 1378 2435 sigua

310 2449 556 2511 deserts3
590 2450 968 2517 Imperatorem
990 2448 1042 2499 in
1068 2448 1179 2499 acie
1223 2438 1378 2498 relic-

312 2533 460 2589 tum3
490 2527 683 2592 injussu
718 2528 772 2576 in
803 2533 975 2593 eastra
999 2521 1287 2575 reditumz'
1322 2530 1379 2574 et

311 2618 432 2669 quae
452 2619 570 2668 esp.
588 2609 672 2655 45.
690 2604 783 2653 sub
803 2603 959 2653 finem
983 2602 1048 2652 de
1066 2599 1378 2651 Veientibus

310 2680 680 2753 subjiciuntur,
723 2680 1051 2746 sperantibus
1096 2679 1376 2734 Romanos,

310 2760 329 2787 ‘
347 2772 455 2807 uon
477 2758 641 2822 magis
664 2771 837 2808 secum
863 2761 1201 2821 pugnaturos,
1224 2766 1376 2818 quem

314 2834 666 2900 pugusverint
703 2849 820 2884 cum
864 2830 1080 2898 AEquis.’
1146 2831 1228 2879 Ex
1264 2829 1376 2894 qui·

312 2911 415 2962 bus
437 2909 706 2962 msnifeste
737 2915 887 2974 patet
921 2906 1202 2958 secundnm
1243 2904 1379 2955 Livii

312 2987 630 3040 sententiam
654 2987 920 3037 Caesonem
957 2984 1170 3035 Fabium
1195 2997 1378 3032 consu-

313 3065 442 3122 lem,
466 3064 555 3128 qui
577 3078 695 3114 mox
731 3062 796 3112 ab
825 3062 1058 3113 exercitu
1083 3073 1179 3110 suo
1201 3059 1379 3109 deser-

314 3146 404 3188 tus
428 3147 686 3201 narratur,
709 3152 810 3189 non
840 3138 1089 3187 adversus
1112 3135 1378 3198 Veientes,

314 3215 414 3265 sed
449 3215 695 3266 adversus
731 3217 921 3281 AEquos
961 3215 1188 3264 duxisse.
1252 3213 1375 3264 Qui-

316 3293 439 3342 dam
478 3292 677 3343 idcirco
722 3291 1101 3341 emendandum
1158 3295 1374 3355 putave-

302 3372 445 3420 'runt
479 3376 630 3434 prout
669 3370 719 3419 in
752 3369 1026 3435 postremis
1061 3367 1376 3418 editionibus

313 3447 530 3512 legitur,
565 3447 718 3497 Fabio
754 3448 806 3496 in
842 3450 1040 3510 AEquos,
1068 3445 1120 3494 in
1163 3445 1381 3496 Veientes

322 3523 476 3574 Furio
506 3526 666 3587 dutus,
688 3524 764 3573 uti
797 3523 1038 3583 Sigonius
1074 3522 1128 3571 in
1167 3521 1382 3585 antiquo

318 3602 606 3665 exemplari
647 3601 749 3665 legi
811 3599 1052 3650 affirmat.
1141 3596 1295 3650 Quod
1338 3595 1382 3646 si

316 3680 403 3727 ita
443 3684 544 3739 est,
583 3678 696 3741 ejus
734 3677 1014 3728 sententia»,
1045 3674 1230 3725 lubens
1264 3671 1384 3722 sub-

320 3756 639 3819 scripserim.
716 3755 803 3805 Sic
865 3753 1074 3819 quidem
1139 3748 1384 3800 dissentit

319 3830 502 3881 Livius
526 3846 559 3881 s
588 3829 862 3896 Dionysio,
879 3829 967 3894 qui
999 3828 1191 3878 bellum
1211 3826 1378 3876 Veins

319 3907 488 3958 Fabio
543 3910 794 3973 assignat,
849 3907 1060 3958 Furium
1115 3905 1379 3970 regionem

318 3985 603 4050 AEquorum
624 3986 832 4047 impune
847 3984 1168 4048 populatum,
1192 3983 1382 4033 ditatss

317 4058 504 4125 praeds
527 4059 702 4123 copias
740 4060 1009 4108 reduxisse
1039 4057 1220 4108 refert.
1281 4055 1385 4107 Sed

317 4138 488 4187 multo
508 4136 673 4198 magis
705 4133 973 4184 ferendum
998 4141 1097 4189 est,
1136 4130 1382 4196 quemad·

319 4213 534 4265 modum
586 4211 825 4276 Sigonius
878 4217 1048 4274 notat,
1102 4209 1192 4258 hos
1248 4207 1383 4256 duos

303 4292 626 4357 scriptores,
658 4288 748 4355 qui
783 4302 885 4338 non
919 4299 1126 4351 semper
1163 4295 1382 4332 consen-

1519 2304 1543 2340 ἵ
1577 2298 1648 2345 Et
1659 2296 1714 2345 in
1735 2292 2032 2356 Veientibus]
2048 2292 2134 2342 Ita
2152 2289 2350 2350 melius,
2363 2301 2515 2353 quam

1456 2371 1509 2422 in
1531 2374 1721 2437 AEqsis,
1755 2377 1814 2423 ut
1851 2376 1976 2421 ante
2011 2366 2276 2433 Sigonium
2306 2364 2518 2429 legeba-

1458 2456 1564 2500 tur.

1521 2536 1543 2561 ⁸
1574 2526 1726 2577 Fabio
1744 2526 1988 2589 aliquanto
2027 2524 2134 2586 plus
2172 2517 2380 2582 negotii]
2417 2518 2518 2567 Ro·

1456 2605 1594 2655 mani
1616 2604 1808 2670 quippe
1832 2617 1930 2652 nee
1948 2602 2124 2650 hostes
2151 2595 2331 2661 praelio
2362 2594 2414 2642 in
2436 2592 2517 2642 fu-

1459 2697 1576 2748 gam
1599 2695 1773 2731 versos
1797 2676 2053 2744 persequi,
2075 2689 2175 2740 nec
2206 2682 2379 2721 eorum
2405 2683 2518 2718 ess-

1459 2765 1543 2807 tra
1581 2769 1880 2820 expugnare
1917 2754 2229 2803 volueruntt
2266 2745 2379 2807 sed,
2416 2759 2517 2810 quo

1458 2833 1705 2899 triumphi
1736 2832 1981 2882 honorem
2016 2825 2224 2893 egregio
2267 2822 2384 2874 duci
2420 2821 2520 2871 eri·
2550 2824 2556 2830 '

1458 2917 1671 2976 perent,
1716 2910 1864 2960 motis
1911 2905 2081 2956 media
2117 2907 2274 2952 nocte
2311 2897 2517 2961 castris,

1457 2988 1512 3037 iu
1536 2987 1752 3048 Urbem,
1773 2984 1968 3049 injussu
1989 2981 2122 3045 ejus,
2145 2985 2387 3042 tanquam
2412 2976 2517 3025 vic-

1458 3064 1523 3127 ti,
1546 3078 1647 3114 non
1672 3063 1782 3112 siue
1807 3060 2039 3126 periculo
2073 3056 2329 3107 abierunt.
2378 3054 2518 3104 Nem

1457 3149 1512 3193 et
1551 3140 1763 3205 cognita
1799 3153 1971 3189 eornm
2019 3133 2344 3200 profectione
2376 3129 2515 3195 fuga

1456 3218 1630 3280 simili,
1651 3217 1825 3266 hostes
1849 3226 2100 3264 eoesorum
2123 3209 2380 3261 cadavera
2402 3220 2518 3270 spo-

1455 3294 1667 3350 liarunt,
1697 3291 2045 3359 ,direptisque
2113 3282 2518 3350 impedimentis,

1458 3367 1657 3418 vicinos
1696 3365 1813 3415 urbi
1861 3378 2030 3428 agros,
2075 3360 2218 3424 quasi
2279 3358 2523 3417 victores,

1460 3441 1697 3508 populati
1720 3446 1877 3490 sunt:
1913 3453 2029 3503 quae
2063 3433 2373 3485 Veientibus
2412 3430 2521 3480 Ha·

1456 3520 1805 3569 licurnasseus
1847 3514 2045 3578 tribuit,
2075 3510 2301 3571 Livium,
2338 3520 2400 3554 ne
2440 3518 2520 3554 se-

1463 3594 1718 3658 cumipse
1748 3590 2017 3653 dissideat,
2045 3584 2220 3651 AEquis
2256 3583 2520 3646 assignare

1461 3675 1691 3737 oportet.
1795 3706 1808 3717 .
1993 3676 2000 3681 ·

1529 3757 1554 3784 ⁸
1592 3748 1728 3796 Unus
1746 3744 1827 3795 ille
1843 3743 1917 3793 vir
1930 3742 2032 3806 ipse
2051 3737 2233 3801 consta]
2272 3730 2422 3784 Hanc
2443 3734 2520 3783 lo-

1460 3822 1653 3893 quendi
1691 3820 1908 3873 formam
1930 3818 2056 3869 sstis
2094 3812 2362 3865 ferendam
2405 3825 2523 3861 cen·

1461 3910 1544 3952 set
1584 3897 1897 3960 Gronovius,
1930 3908 2028 3944 nee
2062 3891 2129 3942 ab
2166 3890 2330 3939 aliena
2370 3901 2520 3936 manu

1461 3977 1741 4042 irrepsisse
1774 3971 2064 4037 suspicatur
2095 3968 2207 4016 baec
2242 3964 2344 4013 duo
2370 3977 2521 4012 voes-

1464 4054 1593 4105 buia
1612 4052 1710 4114 ipse
1730 4049 1921 4105 consu15
1955 4044 2030 4095 sic
2068 4042 2203 4091 enim
2222 4038 2358 4089 infra
2379 4036 2517 4101 apud

1465 4129 1749 4179 Nostrum:
1777 4123 1955 4173 ‘Unus
1973 4134 2003 4170 e
2029 4117 2222 4184 patrib.
2246 4117 2356 4178 ipse
2379 4113 2519 4179 App.

1466 4202 1713 4254 Claudius
1747 4205 1802 4251 et
1835 4198 2090 4255 tribunos,
2124 4201 2178 4242 et
2219 4191 2441 4256 plebem,
2464 4193 2521 4236 et

1465 4292 1614 4330 sunm
1626 4274 1884 4342 judicium
1905 4267 2000 4340 pr'o
2016 4269 2177 4323 nihilo
2196 4260 2456 4319 habebat-⁹
