3034 4925
1100 402 1243 451 me.
1290 402 1408 450 111.
1455 403 1619 453 car.
1664 386 1772 452 70.
2383 385 2517 455 683

317 549 732 636 aliquamdiu
763 549 1157 615 tenuissent.
1251 548 1359 614 Ibi
1389 567 1547 615 vero
1579 548 1931 633 Sulpicius
1958 567 2227 633 negare,
2256 553 2277 585 ‘
2307 569 2516 617 cunc·-

318 654 512 719 tandi
541 661 806 737 tempus
848 672 1023 729 esse,
1076 652 1573 719 circumventos
1611 653 2140 737 interclusosque
2174 654 2260 718 ab
2295 651 2517 718 suis'h

319 757 719 835 vociferans„
765 761 786 790 ‘
816 756 884 820 ni
943 760 1246 839 equestre
1297 754 1604 839 praelium
1652 757 1911 821 connisi
1964 757 2149 820 omni
2208 756 2275 820 vi
2327 755 2522 840 perfi-

322 851 566 924 cerent.
656 858 808 923 Nec
847 859 1074 940 fugare
1105 859 1399 942 equitem
1444 858 1772 942 integrum
1814 861 1985 928 satis
2027 856 2213 924 esse.i
2302 855 2525 924 confie-

321 969 546 1026 cerent
573 981 783 1046 equos
805 960 1149 1045 virosque,
1177 981 1263 1025 ne
1289 962 1440 1046 quis
1463 964 1880 1028 reveheretur
1902 961 2064 1028 inde
2088 961 2174 1027 ad
2199 962 2529 1045 praelium,

324 1071 443 1128 aut
493 1065 842 1147 integraret
894 1084 1201 1149 pugnarn.
1295 1064 1458 1130 Non
1513 1084 1728 1150 posse
1790 1063 1947 1132 illos
2004 1066 2313 1132 resistere
2371 1065 2533 1143 sibi,

328 1167 578 1249 quibus
632 1168 929 1232 conferta
983 1166 1284 1252 pediturn
1346 1169 1534 1234 acies
1594 1167 1959 1234 cessisset?
1998 1227 2004 1234 .
2048 1167 2259 1232 Haud
2316 1168 2535 1232 surdis

327 1270 605 1334 auribus
647 1265 912 1334 dictat¹¹
955 1270 1399 1353 impressione
1443 1288 1583 1336 una
1613 1278 1825 1337 totum
1859 1272 2237 1355 equitatum
2279 1269 2540 1359 fudere,

327 1392 636 1455 magnam
666 1371 843 1437 vim¹
873 1392 961 1438 ex
992 1374 1188 1456 equis
1233 1373 1779 1458 praecipitavere,
1813 1377 2005 1460 ipsos
2027 1389 2374 1458 equosque
2405 1372 2544 1456 spi-

328 1476 497 1539 culis
526 1475 905 1541 confodere.
980 1475 1052 1540 Is
1076 1477 1230 1541 finis
1248 1496 1488 1561 pugnae
1511 1479 1840 1564 equestris
1863 1479 2014 1544 fuit.
2081 1477 2306 1555 Tunc,
2332 1475 2547 1540 adorti

329 1578 633 1661 pediturn
676 1578 916 1658 aciem,
960 1578 1234 1643 nuntios
1263 1578 1349 1644 ad
1377 1582 1695 1646 consules
1725 1582 1824 1647 rei
1854 1587 2068 1665 gestae
2099 1582 2400 1656 mittunt,
2432 1577 2547 1641 ubi

320 1679 466 1765 jam
497 1681 946 1746 inclinabatur
991 1682 1284 1746 hostium
1328 1684 1540 1749 acies.
1634 1684 1942 1749 Nuntius
1994 1682 2239 1748 deinde
2291 1688 2364 1746 et
2411 1679 2550 1747 vin-

330 1784 639 1848 centibus
669 1783 1000 1850 Romanis
1044 1784 1304 1851 animos
1333 1788 1550 1868 auxit,
1595 1795 1666 1852 et
1705 1788 2056 1854 referentes
2087 1785 2367 1870 gradum
2399 1801 2545 1868 per·

277 1955 298 1966 ,
333 1887 505 1950 culit
526 1886 820 1969 AEquos.
909 1886 994 1952 In
1021 1888 1245 1953 media
1275 1889 1564 1972 primurn
1596 1890 1746 1955 acie
1774 1891 1961 1955 vinci
1986 1890 2220 1973 coepti,
2251 1905 2387 1971 qua
2407 1904 2556 1970 per·

334 1989 586 2053 missus
607 1996 655 2027 ¹¹
698 1989 1087 2072 equitatuss
1127 1991 1509 2056 turbaverat
1537 1991 1829 2058 ordines.
1922 1993 2278 2057 Sinistrum
2310 1987 2552 2054 deinde

334 2110 542 2155 cornu
574 2092 661 2154 ab
696 2081 985 2171 Quintio
1029 2092 1308 2158 consule
1355 2093 1515 2178 pelli
1571 2099 1916 2178 coeptum3
1961 2093 2028 2157 in
2074 2092 2315 2156 dextro
2346 2088 2555 2173 pluri-

335 2213 520 2256 mum
566 2193 1009 2282 laborisfuit.
1096 2196 1206 2261 Ibi
1258 2193 1594 2280 Agrippa,
1652 2201 1854 2262 aetate
1900 2195 2292 2279 viribusque
2331 2193 2552 2267 ferox,

338 2314 493 2359 cum
538 2296 722 2360 omni
752 2303 940 2380 parte
971 2315 1218 2381 pugnae
1250 2297 1496 2364 melius
1533 2315 1646 2363 res
1670 2305 1725 2336 ¹²
1762 2299 1920 2381 geri,
1967 2318 2171 2384 quam
2225 2294 2409 2379 apud
2456 2311 2552 2369 se,

404 2442 439 2486 s
460 2445 537 2495 Ea
557 2450 695 2510 parte
717 2460 810 2511 qua
828 2445 1067 2510 equitatus
1085 2443 1241 2511 effuso
1262 2461 1404 2498 eursu
1420 2446 1680 2513 immissus,
1695 2450 1778 2513 &a

1259 2576 1623 2597 OOOOOOOOOOO

413 2675 475 2720 ιο
508 2672 665 2737 Vulg.
700 2674 763 2722 P.
804 2673 1218 2739 Sulpicium—11
1252 2674 1357 2724 Μ..
1398 2673 1578 2725 verm.
1609 2675 2030 2738 promissum-12
2064 2673 2222 2725 ‘Rem
2259 2670 2398 2723 add.
2437 2634 2557 2722 aute

1342 2805 1558 2857 No'rAE

347 2910 405 2951 et
423 2901 616 2966 AEquas
640 2901 906 2967 inferenti,
924 2916 980 2953 se
996 2918 1100 2953 non
1122 2903 1411 2969 objecisse3

349 2993 466 3028 nam
502 2987 616 3029 erat
650 2982 914 3046 equitatus
937 2982 1228 3046 equitatum
1251 2982 1413 3031 hosti·

349 3056 449 3105 lem
475 3055 515 3103 si
551 3069 651 3104 non
689 3056 953 3120 invadere,
975 3063 1032 3107 at
1065 3063 1211 3107 certe
1235 3055 1413 3106 obser·

353 3145 492 3180 vare.
560 3132 761 3182 Similia
795 3133 844 3182 in
869 3133 1016 3184 Livio
1038 3134 1231 3198 saepius
1256 3133 1415 3184 anim-

349 3206 683 3259 advertimus.
748 3208 885 3260 Vide
924 3209 990 3260 ad
1021 3209 1111 3263 lib.
1146 3224 1209 3261 n.
1240 3225 1287 3261 c.
1326 3214 1412 3261 sl.

352 3285 407 3333 J.
434 3284 663 3336 ctericus.

416 3359 442 3393 ¹¹
478 3361 829 3412 circimventos
841 3363 1206 3426 interclusosque
1219 3363 1279 3412 ab
1290 3362 1416 3425 suis]

354 3435 473 3486 Duo
495 3437 580 3486 liic
602 3436 851 3488 distincta
883 3436 1276 3489 vociferabatur
1299 3438 1416 3488 Sul·-

358 3513 540 3576 piciuS,
564 3526 664 3577 quo
689 3528 808 3562 snos
843 3514 908 3563 ad
942 3514 1315 3564 connitendum
1340 3514 1417 3563 in-

356 3590 550 3638 citaret
568 3602 583 3650 ;
616 3589 855 3652 alterum,
875 3589 1255 3639 circumventos
1278 3589 1420 3654 ipsos

358 3664 424 3714 ab
448 3664 679 3715 hostibus
702 3671 759 3714 et
790 3679 952 3730 prope
986 3665 1259 3715 conclusos
1283 3665 1424 3716 inter

358 3740 596 3791 hostilem
616 3742 903 3806 equitatum
924 3750 979 3791 et
1000 3740 1288 3806 peditatum
1309 3757 1324 3790 ι
1349 3740 1422 3790 al-

361 3825 549 3881 terum,
569 3819 874 3869 interclusos
893 3834 924 3869 a
939 3819 1064 3882 suis,
1085 3819 1138 3868 id
1155 3827 1257 3884 est,
1277 3832 1424 3884 pror-

361 3894 447 3945 sus
468 3886 772 3960 segregatos
793 3910 824 3946 a
846 3896 1058 3961 proprio
1080 3898 1339 3962 exercitu,
1364 3904 1424 3948 ut

361 3986 483 4037 spes
517 3971 706 4021 deinde
739 3973 880 4022 nulla
901 3971 1100 4022 reditus
1133 3972 1198 4022 ad
1231 3988 1319 4023 eos
1343 3989 1426 4023 su·

364 4056 621 4112 peresset.
686 4048 884 4098 Eodem
940 4062 1093 4099 sensu
1140 4049 1340 4099 dictum
1396 4063 1427 4097 a

364 4124 530 4176 Coelio
552 4123 690 4189 apud
717 4125 887 4176 Cicer.
909 4125 1064 4189 epist.
1085 4124 1179 4177 lib.
1199 4139 1322 4176 vm.
1344 4139 1429 4190 ep.

368 4204 415 4253 1.
449 4209 463 4230 ⁸
485 4198 662 4264 Ipsum
695 4202 833 4265 apud
864 4200 1169 4252 Bellovacos
1206 4201 1429 4252 circum·

369 4278 547 4343 sideri,
567 4278 896 4329 interclusum
922 4279 986 4330 ab
1011 4279 1206 4345 reliquo
1234 4279 1432 4331 exerci-

1495 2905 1593 2956 tm'

1563 2980 1578 3013 ¹
1609 2981 1714 3031 Nee
1736 2980 1919 3043 fugare
1947 2982 2152 3045 equitent
2178 2980 2419 3042 integrum
2439 2979 2562 3028 satis

1495 3060 1622 3124 esse]
1661 3059 1778 3110 Non
1821 3056 2059 3109 sufficere
2093 3057 2138 3107 si
2171 3058 2373 3120 equites
2409 3069 2560 3106 sanos

1499 3132 1658 3201 atque
1696 3134 1980 3184 incolumes
2003 3133 2053 3182 in
2076 3131 2251 3195 fugam
2276 3130 2521 3182 dederint
2542 3147 2557 3181 ι

1499 3210 1593 3259 sed
1626 3224 1759 3273 opus
1795 3223 1911 3260 esse
1946 3221 2034 3260 eos
2055 3220 2172 3259 cam
2205 3208 2351 3273 equis
2374 3207 2563 3271 occidi,

1499 3302 1566 3337 ne
1612 3301 1841 3351 pugnarn
1887 3288 2155 3351 integrare
2190 3284 2422 3348 possint':
2459 3296 2558 3332 nee

1496 3363 1782 3413 verendum
1819 3375 1931 3411 esse
1968 3360 2082 3410 fore
2119 3368 2178 3409 ut
2216 3359 2420 3423 equites
2461 3358 2560 3406 sibi

1498 3439 1765 3498 resistant,
1810 3436 2058 3485 Romanis
2094 3434 2313 3497 scilicet,
2356 3433 2441 3496 qui
2484 3433 2560 3481 in·

1498 3521 1752 3564 structam
1780 3519 1837 3562 et
1875 3509 2169 3562 confertam
2218 3510 2452 3574 peditum
2506 3524 2560 3558 a·

1500 3589 1635 3640 ciem
1673 3586 1966 3639 universam
1996 3586 2364 3653 perfregerint,
2388 3601 2450 3636 ac
2474 3599 2561 3635 ce·

1502 3665 1630 3715 dere
1654 3663 1941 3728 coegerint.

1568 3740 1594 3775 k
1627 3740 1780 3791 Haud
1800 3742 1960 3791 surdis
1994 3740 2188 3790 auribus
2226 3737 2381 3804 dicta]
2434 3737 2566 3786 Haec

1503 3832 1608 3868 non
1629 3815 1828 3867 frustra
1856 3815 2020 3881 dicta,
2053 3816 2200 3881 quasi
2234 3814 2437 3865 surdis:
2473 3814 2566 3863 sed

1504 3893 1794 3945 bominibus
1817 3893 1905 3958 qui
1939 3900 1993 3943 et
2029 3891 2289 3943 audierint
2310 3897 2364 3941 et
2397 3889 2569 3954 perfe-

1509 3974 1682 4026 cerint
1716 3975 1991 4037 imperata.
2060 3971 2259 4022 Allusio
2298 3968 2363 4019 ad
2405 3983 2572 4034 parm-

1509 4050 1662 4100 miam
1682 4048 1968 4112 vulgarem,
1989 4046 2007 4074 ‘
2028 4046 2186 4096 surdo
2209 4045 2390 4103 canis!

1577 4126 1590 4159 ¹
1624 4126 1856 4187 Magnam
1876 4126 1993 4191 vim]
2039 4124 2132 4175 Vis
2165 4140 2262 4190 pro
2285 4120 2573 4175 multitudi-

1506 4217 1595 4256 ne.
