3034 4925
2306 372 2436 441 501

216 548 388 598 oum
421 531 564 615 jam
609 549 797 597 mora
839 531 1216 616 suspectior
1260 529 1470 610 fieret,
1516 531 1899 598 deterritum
1944 552 1986 597 a
2029 533 2439 617 primoribus

213 635 532 713 credere,
562 641 629 701 et
671 635 1004 701 desertam
1051 654 1132 700 ac
1174 635 1506 720 proditam
1543 654 1814 701 causam
1846 634 2189 718 publicam
2220 637 2438 720 queri.

212 737 559 816 Tandem,
589 738 707 823 qui
751 738 1091 803 obversati
1132 738 1467 803 vestibulo
1501 738 1749 803 tribuni
1780 737 2064 816 fuerant,
2096 739 2436 817 nuntiant,

215 839 421 907 domi
464 847 794 906 mortuum
837 858 991 904 esse
1038 839 1429 904 inventum·
1515 837 1722 918 Quod
1766 841 1878 904 ubi
1919 840 1986 905 in
2025 846 2235 919 totam
2275 860 2434 905 con-

219 942 497 1008 cionem
547 943 815 1027 pertulit
863 961 1109 1014 rumor,
1162 944 1341 1008 sicut
1400 943 1588 1008 acies
1631 941 1926 1008 funditur
1974 942 2141 1007 duce
2180 944 2437 1022 occiso,

214 1045 333 1110 ita
379 1044 622 1131 dilapsi
651 1047 912 1130 passim
940 1046 1063 1112 alii
1091 1046 1249 1111 alio.
1341 1043 1736 1130 Praecipuus
1767 1064 1980 1129 pavor
2007 1046 2311 1111 tribunos
2340 1046 2438 1109 in-

213 1148 524 1226 vaserat,
548 1169 751 1234 quam
796 1149 958 1215 nibil
1000 1148 1244 1213 auxilii
1273 1153 1558 1229 sacratae
1599 1147 1818 1231 leges‘
1847 1149 2185 1223 baberent,
2218 1155 2437 1217 morto
2484 1220 2490 1227 ,

218 1251 516 1334 collegae
561 1252 870 1318 monito&
959 1251 1112 1319 Nec
1162 1249 1401 1316 Patres
1439 1252 1610 1315 satis
1657 1250 1999 1316 moderate
2044 1248 2221 1317 ferre
2264 1250 2439 1317 laeti-

217 1353 421 1418 tiam.
527 1352 858 1439 Adeoque
907 1355 1241 1420 neminem
1293 1340 1497 1419 no'xae
1556 1353 2060 1437 poenitebat‚'⁵'²
2111 1358 2188 1416 ut
2219 1353 2437 1419 ‘etiam
2540 1356 2545 1361 ’

220 1455 533 1520 insontes
579 1457 821 1522 fecisse
871 1457 1083 1523 videri
1129 1457 1394 1533 vellent,
1445 1457 1807 1541 palamque
1854 1454 2208 1534 ferretur‚¹⁶
2260 1457 2442 1521 malo

208 1552 672 1623 'domandam‘
702 1559 1122 1625 tribuniciam
1152 1563 1586 1642 potestatem.

314 1654 427 1723 55.
470 1659 614 1724 Sub
656 1659 784 1726 hac
826 1661 1107 1744 pessimi
1136 1659 1433 1743 exempli
1462 1659 1861 1725 victoria¹⁷¹
1899 1656 2199 1723 delectus
2228 1658 2436 1725 edici·

221 1766 368 1841 tur3
423 1763 959 1847 paventibusque
1017 1762 1318 1839 tribunis,
1369 1763 1517 1827 sine
1572 1761 2046 1827 intercessione
2092 1761 2232 1825 ulla
2278 1772 2469 1826 con-⁷

166 1884 190 1889 -
222 1861 423 1929 sules
464 1883 597 1941 rem
633 1870 982 1948 peragunt.
1069 1863 1248 1929 Tum
1290 1883 1453 1929 vero
1493 1864 1698 1929 irasci
1731 1863 1989 1947 plebes,
2027 1850 2435 1927 tribunorum

222 1967 449 2048 magis
490 1966 785 2047 silentio,
815 1986 1017 2052 quam
1054 1966 1451 2031 consulum
1434 1967 1742 2049 imperio,
1768 1972 1835 2031 et
1864 1965 2108 2045 dicere,
2142 1964 2435 2031 ‘Actum

1008 385 1153 435 1213.
1200 385 1284 437 11.
1325 384 1491 437 uAP.
1535 371 1644 436 55.

290 2155 316 2181 ⁶
347 2149 727 2213 &pugnandam
742 2152 951 2216 pernicie
970 2150 1177 2216 ipsorum
1197 2150 1507 2202 tribunorum.

1151 2312 1212 2339 00
1214 2312 1274 2337 00
1276 2311 1391 2333 om
1396 2310 1515 2333 0600

380 2424 579 2489 :‚alter
598 2426 1118 2491 quinoadescenderet.
1187 2426 1262 2477 Ea
1279 2440 1404 2477 vera
1425 2423 1586 2476 lectio
1608 2422 1726 2475 est?
1745 2424 1802 2475 J.
1826 2424 1885 2475 F.
1914 2424 2121 2475 Gronov.
2124 2427 2250 2475 ——15
2288 2408 2445 2492 Vulgi

225 2491 422 2542 noxie.-
454 2493 592 2557 quod
615 2500 670 2543 et
692 2494 782 2542 dat
804 2494 1283 2558 lampagiam-16
1316 2493 1435 2542 Vet·
1457 2493 1580 2541 lect.
1613 2491 1854 2554 palamque
1871 2490 2085 2550 serr-em

209 2559 242 2640 ,¹
303 2560 364 2605 1⁷
400 2557 552 2621 Conj.
589 2557 643 2610 J.
677 2558 738 2609 F.
779 2558 1010 2609 Gronov.
1060 2558 1162 2634 Sub
1195 2560 1314 2608 hanc
1345 2573 1396 2621 p.
1430 2569 1472 2609 e.
1492 2556 1761 2607 victoriam.
1765 2560 1893 2606 -18
1927 2557 2085 2621 Vulg.
2129 2556 2441 2606 Publium-

1223 2705 1437 2757 No‘rAE

234 2797 589 2866 conjunctum,
622 2803 777 2854 immo
814 2818 933 2869 pars
969 2803 1093 2869 fori,
1122 2819 1236 2870 quae
1265 2819 1296 2854 a
1363 2803 1450 2868 jus
1476 2801 1593 2851 libri
1620 2816 1736 2865 cap.
1760 2804 1841 2849 83.

233 2874 428 2946 palatii
466 2886 621 2946 porta
657 2881 963 2945 incipiebat,
986 2889 1044 2932 et
1080 2879 1297 2932 finieba-

235 2961 323 3004 tur
344 2955 478 3006 circa
510 2971 628 3007 eum
661 2959 834 3009 locum
859 2959 951 3009 ubi
985 2974 1123 3009 nunc
1157 2959 1298 3012 aedes

232 3027 301 3084 B.
326 3026 503 3082 Maria
543 3048 711 3084 novae.
792 3034 895 3084 Sed
939 3034 1089 3086 initio
1133 3036 1296 3086 multo

235 3106 500 3167 angustius
540 3107 670 3171 fuit,
692 3125 788 3160 nec
823 3110 962 3162 ultra
1003 3113 1192 3175 primas
1216 3127 1297 3163 ra·

235 3183 378 3233 dices
416 3186 642 3237 Palatini
681 3189 872 3238 montis
916 3189 1297 3254 porrigebatur,

235 3268 297 3310 nt
338 3270 484 3312 notat
514 3258 697 3332 Barth.
720 3266 967 3315 Marlian.
1002 3269 1052 3316 in
1073 3268 1295 3332 Topogr.

237 3335 415 3401 Antiq.
439 3340 616 3389 Romae
634 3341 725 3392 lib.
747 3355 833 3394 ιη.
857 3357 904 3390 c.
930 3346 1010 3392 15.
1050 3340 1228 3408 Atque
1252 3345 1296 3396 is

235 3411 333 3460 hoc
357 3418 590 3476 tempore
615 3423 730 3465 erat
762 3416 857 3466 fori
882 3417 1011 3467 situs
1031 3418 1169 3467 inter
1193 3417 1294 3465 Pa·

234 3485 447 3537 latinnni
463 3497 516 3537 et
534 3490 880 3555 Capitolinum
902 3500 1099 3541 montes
1121 3509 1135 3541 t
1160 3491 1298 3542 unde

233 3565 291 3613 iu
316 3565 577 3615 comitium
598 3581 696 3616 non
728 3566 882 3617 facile
908 3569 1005 3619 nisi
1040 3570 1298 3618 descensu

232 3640 573 3692 veniebatur:
609 3649 754 3694 certe
787 3644 860 3694 ita
883 3659 988 3694 rem
1013 3660 1067 3694 se
1090 3642 1297 3693 babuis-

231 3732 315 3792 se,
334 3721 472 3783 quod
505 3716 572 3768 ad
607 3718 834 3771 Genucii
855 3721 1059 3771 donnum
1084 3720 1298 3782 attinet,

232 3794 427 3843 evincit
450 3794 533 3844 hic
554 3795 715 3845 locus.

299 3877 317 3902 ⁸
350 3869 595 3921 Mortuum
615 3888 713 3923 esse
732 3873 998 3939 inventum]
1034 3872 1162 3922 Cum
1187 3872 1296 3922 Ge-

232 3946 414 3996 nucius
437 3947 744 4013 ipsojudicii
768 3948 852 3999 die
875 3958 1108 4000 mortuns
1129 3949 1177 3997 in
1201 3964 1295 3999 suo

232 4019 373 4094 lecto
412 4031 553 4073 esset
588 4025 866 4084 inventum·
888 4041 952 4076 eo
988 4026 1199 4091 cognito
1220 4041 1303 4075 so-

231 4100 511 4168 luta-sunt
556 4101 785 4164 comitia,
824 4102 1036 4166 collegis
1080 4104 1294 4152 consilia

232 4175 346 4240 ejus
385 4177 468 4224 vel
518 4190 618 4225 non
661 4177 1020 4241 probantibus,
1057 4179 1138 4227 vel
1178 4181 1296 4244 proi

234 4263 442 4301 movere
465 4265 565 4300 non
588 4253 743 4302 ausis.

239 4319 247 4327 ’
298 4319 560 4377 ⁸⁴Sa‘cr'atae
578 4327 729 4393 leges]
773 4328 859 4379 De
881 4328 959 4380 bis
981 4328 1176 4381 dictum
1198 4328 1291 4378 bu·

1436 2887 1461 2913 ¹¹
1492 2878 1716 2944 Adeoque
1736 2876 1967 2926 neminem
2004 2891 2140 2925 noxa·
2157 2875 2439 2940 paenitebat]

1372 2957 1535 3011 Ponit
1574 2957 1769 3014 Livius,
1824 2954 2135 3002 Senatorum
2172 2967 2334 3016 opera
2370 2952 2439 3006 de

1371 3032 1543 3083 medio
1561 3031 1822 3082 sublatum
1843 3030 2131 3080 Genucium
2152 3029 2445 3080 tribunum.'

1371 3108 1569 3159 Contra
1584 3107 1868 3172 Dionysius
1893 3103 2074 3168 refert,
2087 3107 2283 3155 nullum
2305 3106 2356 3155 in
2376 3116 2445 3155 eo·

1373 3185 1682 3250 apparuisse
1696 3185 1935 3233 violentae
1951 3183 2131 3232 mortis
2149 3182 2445 3242 vestigium·

1436 3268 1465 3294 ¹
1498 3261 1599 3311 Sub
1636 3261 1723 3310 huc
1753 3260 1944 3323 pessimi
1980 3259 2186 3321 exempli
2218 3258 2445 3324 victoria]

1377 3338 1549 3403 Magis
1589 3339 1762 3388 forsan
1798 3353 1862 3386 ex
1900 3350 2044 3386 more
2085 3336 2215 3385 Livii
2257 3329 2447 3406 censet:

1378 3414 1782 3478 Gronovius,sub
1795 3414 1913 3462 hanc
1926 3413 2118 3478 pessimi
2132 3412 2332 3472 exempli
2348 3411 2446 3458 vic·

1378 3492 1551 3540 terium
1569 3506 1586 3538 .·
1622 3499 1676 3538 et
1699 3491 1893 3552 aliquot
1916 3488 1967 3535 in
1991 3488 2043 3535 id
2077 3488 2186 3535 loca
2209 3483 2444 3542 adducit}

1377 3567 1595 3632 γει-πω,
1608 3565 1707 3615 etsi
1728 3563 2052 3627 frequentior
2073 3562 2143 3610 sit
2162 3561 2445 3612 accusativi

1371 3656 1495 3691 usus
1535 3640 1586 3689 in
1622 3640 1703 3689 his
1736 3638 1978 3704 loquendi
2017 3636 2215 3699 formis,
2247 3637 2335 3686 ubi
2357 3637 2443 3685 sub

1372 3717 1512 3767 idem
1552 3714 1813 3781 significat
1851 3714 1986 3779 quod
2018 3719 2146 3777 post,
2184 3712 2268 3762 vel
2295 3713 2442 3772 circa,

1373 3809 1477 3843 non
1505 3795 1693 3843 desunt
1719 3799 1890 3842 tamen
1926 3791 2239 3856 optimorum
2265 3795 2440 3842 aucto·
2440 3797 2445 3802 ‘

1373 3887 1484 3922 rum
1519 3873 1655 3932 loca,
1688 3867 1872 3935 quibus
1909 3882 1970 3918 ea
2011 3867 2302 3931 praepositio
2323 3873 2451 3918 eum·

1374 3945 1647 3996 auferendi
1670 3959 1790 3995 casn
1800 3943 2044 4008 jungitur
2063 3942 2245 3991 eodem
2269 3955 2442 3994 sensu.
2436 3943 2447 3957 ’

1373 4021 1531 4086 Apud
1557 4023 1838 4077 Caesarem,
1868 4022 1977 4069 sive
2016 4026 2278 4070 auctorem
2296 4021 2441 4070 Belli

1376 4099 1576 4160 Civilia,
1600 4099 1637 4150 1.
1656 4111 1695 4150 ι.
1715 4097 1907 4161 legitur
1930 4099 1946 4126 ‘
1968 4096 2062 4146 sub
2080 4098 2212 4160 ‘ipsa
2236 4097 2447 4161 profec‘-‘

1376 4171 1553 4231 tione,’
1571 4182 1625 4224 et
1650 4174 1785 4239 apud
1804 4174 1961 4222 Ovid.
1980 4188 2032 4224 v.
2055 4174 2256 4224 Fastor.
2281 4177 2296 4201 ‘
2314 4174 2439 4224 Tria

1373 4259 1494 4303 sunt
1515 4252 1609 4302 sub
1634 4252 1815 4302 eodem
1844 4259 2078 4323 tempore
2099 4247 2275 4301 festa-⁹
