3034 4925
1011 422 1157 472 mn.
1208 422 1288 472 11.
1336 422 1503 472 cn.
1548 406 1655 473 20.
2273 406 2401 473 4⁰1

164 575 498 642 AEbutio
527 576 880 663 trajectum
912 577 1023 657 sit,
1053 575 1364 642 Mamilio
1410 583 1654 662 pectus
1700 595 2107 662 percussum.
2197 576 2400 645 Hune

168 680 488 763 quidem
540 681 610 745 in
664 679 1033 746 secundam
1081 682 1296 747 aciem
1349 680 1577 746 Latini
1623 700 1957 765 recepere.
2059 680 2402 758 AEbutius,

170 803 367 849 cum
399 784 631 849 saucio
657 784 934 850 brachio
966 790 1179 851 tenere
1208 785 1410 850 telum
1435 804 1571 850 non
1604 789 1859 869 posset,
1904 803 2127 869 pugna
2164 803 2400 851 exces-

171 886 325 951 sit.
416 887 695 952 Latinus
742 887 901 966 dux,
949 888 1113 954 nihil
1163 887 1522 953 deterritus
1553 888 1846 966 vulnere,
1895 887 2198 970 praelium
2230 888 2398 967 ciet3

175 996 295 1064 et,
331 992 496 1075 quia
520 1011 683 1057 suos
728 991 1077 1077 perculsos
1107 992 1397 1069 videbat,
1442 991 1727 1057 arcessit
1753 990 2097 1056 cohortem
2126 992 2398 1055 exulum

178 1092 694 1174 Romanorum,
741 1096 851 1160 cui
894 1095 975 1159 L.
1005 1094 1351 1179 Tarquinii
1380 1092 1561 1158 filius
1589 1101 1894 1178 praeerat.
1982 1094 2103 1172 Ea,
2148 1094 2324 1179 quod
2352 1101 2403 1145 ¹⁹

174 1196 470 1279 maJore
503 1198 844 1281 pugnabat
873 1198 971 1264 ira
1000 1197 1087 1262 ob
1133 1203 1362 1280 erepta
1390 1196 1573 1262 bona
1600 1197 2016 1281 patriamque
2046 1198 2401 1275 ademtam,

172 1317 503 1381 pugnam
531 1319 884 1385 parumper
909 1301 1218 1367 restituit.

270 1402 408 1466 Α20.
454 1401 917 1468 Referentibus
957 1403 1100 1488 jam
1137 1402 1373 1488 pedem
1428 1403 1515 1468 ab
1568 1423 1650 1468 ea
1694 1410 1879 1489 parte
1921 1402 2269 1482 Romanis,
2300 1399 2401 1466 M.

178 1502 581 1583 -Valeriusf
623 1503 1000 1578 Publicolae
1025 1504 1247 1584 frater,
1278 1505 1710 1590 conspicatus
1754 1506 2047 1572 ferocem
2083 1504 2401 1589 juvenem

184 1604 707 1692 Tarquinium,‘¹
736 1612 1173 1674 ostentantem
1203 1627 1280 1674 se
1310 1608 1379 1673 in
1410 1609 1628 1694 prima
1655 1609 1922 1675 exulum
1947 1609 2113 1685 acie,
2137 1607 2399 1674 domes-

185 1711 350 1776 tica
400 1712 596 1778 etiam
642 1712 848 1796 gloria
893 1730 1236 1789 accensus,
1282 1717 1381 1789 ut,
1433 1711 1630 1797 cujus
1657 1711 1931 1777 familiae
1962 1713 2175 1778 decus
2205 1711 2401 1797 ejecti

185 1833 399 1897 reges
456 1821 700 1894 erant:
764 1814 1073 1901 ejusdem
1130 1813 1462 1880 interfecti
1521 1813 1760 1894 forent,
1822 1815 2052 1880 subdit
2105 1814 2401 1880 calcaria

188 1938 407 2002 equo,
429 1927 495 1986 et
513 1919 951 2005 Tarquinium
978 1918 1225 1985 infesto
1247 1917 1511 2002 spiculo
1537 1917 1728 2001 petit.
1794 1917 2201 2002 Tarquinius
2222 1922 2400 1983 retro

189 2022 269 2086 in
301 2041 546 2104 agmen
575 2042 837 2088 suorum
876 2022 1132 2087 infenso
1181 2021 1386 2087 cessit
1435 2020 1640 2086 hosti.
1727 2019 2102 2098 Valerium,
2151 2026 2400 2084 temere

189 2126 547 2191 invectum
577 2127 647 2191 in
675 2126 945 2192 exulum
975 2125 1211 2204 aciem,
1261 2144 1353 2189 ex
1405 2127 1788 2190 transverso
1817 2122 2090 2207 quidam
2121 2122 2402 2192 adortus

192 2228 579 2312 transfigit:
623 2250 743 2295 nec
789 2229 1149 2314 quicquam
1197 2227 1449 2313 equitis
1497 2227 1764 2293 vulnere
1813 2244 1990 2311 equo
2038 2224 2401 2301 retardato,

192 2330 642 2397 moribundus
671 2330 1049 2410 Romanus,
1097 2330 1477 2396 labentibus
1521 2349 1722 2414 super
1749 2348 1993 2412 corpus
2018 2328 2267 2405 armis:
2312 2326 2399 2391 ad

195 2443 454 2501 terram
485 2434 787 2502 defluxit.
877 2434 1188 2501 Dictator
1229 2431 1639 2511 Postumius,
1664 2437 2023 2517 postquam
2072 2428 2398 2495 cecidisse

166 2539 408 2605 -talem
451 2539 686 2618 virum,
734 2539 965 2604 exules
1014 2536 1323 2605 ferociter
1373 2535 1585 2601 citato
1635 2533 1895 2618 agmine
1948 2532 2187 2610 invehi,
2234 2550 2399 2595 suos

192 2642 560 2726 perculsos
577 2642 816 2708 cedere
843 2639 1346 2721 animadvertit3
1377 2637 1631 2704 cohorti
1656 2657 1822 2715 suae,
1845 2655 2044 2719 quam
2066 2634 2397 2700 delectam

199 2765 474 2812 manum
493 2752 548 2783 ²0
588 2744 889 2830 praesidii
941 2762 1153 2809 causa
1204 2744 1391 2810 circa
1437 2761 1512 2807 se
1561 2739 1903 2817 habebat,⁸
1949 2737 2065 2805 dat
2112 2737 2396 2821 signum,

266 2943 293 2966 a
331 2931 437 2989 Quo
456 2945 593 3009 reges
612 2886 1025 2991 inteffecti‘decus
1043 2928 1273 2995 afferrent
1293 2925 1501 2990 fmilia
1532 2924 1751 2990 Valeria,
1770 2930 1825 2975 ut
1846 2926 1986 2975 decue
2007 2922 2115 2985 jani
2136 2924 2397 3007 attulerant

203 3004 761 3120 rege-'Qqfflgt-whonen
789 3061 987 3111 habebat
1020 3060 1152 3110 cirea
1182 3073 1250 3125 re,
1285 3064 1507 3121 tanqum
1546 3055 1893 3106 testudinem
1925 3054 2163 3118 selectam,
2197 3054 2259 3103 cd
2275 3067 2399 3118 pm·

211 3130 390 3179 sidium
409 3129 619 3194 corporis
638 3127 733 3177 ui.
1225 3145 1249 3170 ο

1123 3216 1482 3239 OOOOOO‘OOOOO

206 3309 439 3360 Gronov.
462 3323 563 3358 non
591 3308 725 3358 male
761 3306 897 3372 conj.
931 3305 1270 3364 invehentium,
1303 3303 1421 3368 qnia
1457 3303 1691 3369 proxime
1724 3303 1977 3368 praecedit
2010 3302 2198 3353 veniens
2252 3305 2308 3351 et
2343 3299 2395 3349 in

206 3375 410 3424 dnobus
445 3375 572 3423 Mss.
609 3374 741 3425 Pan.
779 3373 968 3435 legitur
999 3368 1369 3422 invenientium’
1405 3369 1758 3434 Rupere-19
1794 3371 1899 3427 Quo
1935 3367 2073 3419 Edd.
2095 3367 2160 3418 ab
2183 3337 2304 3416 And.
2328 3363 2393 3415 ad

207 3441 377 3490 Drak.
418 3441 636 3503 quoniam
656 3438 788 3488 Edd.
813 3446 933 3487 ante
956 3435 1077 3488 Ald.

270 3511 336 3556 2⁰
371 3505 556 3561 ‘Quam
591 3505 648 3554 de
685 3506 831 3555 electa
863 3518 1023 3553 manu.
1072 3500 1156 3553 Ab
1190 3500 1440 3551 Rhenano
1478 3507 1576 3563 est,
1614 3513 1731 3550 cum
1768 3498 2028 3555 ederetur,
2065 3510 2202 3560 quam
2220 3495 2399 3547 delecta

209 3586 364 3622 mnu.
432 3570 536 3620 Sed
571 3577 788 3636 utraque
820 3569 987 3620 oratio
1020 3581 1221 3632 aspera.
1290 3565 1425 3616 Flor.
1464 3579 1603 3626 vere,
1641 3579 1777 3629 quum
1809 3566 2031 3615 delectam
2066 3574 2269 3611 manum.
2331 3557 2397 3608 Τὸ

1195 3699 1408 3752 NOTAE

270 3814 293 3841 ι·
325 3805 404 3856 Μ.
433 3802 672 3867 Valerius]
707 3802 809 3857 Qui
831 3802 883 3852 in
906 3800 1178 3853 consulatu
1195 3798 1260 3848 de
1340 3796 1754 3863 quandoquidem
1789 3796 1997 3846 Sextum
2034 3788 2211 3844 G'abiin
2237 3791 2394 3842 inter·

210 3882 414 3932 Sabinis
439 3881 858 3944 triumphaverat.
1337 3872 1533 3926 fectum
1558 3875 1647 3924 lib.
1673 3888 1709 3925 ι.
1743 3887 1859 3938 cap.
1884 3873 1976 3922 ult.
2004 3868 2231 3920 tradidit.

271 3959 295 3992 ‘¹
325 3961 560 4009 Juvenum
583 3957 911 4021 Tarquinium]
937 3954 1106 4005 Titum
1128 3952 1258 4003 Tar·
1403 3961 1426 3986 θ
1478 3952 1764 4003 Labeatum
1814 3964 1953 4013 super
2004 3961 2171 4012 corpus
2223 3944 2394 4009 armis]

213 4038 457 4104 quinium,
476 4051 541 4086 an
576 4035 826 4087 Sextum?
878 4033 984 4084 Sed
1021 4033 1107 4083 ille
1144 4047 1260 4083 cum
1297 4064 1301 4069 -
1342 4031 1583 4100 Scutum,
1617 4029 1816 4094 opinor,
1839 4025 2083 4090 intelligit
2105 4023 2237 4074 collo
2257 4022 2394 4074 forte

214 4116 467 4168 dictatore
504 4122 736 4165 certasse
763 4113 960 4162 dicitur
1001 4126 1033 4161 a
1064 4110 1263 4175 Diony-
1343 4120 1648 4171 appensum,
1701 4104 1948 4154 cecidisse
2002 4113 2161 4165 supra
2206 4113 2394 4164 corpus

215 4195 316 4244 aiot
368 4193 451 4243 bic
482 4206 684 4243 casus:
743 4202 960 4255 quorum
1021 4194 1262 4241 neutrum
1341 4183 1626 4245 morientis,
1674 4190 1730 4232 et
1764 4195 1832 4232 ex
1857 4180 2065 4229 vulnere
2102 4177 2153 4226 in
2198 4184 2390 4226 terram

217 4273 330 4323 huic
349 4269 536 4335 juveni
558 4266 773 4319 ascribit
797 4265 987 4316 Livius.
1051 4262 1156 4314 Sed
1190 4262 1262 4313 vi·
1339 4260 1595 4312 labentisz
1619 4258 1809 4324 alioqui
1830 4264 2002 4309 cetera
2027 4269 2166 4306 arma
2190 4251 2394 4318 corpori

220 4348 366 4399 detur
436 4353 613 4396 tamen
680 4343 855 4395 Titum
927 4340 1260 4404 intelligere:
1341 4338 1690 4390 cohaerebant.
