3034 4925
544 329 679 431 314
1480 372 1555 420 .·r.
1606 371 1822 422 mvn»

546 547 687 594 rem
717 521 927 591 infimi
955 519 1213 606 generis
1269 516 1631 599 hominum,
1666 536 1758 584 ex
1799 539 1936 606 quo
1975 520 2128 604 ipse
2160 516 2278 598 sit,
2307 514 2473 585 odio
2504 517 2740 586 alienae

547 627 922 698 honestatis
950 633 1244 712 ereptum
1283 622 1690 708 primoribus
1730 643 1960 709 agrurn
2000 623 2474 692 sordidissimo
2507 626 2745 709 cuique

549 734 865 803 divisisse
886 752 905 799 z
923 729 944 770 ·'
992 729 1217 796 omnia
1245 745 1468 808 onera,
1494 746 1651 813 quae
1681 728 2064 796 communia
2108 727 2444 814 quondam
2491 728 2749 807 fuerint,

548 839 908 905 inclinasse
945 837 1016 901 in
1064 833 1393 919 primores
1440 832 1772 900 civitatis:
1817 833 2186 899 instituisse
2217 852 2519 911 censum,
2550 840 2632 898 ut
2658 833 2751 900 in·

546 942 760 1026 signis
786 940 872 1006 ad
903 938 1220 1006 invidiam
1264 937 1780 1024 locupletiorum
1819 937 2090 1004 fortuna
2124 943 2325 1017 esset,
2373 943 2443 1004 et
2488 943 2750 1023 perata,

549 1046 744 1126 unde,
769 1044 887 1111 ubi
914 1044 1161 1122 vellet,¹
1207 1040 1652 1124 egentissimis
1677 1039 2098 1126 largiretur?

633 1151 746 1217 48.
811 1148 999 1215 Huic
1056 1146 1342 1213 orationi
1398 1144 1678 1212 Servius
1724 1165 1883 1214 cum
1942 1144 2434 1225 intervenisset,
2495 1091 2753 1230 trepido

547 1255 783 1321 nuntio
826 1252 1187 1332 excitatus,
1189 1251 1209 1289 ¹
1243 1249 1589 1335 extemplo
1635 1269 1683 1317 a
1726 1249 2060 1317 vestibulo
2100 1250 2310 1316 curiae
2348 1268 2599 1333 magna
2641 1270 2752 1316 vo-

546 1380 651 1439 ce,
696 1356 922 1439 ‘Quid
951 1353 1124 1433 hoc,'
1171 1354 1405 1442 inquit,
1435 1354 1825 1441 ‘Tarquini‚
1852 1356 1949 1421 rei
1982 1355 2136 1421 est?
2188 1373 2324 1439 qua
2362 1359 2432 1421 tu
2469 1353 2759 1421 audacia

546 1483 655 1529 rne
702 1461 860 1528 vivo
910 1479 1155 1526 vocare
1200 1479 1408 1525 ausus
1446 1479 1525 1525 es
1571 1460 1819 1527 Patres
1839 1460 1871 1525 't
1919 1464 2039 1526 aut
2080 1458 2153 1524 in
2195 1458 2359 1524 sede
2395 1458 2758 1525 considere

546 1586 703 1632 mea
728 1567 758 1631 ‘t
780 1566 799 1595 '
868 1563 1044 1631 Cum
1090 1561 1208 1629 ille
1240 1560 1551 1629 ferociter
1593 1561 1681 1628 ad
1724 1560 1898 1644 baec,
1942 1562 2075 1629 ‘Se
2119 1561 2333 1647 patris
2378 1562 2490 1628 sni
2533 1566 2760 1628 tenere

550 1669 805 1748 sedem,
850 1667 1093 1744 multo,
1137 1685 1342 1751 quam
1389 1684 1674 1746 servum,
1719 1655 2053 1752 potiorem
2104 1665 2314 1731 filium
2348 1667 2526 1748 regis
2576 1667 2760 1751 regni

545 1772 877 1839 haeredem
902 1782 983 1836 :¹¹⁸
1024 1772 1195 1836 satis
1224 1770 1412 1837 illum
1443 1770 1558 1837 diu
1588 1791 1704 1856 per
1742 1771 2083 1838 licentiam
2128 1770 2505 1837 eludentem
2547 1771 2763 1836 insul-

540 1881 734 1942 tasse
779 1875 1067 1942 dominis
1087 1895 1106 1957 3
1125 1871 1143 1900 '
1182 1874 1436 1941 clamor
1477 1875 1565 1940 ab
1592 1874 1937 1960 utriusque
1982 1873 2363 1941 fautoribus
2408 1861 2644 1954 oritur,
2693 1880 2762 1942 et

546 1997 917 2046 concursus
946 1979 1183 2065 populi
1212 1977 1425 2045 fiebat
1461 1978 1531 2043 in
1561 1979 1852 2045 curiam:
1898 1980 2401 2065 apparebatque
2445 1986 2761 2064 regnatu·

545 2102 718 2162 rum,
775 2082 893 2169 qui
949 2082 1245 2149 vicisset.
1330 2079 1510 2146 Tum
1562 2081 1994 2168 Tarquinius,
2038 2083 2446 2150 necessitate
2468 2080 2496 2121 ὓ
2550 2082 2709 2170 jam
2732 2090 2760 2121 ²

544 2186 704 2270 ipsa
741 2191 1018 2271 cogente
1063 2186 1296 2252 ultima
1328 2184 1600 2263 audere,
1648 2186 1859 2251 multo
1883 2191 1952 2253 et
1978 2191 2174 2253 aetate
2203 2192 2268 2253 et
2293 2187 2553 2254 viribus
2579 2188 2762 2254 vali·

544 2289 717 2370 dior,
747 2283 1036 2356 medium
1092 2289 1325 2374 arripit
1368 2288 1716 2373 Servium3
1760 2291 2149 2377 elatumque
2181 2311 2221 2356 e
2260 2292 2446 2359 curia
2480 2292 2552 2356 in
2582 2292 2757 2359 infe-

543 2396 779 2467 riorem
809 2401 1071 2484 partem
1095 2413 1220 2480 per
1239 2392 1486 2479 gradus
1507 2392 1763 2480 dejicit.
1852 2394 2021 2461 Inde
2043 2395 2130 2462 ad
2155 2395 2527 2481 cogendum
2549 2416 2753 2465 sena·
2833 2407 2838 2412 ’

542 2506 731 2565 tum·
771 2500 842 2565 in
871 2500 1122 2566 curiam
1148 2498 1347 2564 redit.
1432 2497 1554 2564 Fit
1588 2497 1751 2584 fuga
1789 2499 1959 2585 regis
1997 2502 2494 2587 apparitorum,
2539 2504 2754 2586 atque

546 2604 887 2671 comitum.
993 2602 1155 2689 Ipse
1208 2621 1420 2687 prope
1472 2604 1863 2688 exsanguis,
1914 2622 2070 2670 cum
2116 2605 2501 2672 semianimi
2558 2606 2752 2688 regio

539 2706 864 2774 comitatu
892 2707 1163 2775 domum
1183 2726 1258 2772 se
1288 2705 1643 2791 reciperet,
1668 2707 2213 2793 pervenissetque
2237 2707 2327 2774 ad
2346 2716 2369 2757 ³
2414 2708 2758 2774 summum

538 2809 862 2897 Cyprium
890 2811 1164 2890 ἤσπαιρ’
1205 2811 1294 2875 ab
1322 2809 1434 2890 iis,
1484 2811 1604 2895 qui
1633 2810 1829 2877 missi
1872 2813 1962 2877 ab
1991 2811 2364 2897 Tarquinio
2390 2811 2756 2897 fugientem

610 2961 630 2996 ί
653 2964 739 3012 Ex
758 2961 985 3013 invidia
963 2976 1017 3012 ιιι
1036 2960 1159 3012 ulios
1177 2962 1464 3013 honestiores
1483 2978 1541 3013 ac
1560 2961 1828 3014 nobiliores.

604 3025 633 3060 ὗ
671 3028 739 3078 Ut
768 3027 1270 3085 ditiorumsaenleates
1289 3029 1558 3087 manifeste
1576 3034 1751 3090 errent,
1771 3029 1941 3092 quibu
1972 3031 2183 3083 lic-ism
2205 3030 2446 3082 tenuiores
2464 3029 2757 3093 inviderent,

543 3107 709 3156 eaeque
728 3097 923 3169 pqr-atas
942 3093 1130 3142 haberet
1153 3092 1370 3170 Servius,
1390 3107 1481 3158 quo
1501 3109 1566 3145 ex
1583 3095 1649 3145 iis
1667 3095 1951 3159 largitiones
1960 3096 2172 3159 faceret.

606 3156 623 3191 ²
653 3157 862 3209 Excitur
877 3172 1077 3222 propero
1098 3158 1287 3208 nuncio.

544 3220 1019 3385 quiusa-&RQ
1037 3238 1169 3286 regu
1187 3224 1272 3282 eit,
1294 3224 1432 3288 longe
1450 3225 1633 3289 potiori
1652 3223 1771 3287 jure
1789 3226 2023 3279 Itaeteden
2041 3224 2182 3291 regni
2199 3240 2319 3293 em,
2337 3241 2483 3292 W
2505 3226 2756 3290 &mv

606 3353 749 3404 ”Aa
769 3352 1001 3404 Senatum
1019 3353 1378 3419 convocandum,
1400 3359 1449 3406 et
1466 3354 1748 3408 utendum.

1455 3484 1819 3508 OOOOOOOOOOO

539 3552 567 3599 1
603 3545 760 3613 Vulg.
792 3553 839 3599 et
860 3553 1049 3613 parata,
1074 3549 1332 3602 ubivellet.

443 3640 455 3647 -
601 3617 634 3663 2
666 3614 807 3664 Add.
839 3614 984 3665 etiam
1020 3615 1157 3666 ΕΜ.
1195 3628 1318 3667 anre
1344 3615 1464 3668 Am.
1499 3618 1738 3670 Rbennn.
1769 3619 1925 3671 Grut.
1949 3618 2180 3670 Gronov.
2202 3617 2434 3683 Doujat.
2443 3617 2750 3670 Crevier.—

538 3683 569 3730 3
602 3679 655 3732 J.
694 3680 754 3731 F.
785 3679 1016 3732 Gronov.
1049 3682 1257 3732 emend.
1288 3698 1394 3732 cum
1424 3699 1588 3735 oenum
1620 3685 1810 3736 minime
1842 3680 1977 3750 reg'io
2008 3686 2255 3749 comitata,
2275 3685 2378 3749 vel,
2410 3700 2517 3736 σιιιιι
2550 3685 2751 3736 atiniae

1534 3810 1586 3861 N
1590 3806 1747 3859 0¹1·AE

600 3908 626 3935 ⁸
658 3903 859 3957 Servum
891 3908 1115 3975 remque
1147 3909 1338 3976 natum]
1370 3907 1510 3960 Vide
1545 3922 1596 3960 c.
1741 3915 1764 3941 ⁰
1795 3908 1877 3959 Aa
1890 3923 2121 3959 ειιιιιιιιιιιιι
2147 3908 2380 3975 Cyprium
2410 3874 2587 3975 vienn]
2617 3908 2750 3960 Fuit

537 3981 620 4030 89.
1417 4050 1423 4057 ⁶
1675 3985 1762 4037 bic
1785 3987 1929 4038 vicus
1952 4001 2018 4036 ex
2041 3986 2268 4052 Augusti
2303 3985 2659 4052 descriptione
2693 3987 2746 4037 in

600 4054 625 4088 δ
662 4056 987 4126 Necessitate]
1029 4064 1235 4115 Etenim
1267 4063 1479 4116 Servius
1514 4063 1595 4116 rei
1675 4065 1886 4128 regione
1917 4073 2105 4131 quarta
2139 4064 2225 4115 cui
2247 4079 2278 4115 n
2299 4064 2380 4115 vie
2409 4079 2564 4128 ηοω,
2600 4066 2693 4115 vel
2715 4079 2749 4113 n

534 4131 847 4197 indignitate
896 4147 1183 4190 commotus
1235 4140 1489 4205 impeturn
1539 4141 1594 4192 in
1677 4142 1877 4207 templo
1913 4141 2066 4193 Pacis
2100 4155 2305 4194 nomen.
2357 4141 2425 4192 ln
2461 4142 2559 4192 boc
2593 4140 2746 4192 babi-

535 4223 655 4262 eum
709 4207 955 4279 faciebat,
1006 4216 1136 4267 solio
1202 4217 1591 4272 deturbatnrus.
1673 4224 1817 4270 tasse
1838 4217 2059 4283 primum
2096 4218 2318 4270 Sabinos
2337 4219 2554 4271 civitate
2574 4217 2746 4270 donn-

532 4285 756 4352 Dionys·
1673 4302 1756 4348 tos
1797 4296 2042 4349 observat
2083 4296 2404 4363 Pomponius
2447 4297 2626 4349 Lern·
2685 4296 2744 4348 in
