3034 4925
2302 369 2429 436 177

251 528 368 593 sit:
421 528 746 611 tantisper
788 527 1002 592 tutela
1042 527 1348 594 muliebri
1369 524 1397 563 ¹¹
1452 529 1673 614 (tanta
1720 528 1980 594 indoles
2026 531 2095 594 in
2144 530 2431 596 Lavinia

249 626 425 714 erat)
450 650 556 694 res
585 630 832 694 Latina
858 636 922 695 et
948 650 1215 713 regnum
1249 631 1500 697 avitum
1532 640 2016 716 paternumque
2050 631 2258 718 'puero
2291 643 2430 698 ste-

248 733 344 797 tit.
433 732 641 796 Haud
672 733 836 798 nihil
860 732 1229 817 ambigam,¹
1259 734 1452 819 (quis
1482 736 1659 799 enim
1683 755 1817 800 rem
1838 742 1978 800 tam
2000 745 2285 801 veterem
2306 756 2429 820 pro

249 834 478 899 certo⁸
510 834 789 900 affirmet
804 837 861 913 Ἰ)
892 836 1151 902 hiccine
1195 838 1393 903 suerit
1441 838 1799 916 Ascaniu8‚
1839 858 1922 903 an
1962 840 2196 924 major,
2226 858 2430 922 quam

246 935 371 1013 hic,
395 935 652 1002 Creusa
673 944 883 1003 matre
910 938 1037 1004 Ilio
1063 940 1381 1006 incolumi
1407 948 1627 1018 natue,
1657 960 2014 1026 comesque
2034 943 2189 1007 iude
2211 947 2432 1024 pater·

246 1057 347 1102 nae
378 1038 587 1121 sugae,
618 1060 814 1123 quem
845 1041 1067 1106 Iulum
1097 1043 1384 1108 eundem
1426 1043 1472 1108 J
1476 1043 1619 1109 ulia
1657 1062 1819 1127 gens
1855 1053 2190 1111 auctorem
2220 1044 2437 1108 nomi-³

246 1139 345 1203 nis
377 1142 483 1205 sui
516 1150 880 1228 nuncupat.
967 1144 1042 1209 Is
1075 1145 1436 1224 AscaniuS,
1465 1147 1869 1229 ubicumque
1910 1155 1983 1212 et
2012 1165 2431 1230 quacumque

245 1249 449 1307 matre
509 1246 791 1325 genituS,
850 1250 1060 1324 (certe
1125 1254 1352 1313 natum
1400 1248 1618 1313 AEnea
1667 1255 1989 1328 constat‚)
2044 1248 2430 1315 abundante

245 1344 511 1410 Lavinii
567 1346 1009 1428 multitudine,
1069 1350 1451 1416 florentem⁹
1498 1350 1643 1436 jam
1700 1350 1810 1437 (ut
1868 1359 2008 1416 tum
2062 1370 2170 1416 res
2219 1353 2433 1428 erant)

247 1454 445 1530 atque
502 1449 885 1533 opulentam
947 1452 1173 1517 urbem
1231 1454 1450 1532 matri,
1477 1473 1622 1518 eeu
1675 1473 2005 1535 novercae,
2069 1453 2340 1536 reliquit
2365 1450 2431 1513 ε*

175 1613 190 1626 ,
244 1569 480 1614 novam
532 1552 679 1634 ipse
727 1552 932 1618 aliam
978 1556 1107 1620 sub
1154 1555 1429 1621 Albano
1481 1564 1708 1622 monte
1742 1558 2084 1636 condidit3
2130 1573 2309 1641 quaa,
2345 1554 2433 1618 ab

247 1652 367 1717 situ
397 1661 731 1737 porrectae
759 1655 827 1719 in
859 1656 1063 1722 dorso
1088 1658 1318 1735 urbis&¹¹
1345 1657 1579 1742 Longa
1608 1658 1853 1725 Albam
1883 1660 2247 1746 appellata.
2320 1655 2432 1723 In-

1061 384 1202 431 mn.
1253 383 1296 430 1.
1350 384 1508 431 cnr.
1557 365 1623 431 3.

304 1803 331 1838 ὅ
364 1805 600 1856 Civitatis
620 1805 671 1855 ia
692 1808 884 1870 longum
902 1813 1113 1860 extensa
1126 1824 1269 1873 snpra
1283 1773 1481 1860 'cunum-

1077 1929 1084 1936 ‘
1161 1936 1520 1959 oeoueeoeooe

304 2030 335 2076 8
367 2026 668 2092 Legendum
707 2037 881 2080 mouet
929 2029 984 2082 J.
1028 2031 1089 2081 F.
1121 2030 1352 2082 Gronov.
1396 2046 1486 2095 pro
1520 2035 1765 2082 cerem—9
1796 2030 1896 2081 ‘Iu
1934 2031 2071 2081 Flor.
2111 2031 2255 2081 Rott.
2293 2026 2436 2088 Gud,

244 2091 388 2142 video
410 2094 607 2143 Lavini.
673 2095 826 2147 Quod
849 2095 971 2145 mibi
993 2098 1337 2160 suspicionem
1360 2096 1489 2147 facit
1513 2097 1741 2147 ultimam
1759 2097 2005 2160 syllabam
2029 2096 2348 2146 desinentem
2382 2094 2433 2142 in

246 2157 455 2207 eandem
481 2160 701 2213 literam.
723 2175 754 2209 a
776 2175 879 2224 qua
911 2160 1109 2226 incepit
1144 2177 1242 2212 vox
1277 2177 1522 2227 sequeus,
1553 2160 1714 2211 fuisse
1750 2162 2175 2226 praetermissam,
2197 2170 2252 2211 et
2270 2159 2438 2222 serip-

245 2221 365 2272 sisse
402 2223 627 2288 livium,
658 2224 924 2276 abundante
961 2227 1215 2277 Lavinium
1266 2228 1569 2278 muitsdine
1593 2227 1866 2292 florentem,
1886 2228 1971 2291 ᾄτ.
2038 2227 2215 2278 Facile
2248 2225 2436 2276 subau-

1228 2348 1456 2401 No'rAE

303 2443 330 2478 ¹¹
364 2445 537 2496 'I'utela
556 2446 797 2513 muliebri]
844 2446 965 2499 Hoc
987 2446 1172 2499 mirum
1196 2447 1302 2500 Ro·
1379 2449 1532 2513 patrii
1566 2449 1768 2514 peeoris
1789 2447 2062 2514 Tyrrhum,
2087 2446 2259 2513 ibique
2292 2443 2436 2495 enix-

248 2522 403 2571 manis
428 2524 592 2572 videri
619 2527 807 2587 potuit,
830 2541 1046 2591 quorum
1081 2526 1303 2577 moribus
1375 2538 1458 2574 am
1481 2538 1596 2574 esse
1631 2540 1865 2590 puerum,
1898 2526 1983 2590 qui
2008 2539 2039 2574 a
2059 2525 2157 2574 loci
2182 2522 2436 2587 qualitate

247 2595 462 2649 foemiuae
507 2600 560 2649 in
604 2611 862 2665 perpetua
916 2605 1083 2655 tutela
1139 2610 1305 2663 eraut,

250 2682 538 2737 parentum,
591 2679 905 2741 maritorum,
956 2678 1195 2743 fratrum,
1234 2679 1300 2729 ad

248 2749 566 2801 Constantini
598 2750 759 2802 ferme
801 2763 1051 2820 tempora.
1115 2758 1304 2807 Tutela

245 2831 412 2876 autem
446 2826 669 2877 filiorum
708 2830 796 2878 vix
840 2838 922 2881 est
955 2840 1015 2882 ut
1053 2841 1176 2883 ante
1198 2833 1300 2882 Va-

247 2899 577 2951 lentinianum
600 2903 678 2952 eis
700 2906 941 2968 pennissa
961 2906 1139 2959 fuerit.

309 2974 323 3009 ¹
352 2977 509 3028 Hasd
542 2980 664 3029 nibil
698 2981 957 3047 ambigam]
988 2985 1085 3034 Est
1111 2993 1300 3041 tamen,

249 3054 377 3116 quod
398 3070 502 3104 uon
529 3070 709 3118 parum
743 3059 988 3123 ambigat,
1012 3061 1094 3110 vel
1131 3063 1300 3125 potius

247 3127 374 3192 quod
396 3130 544 3180 aliud
561 3133 770 3183 sentiat.
820 3135 897 3185 Ex
922 3134 1136 3201 recepta
1156 3141 1303 3202 quip-

248 3218 310 3267 pe
349 3207 634 3271 sententia,
665 3211 840 3260 AEneae
877 3212 972 3263 filii
1009 3215 1113 3264 duo
1154 3213 1303 3267 fuere

250 3285 571 3345 superstites,
609 3287 746 3336 alter
791 3288 1063 3349 Ascanius,
1104 3292 1192 3356 qui
1247 3299 1303 3342 et

250 3358 401 3418 Iulus,
426 3362 626 3412 Creusa
646 3364 877 3428 TroJana
894 3367 1132 3430 genitus:
1169 3369 1305 3419 alter

250 3433 465 3504 Sylvius,
484 3454 553 3487 ex
577 3440 809 3492 Lavinia.
874 3443 1116 3495 Aurelius
1145 3447 1303 3496 etiam

250 3511 424 3562 Victor
439 3523 560 3579 post
577 3515 905 3583 Dionysium,
919 3520 1129 3585 aliique,
1145 3524 1305 3573 AEnea

250 3586 300 3638 in
321 3589 462 3646 Deos
500 3593 769 3657 translato,
798 3595 1075 3647 Ascanium
1107 3597 1221 3664 (qui
1250 3606 1308 3649 et

253 3662 532 3730 Euryleon)
559 3669 781 3718 omnium
829 3671 1128 3722 Latinorum
1162 3673 1307 3737 judi-

253 3739 330 3787 cio
348 3755 524 3806 regem
559 3745 898 3810 appellatum,
932 3747 998 3796 ab
1031 3762 1198 3814 eoque
1232 3751 1308 3797 iu·

253 3814 524 3869 terfectum
563 3820 747 3883 praelio
789 3822 1013 3873 Lausum
1056 3825 1309 3876 Mezentii

253 3888 437 3956 filium3
472 3896 641 3960 ipsum
666 3897 982 3949 Mezentium
1023 3899 1189 3951 fusum
1226 3900 1308 3951 fu-

255 3978 542 4037 gatumque,
575 3979 633 4023 et
658 3973 723 4022 ad
746 3989 927 4038 pacem
950 3976 1210 4040 adactum,
1231 3986 1308 4028 at-

257 4058 350 4108 que
382 4048 447 4097 ab
477 4064 540 4100 eo
571 4049 766 4101 Juliam
789 4050 1033 4103 familiam
1057 4068 1309 4118 propaga-

257 4127 374 4179 tam,
429 4125 678 4177 referunt.
764 4127 982 4179 Interim
1044 4130 1308 4180 Lavinium

260 4200 515 4259 gravidam
548 4203 801 4268 relictam,
831 4213 972 4257 metu
1010 4206 1221 4259 Ascanii
1253 4208 1307 4257 in

257 4275 442 4339 sylvam
513 4278 806 4347 profugisse
869 4281 937 4334 ad
982 4283 1305 4349 ‚magistrum

1376 2601 1580 2665 Sylvius
1612 2609 1694 2651 est
1726 2601 1913 2651 dictus.
1978 2601 2081 2651 Hie
2113 2599 2318 2650 tandem
2343 2612 2437 2661 op·

1376 2678 1511 2727 tanti
1536 2677 1760 2727 Ascanio
1794 2692 1855 2727 ae
1891 2677 2084 2740 populo
2116 2675 2372 2725 indicatus
2406 2688 2439 2722 a

1374 2753 1592 2818 Tyrrbo,
1628 2763 1685 2803 et
1722 2768 1837 2804 enm
1876 2762 2039 2803 matre
2063 2752 2318 2802 adductus
2340 2751 2437 2800 La·

1375 2830 1591 2886 vinium,
1610 2829 1783 2893 ibique
1806 2831 1858 2880 ln
1874 2830 2066 2880 bonore
2079 2829 2303 2880 babitus.
2337 2829 2436 2879 ce-

1376 2906 1565 2969 phalon
1586 2914 1760 2955 autem
1785 2906 2084 2970 Gergitbius
2115 2905 2253 2970 apud
2290 2904 2437 2954 Hali·

1374 2995 1516 3032 carn.
1552 2988 1774 3045 quatuor
1809 2982 1983 3032 AEneae
2016 2980 2148 3031 tilios
2170 2987 2442 3042 memorat,

1375 3057 1678 3121 Ascanium,
1709 3059 2098 3124 Euryleontem‚
2133 3058 2349 3108 Romum
2384 3062 2441 3108 et

1376 3135 1670 3185 Romulum.

1441 3212 1472 3242 ⁸
1503 3211 1646 3262 Ante
1676 3210 1974 3263 Urb.coud.
1997 3225 2082 3262 au.
2104 3214 2224 3261 ⁸98.

1441 3299 1479 3325 ¹¹¹
1511 3291 1679 3353 Longa
1696 3291 1846 3356 Alba]
1887 3289 1965 3340 Ab
1989 3289 2216 3340 Ascanio
2233 3287 2438 3344 Albam,

1376 3368 1651 3430 eompletis
1693 3367 1745 3416 ln
1780 3366 1992 3416 Lavinio
2028 3365 2244 3429 triginta
2276 3363 2441 3424 aunis,

1376 3443 1640 3495 conditam
1665 3444 1715 3492 in
1739 3448 1910 3499 moute
1932 3442 2018 3507 qui
2047 3450 2166 3506 post
2190 3441 2443 3500 Albanus,

1378 3527 1633 3570 memorat
1653 3525 1834 3569 auctor
1855 3517 1975 3567 libri
2004 3517 2073 3566 de
2107 3515 2258 3578 orig.
2295 3521 2439 3578 gent.

1379 3596 1531 3646 Rom.
1549 3595 1819 3660 additque,
1852 3598 1868 3624 ⁸
1885 3608 1999 3644 eam
2019 3607 2085 3642 ex
2102 3589 2442 3655 forma,quod

1380 3671 1432 3720 lu
1462 3672 1675 3733 longum
1711 3675 1951 3733 porrecta
1984 3675 2142 3725 esset,
2176 3667 2438 3729 Longam3

1381 3761 1444 3794 es
1480 3746 1653 3797 colore
1685 3745 1791 3796 suis
1823 3746 1888 3796 ab
1921 3746 2083 3796 AEnea
2112 3745 2231 3793 visae
2253 3743 2439 3794 Albam

1380 3821 1728 3872 nominatam.’
1795 3822 2065 3872 Falluntur
2105 3821 2240 3870 baud
2284 3822 2439 3873 dubie

1379 3901 1467 3966 qui
1500 3900 1725 3950 eredunt
1753 3912 1816 3949 eo
1845 3899 1950 3949 loci
1983 3898 2160 3961 fuisse,
2188 3900 2276 3948 ubi
2303 3914 2439 3951 nune

1380 3977 1586 4040 Albano,
1607 3976 1803 4027 distans
1849 3976 1916 4025 ab
1957 3975 2100 4027 Urbe
2137 3977 2441 4028 milliaribus

1383 4059 1462 4106 12.
1528 4053 1782 4104 Albanum
1826 4053 1964 4104 enim
2007 4053 2126 4102 villa
2168 4051 2289 4117 fuit,
2331 4054 2440 4103 sive

1382 4130 1644 4194 Pompeii,
1665 4131 1770 4179 sive
1795 4130 2008 4181 alterius
2029 4130 2082 4180 in
2107 4129 2258 4180 Albae
2287 4131 2441 4181 terri·

1381 4207 1537 4261 torio.
1603 4206 1873 4257 Cluverius
1894 4221 2051 4271 supra
2083 4207 2136 4256 id
2170 4206 2438 4270 oppidum,

1386 4285 1524 4341 ultra
1560 4281 1665 4335 duo
1699 4284 1860 4336 millia
1895 4298 2156 4351 passuum,
2197 4282 2264 4334 ad
2299 4282 2440 4337 heus
