3034 4925
988 413 1138 461 1213.
1188 412 1297 461 ιιι.
1340 413 1508 461 osv.
1553 394 1666 462 28.
2307 395 2440 462 593

222 575 317 619 se
338 556 421 621 ad
451 547 920 642 prohibenda¹⁸
952 557 1345 622 circumdari
1366 553 1641 641 opera'ss
1666 551 1874 643 AEqui
1890 551 2238 640 parabant,
2258 578 2435 634 cum,

223 659 330 723 ab
378 660 679 739 interiore
725 660 914 727 hoste
958 660 1196 743 praelio
1240 666 1495 744 coepto,
1525 679 1610 725 ne
1651 678 1769 744 per
1804 659 2026 724 media
2067 679 2191 725 sua
2219 671 2439 727 castra

223 760 426 826 fieret
452 763 734 846 eruptio,
763 782 808 827 a
835 762 1286 827 munientibus
1316 761 1403 827 ad
1431 768 1812 845 pugnantes
1855 761 2201 827 introrsum
2234 764 2439 842 versi,

223 883 521 929 vacuam
565 870 824 929 noctem
870 865 1052 948 operi
1082 863 1348 929 dedere.
1436 863 1950 947 Pugnatumque
1980 884 2130 930 cum
2161 868 2436 932 consule

225 966 327 1031 ad
370 967 582 1032 iucem
615 973 762 1032 est:
848 967 1034 1032 Luce
1066 968 1284 1050 prima
1300 966 1445 1051 jam
1475 967 1964 1032 circumvallati
1993 970 2080 1033 ab
2115 968 2438 1035 dictatore

227 1078 453 1148 erant,
476 1079 542 1135 et
567 1072 684 1136 vix
709 1070 1027 1137 adversus
1050 1090 1254 1136 unum
1282 1072 1650 1135 exercitum
1682 1085 1975 1153 pugnam
2005 1072 2438 1137 sustinebant.

225 1172 419 1237 Tum
461 1193 504 1238 a
547 1172 912 1252 Quintiano
942 1174 1275 1251 exercitu,
1307 1173 1424 1258 qui
1453 1173 1808 1239 confestim
1838 1194 1883 1238 a
1911 1175 2206 1257 perfecto
2236 1191 2439 1256 oper-e

229 1276 332 1342 ad
357 1296 541 1341 arma
561 1277 775 1355 rediit,
797 1276 1133 1343 invaditur
1155 1278 1427 1341 vallum.
1500 1276 1645 1342 Hic
1667 1279 1960 1343 instabat
1979 1297 2157 1342 nova
2178 1296 2438 1360 pugna:

228 1379 362 1449 illa
380 1387 430 1431 ¹⁹
471 1379 636 1445 nihil
667 1380 1018 1445 remiserat
1044 1380 1244 1465 prior.
1330 1380 1529 1460 Tum,
1561 1382 1834 1465 ancipiti
1865 1382 2043 1447 malo
2074 1387 2368 1464 urgente,
2398 1397 2444 1445 a

227 1482 475 1566 praelio
532 1483 620 1547 ad
676 1502 909 1568 preces
967 1487 1164 1563 versi,
1211 1483 1366 1548 hinc
1418 1483 1835 1565 dictatorem,
1882 1485 2035 1549 hinc
2095 1483 2443 1548 consulem

230 1603 453 1663 orare,
498 1601 578 1648 ne
621 1586 690 1650 in
734 1586 1091 1652 occidione
1141 1586 1490 1652 victoriam
1538 1594 1884 1670 ponerent,
1930 1594 2003 1652 ut
2047 1586 2329 1651 inermes
2368 1604 2443 1649 se

230 1686 400 1751 inde
443 1688 630 1753 abire
674 1688 988 1755 sinerent.
1076 1686 1190 1754 Ab
1220 1688 1500 1754 consule
1531 1688 1620 1754 ad
1659 1690 2056 1757 dictatorem
2087 1690 2184 1755 ire
2224 1688 2445 1773 jussis

231 1788 678 1871 ignominiam
723 1791 1028 1858 infensus
1082 1792 1423 1859 addidit.²⁰
1529 1792 1904 1859 Gracchum
1962 1791 2276 1858 Cloelium
2322 1792 2447 1855 du-

231 1910 393 1957 cem
434 1894 907 1979 principesque
935 1897 1103 1962 alios
1130 1896 1391 1961 vinctos
1425 1896 1510 1961 ad
1542 1916 1616 1961 se
1655 1896 1902 1963 adduci
1938 1895 2160 1980 jubet,
2191 1894 2445 1980 oppido

237 1994 579 2062 Corbione
618 1998 850 2064 decedi
871 2019 889 2064 z
908 2006 935 2036 ⁸
978 2004 997 2035 ‘
1027 1998 1386 2081 Sanguinis
1417 2017 1490 2063 se
1522 1999 1894 2082 AEquorum
1924 2017 2060 2061 non
2089 2016 2284 2080 egere
2303 2016 2327 2058 ε
2366 1997 2444 2060 li-

238 2120 398 2166 cere
427 2101 645 2168 abire:
692 2101 838 2181 sed,
871 2109 946 2168 ut
971 2101 1680 2189 exprimatur-tandem
1711 2101 2071 2177 confessio,
2099 2101 2445 2172 subactam

237 2205 696 2291 domitamque
741 2226 897 2272 esse
944 2213 1221 2290 gentem,
1265 2206 1395 2270 sub
1434 2204 1674 2290 jugum
1725 2200 2112 2270 abituroS.’¹’
2198 2202 2446 2269 Tribus

310 2395 334 2420 r
364 2389 428 2437 In
449 2402 503 2438 eo
522 2393 658 2438 erunt
680 2389 847 2453 AEqui,
885 2394 942 2439 ut
968 2387 1077 2450 jum
1098 2402 1195 2437 sess
1213 2391 1438 2452 parerent
1459 2389 1523 2437 od
1541 2386 1876 2451 prohibendum
1895 2400 1956 2437 nc
1973 2386 2253 2440 munitiones
2269 2391 2448 2437 costro-

240 2468 355 2503 rum
375 2469 564 2504 suorum
583 2471 614 2504 a
633 2455 866 2507 dictatore
885 2456 1308 2505 circumdarentur.

310 2526 330 2552 ⁸
346 2520 495 2583 AEqui
508 2519 568 2568 ob
581 2521 662 2581 iis,
678 2520 757 2584 qui
777 2522 1072 2570 extrinsecus
1087 2522 1313 2569 odoenus
1332 2517 1581 2578 ecfossum
1601 2522 1651 2567 et
1664 2517 1839 2566 vultum
1858 2517 2180 2578 exstruebant,
2195 2518 2320 2567 versi
2337 2521 2449 2566 suut

240 2585 312 2633 ud
331 2584 554 2650 obsessos,
578 2588 660 2648 qui
679 2586 903 2635 interiori
919 2600 950 2633 a
969 2590 1107 2648 purte
1126 2598 1333 2647 pugnam
1363 2582 1593 2645 inierunt,
1625 2598 1687 2632 ue
1708 2583 1761 2632 1ιί
1783 2598 1872 2646 per
1890 2583 2098 2645 ipsorum
2116 2588 2277 2633 costra
2297 2597 2451 2631 num-

237 2654 410 2711 pereni
427 2665 445 2697 .·
478 2655 526 2699 et
556 2652 627 2699 sic
664 2649 862 2701 liberum
882 2655 1063 2714 tempus
1082 2651 1234 2698 noctis
1252 2648 1478 2698 dictatori
1498 2648 1729 2712 reliquere
1748 2650 1810 2698 od
1826 2648 2116 2713 perficiendo
2136 2647 2364 2698 exteriori
2386 2662 2450 2696 ex

235 2720 384 2776 purte
405 2727 564 2778 opera.

1174 2807 1536 2829 OOOOOOOOOOO

243 2906 425 2959 veith.
465 2908 584 2959 vid.
608 2909 734 2961 Not.
758 2910 851 2960 inf.
868 2916 923 2961 et
941 2912 1068 2963 Not.
1088 2912 1349 2963 Van—18
1383 2911 1537 2975 Conj.
1562 2910 1784 2974 Rupert.
1816 2909 2170 2975 prohibendum.
2210 2909 2331 2959 vid.
2356 2908 2449 2963 inf.

242 2977 379 3024 —19
410 2974 508 3028 lua
527 2975 645 3058 del.
685 2977 913 3028 Gronov.
954 2978 1166 3044 Doujet.
1188 2976 1423 3029 Crevier.
1445 2986 1502 3028 et
1526 2975 1631 3026 Ms.
1652 2975 1825 3027 Veith.
1863 2975 1975 3025 Illic
1995 2975 2133 3041 conj.
2160 2975 2452 3040 Rupert.—

1245 3139 1470 3193 NOTAE

246 3234 492 3300 obsessi,)
538 3236 597 3286 ab
634 3251 690 3287 eo
727 3252 904 3303 quoque
934 3244 1091 3304 porte,
1132 3239 1191 3306 (a
1225 3255 1317 3291 sua
1398 3240 1507 3305 puli
1534 3237 1756 3290 Romani
1781 3237 1968 3301 socios,
2001 3236 2213 3301 direpto
2242 3236 2455 3301 oppido,

246 3313 455 3363 seilicet
478 3313 677 3379 parte.)
702 3330 801 3365 rem
823 3315 1098 3381 (bostium)
1130 3318 1185 3368 in
1219 3320 1317 3370 dis·
1396 3319 1450 3369 in
1474 3318 1783 3369 servitutem
1820 3315 2136 3379 abegissent,
2165 3314 2266 3378 ipsi
2306 3315 2456 3365 vicis-

245 3390 450 3439 crimine
470 3405 585 3441 esse.
1394 3399 1489 3447 sim
1520 3411 1550 3445 e
1582 3399 1685 3446 suis
1706 3394 1911 3459 oppidis
1937 3388 2248 3443 Corbionem
2272 3392 2455 3441 eodem

312 3474 334 3498 ¹
366 3467 484 3516 dom
519 3482 570 3516 se
612 3469 677 3516 ad
709 3468 999 3531 prohibendo
1031 3469 1316 3519 circumdari
1395 3473 1550 3523 modo
1599 3470 1948 3534 diripiendum
1995 3469 2239 3517 Romanis
2281 3468 2455 3517 trade·-

245 3542 418 3606 opero]
462 3543 668 3594 Iudicat
705 3544 850 3594 Glsr.
892 3560 988 3608 pro
1026 3545 1187 3594 verbo
1220 3545 1317 3594 cir·
1399 3555 1538 3598 rent.
1626 3547 1865 3597 Dimissis
1911 3552 2081 3594 tamen
2128 3544 2242 3593 sine
2285 3544 2457 3607 pretio

245 3620 467 3669 cumam-t
506 3621 635 3670 alias
680 3621 782 3685 legi
838 3621 1158 3671 circumdati.-
1199 3636 1317 3686 quae
1398 3624 1705 3677 Tusculanis
1755 3622 1995 3687 captivis,
2047 3620 2458 3685 impetraverunt

248 3696 410 3744 lectio
443 3694 650 3747 admitti
685 3704 875 3761 potest,
914 3698 1068 3748 modo
1105 3698 1316 3762 partiei-
1400 3709 1458 3752 ut
1476 3700 1711 3765 ingenuis
1726 3697 1915 3748 liceret
1933 3696 2186 3751 Corbione
2203 3694 2460 3745 excedere

248 3773 398 3835 pium
421 3772 546 3823 iilud
568 3773 637 3823 de
657 3774 921 3838 presenti,
942 3787 1044 3826 nou
1059 3775 1127 3824 de
1142 3774 1319 3826 futuro
1400 3787 1678 3842 antequam
1702 3774 2038 3839 diriperetur.
2094 3772 2178 3822 De
2200 3771 2459 3823 Corbione

174 3883 190 3894 .
251 3854 490 3913 tempore
523 3849 854 3913 accipietur:
898 3857 959 3901 nt
998 3850 1321 3914 significetur
1399 3854 1493 3905 rib.
1515 3868 1579 3905 11.
1604 3870 1651 3904 e.
1675 3856 1758 3903 39.

252 3924 469 3990 AEquos,
507 3927 597 3990 qui
632 3924 1106 3988 circumdabantur,
1134 3942 1192 3977 se
1228 3942 1320 3992 pa·
1463 3930 1489 3966 ¹³
1541 3931 1644 3981 Sub
1677 3930 1854 3992 jugum
1893 3921 2128 3986 obituros]
2177 3922 2459 3987 Eleganter

251 4017 401 4053 rasse
425 4003 489 4053 ad
515 4004 831 4067 prohibenda
858 4005 1079 4055 bostium
1101 4005 1322 4057 circum·
1399 4007 1499 4058 hac
1521 4007 1589 4057 de
1612 4021 1668 4056 re
1693 4006 1893 4065 Florus,
1926 4003 1942 4031 ‘
1966 4015 2032 4050 ne
2053 4000 2177 4066 quid
2211 4015 2243 4050 a
2276 4000 2459 4053 rustici

250 4070 533 4130 sidentium
557 4094 731 4142 opera.
1398 4086 1573 4149 operis
1595 4080 1888 4133 imitatione
1905 4084 2134 4128 cessaret
2146 4075 2464 4143 (Quintius),

321 4162 347 4190 ⁸
364 4157 550 4219 Oppido
567 4157 795 4207 Corbione
815 4157 1001 4221 decedi]
1025 4158 1159 4209 lnud
1182 4174 1316 4223 prae·
1396 4162 1565 4212 victos
1588 4173 1730 4211 more
1755 4156 2014 4225 pecudum
2037 4153 2132 4206 sub
2157 4154 2344 4225 jugum
2364 4153 2458 4207 m‘e

254 4239 403 4284 terea
444 4233 591 4284 velut
629 4234 839 4284 mulctae
883 4234 1090 4285 nomine
1139 4237 1316 4301 AEquis
1396 4237 1502 4289 sit!

256 4311 590 4376 imperatum,
626 4317 688 4364 ut
723 4325 842 4364 eum
877 4311 1194 4365 Tusculanos
1224 4327 1316 4379 po·
