3034 4925
562 371 695 440 626

563 533 810 612 dens,¹¹
831 541 852 569 ⁸
881 533 1099 618 pretio
1130 552 1215 598 ae
1260 551 1384 615 spe
1427 533 1751 617 perlicere
1797 533 2093 612 adortus,
2145 540 2533 618 postquam
2562 533 2778 601 omnia

549 635 820 726 pudore
865 643 1059 721 septa
1102 635 1710 712 animadverterat}
1752 636 1843 701 ad
1886 634 2220 701 crudelem
2267 638 2771 721 superbamque

562 740 699 804 vim
729 741 1021 804 animum
1049 739 1394 805 convertit.
1484 739 1585 804 Μ.
1614 738 1908 805 Claudio
1940 739 2165 804 clienti
2196 741 2551 823 negotium
2584 740 2775 816 dedit,

562 848 639 908 ut
666 843 987 926 virginem
1028 842 1097 906 in
1144 842 1529 908 servitutem
1560 849 1912 920 assereret,
1954 859 2174 926 neque
2211 841 2498 907 cederet
2537 861 2772 908 secuu-

565 946 722 1010 dum
742 945 1117 1009 libertatem
1141 943 1639 1028 postulantibus
1661 945 1991 1010 vindicias
2010 961 2031 1007 t
2052 945 2074 980 ‘
2098 944 2277 1029 quod
2305 951 2514 1028 pater
2533 945 2773 1029 puellae

564 1047 859 1124 abesset,
906 1048 1130 1112 locum
1178 1047 1443 1131 injuriae
1486 1067 1639 1113 esse
1682 1048 1936 1114 ratusd‘
2018 1046 2311 1130 Virgini,
2360 1046 2672 1113 venienti
2713 1048 2773 1111 iu

561 1149 802 1230 forum,
832 1149 962 1236 (ibi
990 1169 1281 1234 namque
1309 1150 1379 1214 in
1411 1150 1707 1215 tabernis
1736 1150 2073 1215 literarum
2113 1147 2256 1212 ludi
2298 1146 2559 1233 erant,)
2580 1158 2612 1186 ¹²
2661 1148 2775 1212 mi-

1489 387 1558 435 Τ.
1609 385 1801 435 mvn

621 1426 651 1462 ⁸
687 1420 934 1471 Pudicitia
950 1420 1079 1470 velut
1100 1425 1229 1483 septo
1248 1420 1431 1469 munita
1449 1425 1498 1470 et
1517 1421 1697 1471 clausa.

561 1482 685 1603 αἱ*
695 1486 991 1535 Existimans
1013 1484 1215 1549 Appius,
1248 1485 1471 1547 injur-iam
1490 1485 1645 1545 facile
1673 1483 1846 1545 insen-i
1881 1497 2016 1548 posse
2035 1479 2239 1544 virgini,
2271 1479 2389 1543 qma
2408 1497 2523 1544 σιω
2538 1486 2685 1547 pater
2702 1483 2775 1532 ab·

1477 1627 1746 1651 ‘oenone
1721 1630 1846 1652 000⁴

560 1730 692 1775 -10
724 1727 880 1791 Vulg.
920 1728 1300 1792 Desponderant.
1303 1734 1431 1779 —ll
1466 1730 1652 1795 Appius
1683 1744 1842 1778 amore
1874 1743 2035 1777 amm
2067 1728 2134 1777 al.
2169 1726 2318 1791 prob.
2356 1727 2412 1779 J.
2450 1728 2518 1777 F.
2554 1727 2781 1788 Gronov.

562 1791 688 1841 vid.
713 1791 844 1842 Not.
868 1792 973 1841 Ver
976 1798 1121 1843 .—12
1153 1793 1423 1846 ‘Minister
1442 1795 1660 1845 libidinis
1696 1794 1947 1844 decemviri
1984 1793 2084 1858 (ita
2121 1791 2256 1841 forte
2289 1794 2399 1856 leg.
2443 1794 2779 1856 transpositis

558 1855 790 1917 vocibus,
807 1859 887 1906 vel
906 1859 1248 1919 decemviralis
1267 1860 1363 1908 nisi
1384 1859 1596 1909 verbum
1611 1861 1864 1909 decentem
1881 1864 1961 1908 est
1978 1856 2266 1935 ςίοεεα)Μ.
2283 1857 2566 1923 Claudius,
2585 1872 2677 1922 qni
2696 1857 2779 1909 inf

560 1934 678 1985 cap.
711 1924 791 1969 57.
827 1936 906 1985 pr.
943 1924 1159 1973 minister
1184 1923 1387 1974 cubiculi
1410 1924 1571 1989 Appii
1601 1917 1748 1974 cliens
1777 1912 1987 1973 dicitur.
2056 1924 2185 1971 Mox
2224 1924 2273 1972 in
2312 1924 2455 1974 Mss.
2502 1923 2775 1973 rotundius

558 1986 679 2049 legi,
708 2001 849 2036 serva
867 2004 956 2037 ssu
975 1995 1153 2047 uatum,
1174 1990 1275 2052 (sc.
1299 1990 1498 2053 dicens,
1544 2004 1815 2053 servamque
1843 1990 2081 2052 appellans
2099 1988 2232 2051 sequi
2258 2002 2310 2037 se
2334 1988 2564 2049 Jubebat,
2609 1994 2780 2039 monet

560 2050 791 2103 Gronov.
824 2054 902 2117 [et
925 2055 1001 2104 ita
1022 2055 1114 2104 dat
1137 2056 1489 2120 Kreyssigins.
1544 2056 1777 2106 Bauerus
1793 2055 1987 2105 mavult
2004 2054 2104 2115 legi
2119 2068 2304 2106 munt
2319 2068 2528 2129 quoque,
2544 2054 2653 2103 nisi
2673 2067 2780 2102 ver·

560 2115 627 2167 ba
651 2116 717 2166 ab
741 2120 855 2182 ipso
880 2120 1027 2171 Livio
1050 2119 1155 2170 sint
1178 2121 1511 2186 transposita,
1535 2127 1625 2171 aut
1645 2135 1731 2185 qne
1760 2120 1987 2186 positum
2012 2133 2106 2183 pro
2127 2133 2326 2184 quoque,
2349 2121 2540 2185 etiam,
2562 2120 2709 2170 sicut
2727 2126 2777 2170 et

1547 2267 1763 2321 NOTAE

619 2372 639 2397 ⁸
659 2364 864 2429 Appius,
881 2380 1038 2415 amore
1053 2366 1246 2433 ardens]
1270 2367 1491 2418 Veteres
1509 2381 1617 2418 me·
1694 2365 1798 2417 ludi
1830 2365 1991 2430 eran]
2027 2365 2381 2430 Progrediens
2402 2364 2600 2431 itaque
2637 2365 2691 2415 in
2710 2364 2777 2414 fo·

556 2440 654 2491 lius
673 2440 827 2505 forte,
843 2458 1000 2493 amore
1015 2443 1195 2494 umens.
1693 2459 1806 2494 rum
1820 2443 2043 2510 Appius,
2060 2445 2284 2509 puellam
2302 2444 2356 2493 in
2378 2444 2510 2494 ludo
2527 2444 2779 2507 literario,

619 2521 638 2551 ῑ
667 2519 933 2568 Secundam
969 2521 1233 2572 libertatem
1271 2521 1621 2586 postulantibus
1693 2524 1780 2588 qni
1804 2524 1856 2572 in
1882 2524 2099 2574 taberna
2122 2530 2254 2579 erat,
2286 2522 2476 2571 literas
2502 2521 2776 2572 addiscen-

552 2590 813 2660 vindicikn]
836 2596 1093 2648 Vindiciae
1119 2601 1436 2663 generaliter
1458 2600 1617 2663 signi·

550 2669 714 2721 licant
737 2678 793 2720 et
814 2677 1218 2725 controversiam
1242 2675 1309 2726 de
1332 2684 1617 2726 momenta

551 2747 631 2797 ria
664 2749 1004 2812 possessione,
1044 2758 1099 2801 et
1139 2754 1303 2816 ipsam
1340 2755 1617 2818 possessio·

553 2838 671 2874 nem
718 2828 1081 2889 temporariam
1125 2831 1202 2878 rei
1244 2838 1615 2892 controversae,

550 2903 600 2950 la
618 2902 881 2954 recreanee.
927 2904 997 2977 ι,Ῑιι
1021 2904 1415 2956 liberalitatem
1437 2921 1616 2971 causa,

550 2991 645 3027 seu
689 2985 857 3028 status
898 2983 1272 3047 controversia,
1303 2997 1406 3047 qua
1437 2983 1552 3047 quis
1584 2997 1615 3032 a

548 3052 795 3104 libertate
836 3056 888 3104 in
929 3057 1250 3115 servitutem,
1298 3066 1389 3109 aut
1430 3070 1615 3109 contra

550 3143 582 3177 a
604 3131 855 3180 servitute
896 3132 949 3180 in
986 3133 1276 3195 libertatem
1312 3136 1612 3187 vindicaba-

551 3212 655 3265 tur,
689 3213 833 3257 recte
864 3214 1118 3271 petuntur
1156 3210 1394 3261 vindiciae
1431 3228 1613 3263 secun·

550 3281 671 3334 dum
693 3283 1014 3348 libertatem,
1031 3284 1084 3334 id
1108 3293 1206 3344 est,
1227 3301 1321 3352 pro
1345 3288 1612 3352 libertate,

550 3376 611 3415 en
621 3360 799 3422 savem·
818 3363 878 3412 de
898 3362 947 3410 ln
967 3361 1138 3414 liberte
1154 3379 1173 3413 .·
1203 3370 1263 3414 ut
1285 3378 1490 3430 nempe,
1515 3367 1611 3417 lite

552 3439 837 3505 pendente,
858 3441 925 3502 is,
941 3440 1006 3489 de
1029 3440 1178 3504 cujus
1200 3440 1446 3492 libertate
1471 3457 1612 3507 qnae-

547 3518 699 3574 titur,
722 3517 927 3574 interim
964 3518 1014 3570 in
1050 3519 1369 3581 possessione
1397 3519 1612 3570 liberta·

547 3594 615 3644 tis
637 3594 727 3658 sit,
748 3602 803 3644 et
844 3609 935 3658 pro
968 3594 1136 3644 libero
1167 3594 1440 3649 habeatur.
1504 3597 1610 3647 Ve-

547 3670 647 3720 teri
694 3683 851 3734 porro
884 3671 1024 3734 jure,
1064 3671 1202 3735 quod
1236 3686 1402 3735 nuper
1424 3673 1475 3722 in
1498 3688 1608 3725 xn-

540 3748 766 3803 Tabulas
813 3748 1115 3799 translatum
1154 3748 1346 3813 fuerat,
1383 3752 1609 3801 caveba-

546 3830 653 3888 tur,
682 3831 742 3874 ut
766 3824 941 3890 quide
977 3831 1233 3881 statusno
1271 3825 1517 3890 litigaret,
1552 3828 1607 3878 in

545 3900 874 3963 possessione
898 3900 1157 3951 libertatis
1180 3903 1608 3969 constitueretur,

473 4034 478 4037 .
547 3981 604 4024 et
624 3976 826 4027 interea
848 3977 998 4027 liberi
1022 3979 1135 4034 loeo
1159 3985 1314 4041 esset,
1384 3980 1474 4030 Sic
1495 3981 1606 4046 Ap-

546 4051 663 4116 pius
687 4050 931 4109 adversus
957 4056 1124 4116 legem
1148 4070 1179 4104 a
1201 4069 1256 4103 se
1289 4057 1403 4119 ipso
1438 4071 1607 4121 nuper

544 4127 704 4176 latam
760 4125 895 4174 hunc
938 4129 1016 4176 Μ.
1059 4129 1331 4180 Claudium
1382 4131 1606 4193 instrue·

546 4206 657 4264 bate

610 4290 634 4344 ιι
669 4274 747 4338 lbi
780 4293 976 4344 namque
1013 4280 1066 4330 in
1107 4283 1316 4334 tabernis
1357 4285 1610 4349 lieet-urum.

1693 2606 1801 2652 tem
1829 2600 2063 2652 viderat.
2095 2613 2313 2663 eamque
2329 2599 2590 2662 deperire
2605 2613 2775 2663 coepe·

1690 2683 1793 2728 ret.
1827 2678 2036 2742 Neque,
2059 2676 2195 2742 quod
2220 2676 2504 2728 Rhenanus
2522 2677 2668 2735 vult,
2689 2689 2775 2738 pro

1689 2755 1744 2804 in
1771 2755 1978 2804 tabernis
2009 2753 2378 2805 scribendum
2357 2768 2411 2802 ιιι
2431 2753 2774 2811 ίαῠεηαειιὶίι,

1691 2832 1841 2898 qnasi
1864 2833 2014 2883 vilius
2036 2833 2106 2882 sit
2127 2833 2356 2882 tabernae
2380 2846 2607 2893 nomen,
2624 2845 2771 2896 quan

1690 2918 1751 2960 ut
1787 2909 2155 2960 Grammaticis
2193 2908 2514 2970 conveniat3
2548 2923 2691 2973 qnos
2724 2914 2774 2956 et

1690 2987 1792 3038 illis
1816 2986 2140 3051 temporibus
2177 2987 2357 3035 Romae
2391 2983 2638 3034 nondum
2662 2999 2772 3049 cog·

1690 3065 1828 3115 nitos
1849 3064 2138 3113 contendit.
2170 3062 2273 3111 Sed
2299 3068 2357 3112 et
2371 3061 2599 3112 taberne
2622 3062 2769 3111 libre·

1688 3141 1902 3198 riorum,
1959 3138 2390 3204 argentariorum,
2447 3138 2769 3189 medicorum

1688 3218 1962 3269 dicuutnrz
2002 3230 2101 3267 nec
2122 3214 2293 3264 miuus
2316 3221 2525 3277 apertae
2550 3229 2676 3264 esse
2697 3229 2771 3264 so·

1686 3296 1798 3345 lent
1842 3295 1895 3344 in
1935 3292 2070 3356 foro,
2105 3306 2272 3358 quam·
2305 3290 2681 3355 tabernacula,
2718 3296 2770 3340 nt

1686 3371 1850 3436 quiin
1885 3369 1947 3419 iis
1981 3375 2103 3418 snut
2138 3383 2169 3416 a
2201 3365 2769 3430 praetergredien‘tibm

1686 3447 1828 3498 cerni
1852 3460 1914 3495 ac
1935 3444 2106 3496 notari
2131 3443 2365 3507 possint3
2386 3442 2526 3506 (nisi
2549 3450 2767 3507 utraque

1685 3524 1864 3590 clausa
1887 3522 1992 3571 sint
2010 3521 2057 3584 ς)
2086 3535 2192 3587 qno
2224 3533 2355 3571 casu
2376 3532 2447 3567 eo
2471 3532 2766 3567 commea·-

1688 3606 1787 3661 tes,
1810 3605 1901 3650 aut
1922 3598 2044 3649 inde
2067 3602 2322 3648 exeuntes
2343 3596 2584 3645 omnium
2610 3597 2765 3646 oculis

1687 3683 1890 3741 patent.
1952 3675 2156 3725 Puellae
2177 3668 2356 3723 autem
2391 3671 2764 3737 ludimagister

1685 3752 1897 3831 sufficit,
1917 3765 2014 3805 uec
2049 3749 2423 3801 Grammaticis
2447 3763 2611 3813 opus.
2675 3751 2762 3799 Ss-

1683 3822 1751 3882 t'is
1776 3839 1858 3880 est
1883 3829 1927 3878 si
1952 3829 2130 3879 literas
2153 3827 2397 3877 noverit·
2434 3841 2506 3890 qu
2506 3825 2621 3877 'elle
2636 3825 2764 3877 nau

1681 3907 1775 3957 lire
1796 3911 1844 3956 et
1867 3905 2042 3955 ecrit-e.

1744 3989 1773 4016 ¹
1803 3983 2011 4035 Manum
2057 3978 2254 4042 iniecit]
2311 3924 2422 4030 Qui
2468 3990 2586 4028 rem
2632 3976 2761 4042 apud

1682 4067 1973 4123 praetorem·
2005 4052 2324 4118 vindicabat,
2359 4059 2418 4103 et
2461 4067 2613 4103 snam
2654 4066 2760 4102 esse

1681 4134 1970 4195 asserebat,
1992 4133 2190 4196 injectu
2222 4144 2381 4180 manu
2403 4128 2761 4194 apprehende-

1679 4212 1800 4264 bat:
1834 4225 1902 4263 ex
1941 4223 2044 4273 qno
2085 4220 2229 4259 more
2266 4213 2365 4257 est..
2389 4204 2518 4256 illud
2554 4203 2757 4255 Paridis

1686 4287 1826 4356 apud
1847 4286 2127 4341 Ovidium:
2165 4282 2182 4312 ‘
2201 4282 2279 4334 Ut
2299 4280 2478 4334 (licam
2493 4295 2612 4333 mea
2627 4288 2758 4344 sant,
