3034 4925
507 361 637 464 aaz
690 423 695 428 ·

1462 407 1532 454 Τ.
1580 405 1767 456 mvn

590 559 697 625 18.
762 557 1024 642 Inclyta
1089 552 1361 640 justitia
1416 552 1786 635 religioque
1843 564 1924 614 ea
1983 550 2394 631 tempestate
2457 542 2527 608 N
2532 559 2702 607 urnae

505 662 868 747 Pompiliic
914 665 1073 726 erat.
1161 657 1461 723 Curibus
1511 651 1827 722 Sabinisd
1871 652 2240 729 habitabat,
2284 646 2705 714 consultissi-

504 787 652 832 mus
701 767 878 843 vir‚0·
902 771 973 830 ut
1023 763 1093 828 in
1140 760 1256 827 illa
1303 761 1664 845 quisquam
1713 762 1914 823 aetate
1960 774 2112 819 esse
2159 757 2450 837 poterat,
2496 748 2707 815 omnis

508 868 717 933 divini
748 875 947 954 atque
975 867 1244 933 humani
1275 866 1477 948 juris,

1566 862 1936 928 Auctorem
1967 858 2284 922 doctrinae
2326 854 2500 940 ejus,
2546 852 2709 937 quia

506 992 639 1037 non
669 977 863 1037 extat
892 971 1088 1048 aliuS,
1118 970 1290 1034 false
1324 969 1624 1033 Samium
1654 965 2105 1050 Pythagoram
2127 957 2149 996 f
2178 958 2433 1024 edunt:
2482 975 2707 1039 quem,

510 1073 748 1139 Servio
779 1073 1005 1141 Tullio
1038 1078 1353 1156 regnante
1386 1070 1650 1145 Romae,
1669 1073 1929 1134 centum
1960 1065 2253 1147 amplius
2284 1067 2443 1145 post
2472 1077 2707 1134 annoS,

507 1178 575 1247 in
621 1179 852 1243 ultima
896 1170 1123 1242 Italiae
1161 1195 1304 1253 ora,
1340 1174 1523 1240 circa
1557 1171 2076 1254 Metapontumss
2120 1158 2712 1247 Heracleamqueh

1508 1351 1722 1404 NOTAE

511 1460 675 1504 tratus
699 1457 918 1506 Romani
939 1455 994 1505 in
1010 1454 1197 1506 edictis
1217 1454 1499 1519 plerisque,
1517 1460 1575 1503 et

511 1533 712 1596 quoties
736 1548 851 1583 cum
875 1535 1067 1598 populo
1092 1533 1337 1598 agebant.

574 1617 598 1643 Φ
633 1613 811 1660 Numae
832 1610 1086 1676 Pompilii]
1140 1612 1191 1660 Is
1220 1607 1494 1672 Pomponii
1515 1605 1578 1655 fi-

513 1685 613 1734 lins
649 1695 783 1749 erat,
803 1685 1018 1737 fratrum
1053 1693 1276 1752 quatuor
1299 1686 1575 1744 minimus;

511 1762 650 1812 Tatii
685 1765 824 1827 regis
867 1778 1043 1826 gener,
1078 1764 1236 1813 ducta
1274 1764 1328 1811 in
1363 1776 1576 1812 uxorem

512 1839 663 1888 Tatia
695 1839 800 1889 filia
823 1841 935 1904 ejus
958 1841 1129 1897 unica,
1157 1842 1372 1905 jamque
1407 1838 1577 1889 ferme

516 1918 974 1984 quadragenarius,
995 1929 1208 1970 auctore
1231 1920 1374 1970 Plut.

577 1995 602 2029 ‘²
623 1996 847 2046 'Curibus
872 1996 1092 2060 Sabinis]
1126 1998 1291 2048 Cures
1326 1995 1448 2046 urbs
1482 1994 1578 2044 Sa-

515 2074 749 2124 binorum
788 2076 909 2124 olim
945 2075 1188 2138 primaria
1215 2073 1336 2136 fuit,
1361 2087 1423 2122 ac
1444 2072 1578 2121 Tatii

516 2153 661 2214 regia
695 2168 707 2200 :
766 2167 867 2216 qno
916 2153 1129 2201 Romam
1179 2150 1579 2213 commigrante,

514 2229 701 2279 multos
737 2236 909 2278 tamen
950 2228 1247 2278 Sabinorum
1283 2229 1334 2276 in
1359 2229 1454 2277 hac
1492 2240 1577 2275 ve-

518 2306 618 2354 teri
646 2306 816 2369 patria
836 2305 995 2355 fuisse
1018 2312 1359 2355 commoratos
1391 2304 1582 2369 probat

515 2383 631 2445 ipse
674 2384 851 2433 Numa
894 2397 1012 2432 cum
1052 2388 1166 2432 tota
1202 2381 1419 2445 familia,
1464 2382 1580 2445 qnoe‘

515 2461 754 2525 princeps
778 2461 889 2525 ejus
915 2460 1032 2517 loci,
1057 2468 1148 2510 aut
1169 2474 1200 2509 e
1235 2457 1580 2523 principibus.

517 2539 654 2588 Haec
691 2538 813 2589 urbs
849 2541 987 2603 apud
1021 2539 1321 2589 Cluverium
1356 2536 1580 2588 minibus

515 2629 760 2679 passuum
797 2617 979 2680 viginti
1014 2617 1258 2681 quinque,
1300 2623 1392 2666 aut
1426 2613 1581 2679 paulo

519 2694 757 2756 amplius,
783 2693 964 2742 dissita
1001 2700 1119 2742 erat
1151 2694 1216 2743 ab
1251 2693 1377 2743 urbe
1401 2693 1584 2756 Roma,

517 2768 606 2819 ubi
629 2784 763 2818 nime
785 2770 1153 2820 monasterium
1180 2771 1377 2834 vulgari
1400 2770 1582 2832 appel·

516 2845 712 2895 latione
743 2847 962 2907 dictum,
984 2845 1033 2897 11
1063 2847 1284 2898 Vescooio
1306 2848 1359 2897 di
1380 2846 1584 2911 Sabina,

520 2921 605 2969 via
626 2922 842 2978 Salaria,
868 2937 968 2971 non
1012 2924 1192 2986 procul
1227 2923 1412 2972 Reate.
1475 2922 1581 2972 Sed

518 2998 832 3061 probabilius
845 3001 1153 3049 Holstenius
1165 3001 1329 3051 Cures
1342 3001 1585 3061 collocat,

521 3075 611 3125 ubi
646 3091 783 3127 nunc
810 3079 999 3142 Cor-ese,
1021 3079 1183 3143 juxta
1213 3081 1583 3130 monasterinm

520 3153 789 3217 Fan-sense,
825 3157 978 3205 tertio
1015 3170 1046 3205 a
1082 3157 1297 3207 civitate
1341 3158 1585 3220 Reatina,

521 3230 771 3293 vigesimo
822 3232 888 3282 ab
946 3233 1073 3283 urbe
1121 3233 1342 3284 milliari.
1413 3235 1586 3283 Corese

521 3314 694 3357 antem
719 3307 980 3358 deflexum
1019 3325 1049 3359 a
1089 3311 1307 3373 Curensi,
1327 3310 1588 3375 intellige,

525 3385 737 3448 oppido.

582 3468 605 3495 θ
648 3462 1039 3513 Consultissimus
1073 3463 1173 3527 vir]
1225 3463 1505 3514 Consultus
1530 3469 1585 3513 et

520 3537 878 3589 J.Consultus
926 3542 1133 3604 proprie
1178 3540 1389 3603 dicitur,
1454 3537 1585 3606 ‘qui

520 3615 692 3680 legum
703 3624 767 3667 'et
785 3618 1170 3690 consuetudinis
1189 3619 1252 3668 ad
1271 3619 1586 3684 responden-

524 3690 646 3742 dum
669 3703 724 3741 et
748 3693 812 3741 ad
836 3695 1121 3747 cavendum
1146 3696 1344 3760 peritus
1371 3695 1485 3760 est‚’
1507 3696 1586 3745 uti

525 3766 708 3817 definit
728 3769 929 3819 Tullius
952 3786 993 3822 1.
1017 3772 1083 3822 de
1110 3773 1325 3823 Orator.

587 3841 607 3876 f
633 3843 848 3898 Samium
869 3847 1219 3914 Pythagoram]
1254 3850 1584 3914 Pythagoras

518 3935 590 3971 ex
631 3922 924 3974 Heraclidis
963 3927 1291 3989 Bacchiadis,
1335 3927 1586 3977 Corintho

525 3996 777 4062 profugis,
806 4001 944 4063 apud
978 4003 1184 4052 Samum
1220 4010 1381 4066 ortus,
1416 4004 1586 4067 patria

526 4091 558 4126 a
580 4076 859 4141 Polycrate
896 4086 1119 4142 tyranno
1154 4080 1369 4146 ejusque
1393 4078 1584 4130 deinde

523 4151 686 4202 fratre
742 4163 1016 4218 occupata,
1058 4155 1339 4206 Crotonem
1387 4170 1586 4219 magnae

527 4228 749 4279 Graeciae
774 4230 828 4279 in
849 4231 1004 4281 Italia
1027 4233 1206 4282 urbem
1225 4234 1461 4294 secessit,
1497 4231 1587 4281 ubi

530 4314 709 4358 auctor
731 4306 832 4359 fuit
855 4307 1190 4375 philosophiae
1215 4310 1453 4360 Italicae:
1492 4308 1586 4360 sed

1650 1466 1755 1501 non
1791 1449 1883 1500 nisi
1918 1454 2037 1513 post
2078 1441 2449 1510 Olympiadem
2482 1443 2564 1488 50.
2599 1450 2717 1499 regY

1651 1540 1806 1579 nante
1818 1529 1930 1593 jam
1950 1525 2091 1591 apud
2110 1526 2368 1575 Romanos
2380 1517 2565 1568 Servio
2586 1516 2712 1564 Tul-

1649 1607 1743 1668 lio,
1773 1614 1861 1655 aut
1892 1605 2047 1653 etiam
2071 1600 2348 1666 Tarquinio
2372 1593 2630 1658 Superbo,
2660 1593 2712 1641 in

1652 1683 1856 1733 Italiam
1882 1681 2043 1745 venit,
2065 1688 2124 1730 ut
2143 1679 2331 1729 Cicero
2352 1680 2536 1724 censet
2556 1672 2647 1721 lib.
2672 1683 2712 1719 ι.

1651 1760 1860 1810 Tuscul.
1895 1765 2079 1824 qnaest.
2107 1755 2194 1821 qni
2228 1754 2449 1802 eundem
2479 1751 2534 1799 in
2558 1747 2714 1798 Italia

1653 1836 1842 1885 vixisse
1866 1837 1942 1884 ait
1972 1835 2034 1883 iis
2067 1828 2406 1894 temporibus,
2439 1826 2624 1891 quibus
2653 1823 2712 1871 L.

1652 1917 1844 1969 Junins
1900 1915 2097 1963 Brutus
2159 1909 2383 1974 patriam
2451 1903 2712 1955 liberavit.

1652 1993 1806 2043 Unde
1847 2007 1878 2041 a
1912 1991 2129 2053 Nostro,
2166 1987 2393 2050 itemque
2430 1997 2463 2031 a
2502 1983 2716 2046 Dionys.

1653 2076 1710 2120 et
1749 2070 1894 2119 Plut.
1929 2065 2187 2117 refellitur
2228 2076 2407 2112 eorum
2451 2054 2718 2109 sententia

1653 2147 1743 2212 qui
1778 2147 2003 2197 Numam
2037 2144 2126 2193 illo
2150 2147 2363 2192 auctore
2391 2136 2716 2202 philosopha·

1654 2233 1763 2274 tum
1790 2223 2035 2287 volebant
2050 2237 2065 2282 ;
2100 2221 2152 2269 in
2171 2219 2354 2284 quibus
2373 2214 2599 2265 Ovidius
2625 2226 2722 2263 xv.

1653 2299 2002 2362 Metamorph.
2051 2297 2168 2346 Duo
2205 2300 2346 2353 sunt,
2369 2306 2486 2355 quae
2512 2302 2719 2339 causam

1655 2378 1820 2427 errori
1866 2373 2242 2440 praebuerunt:
2295 2369 2537 2423 alterum,
2579 2364 2717 2431 qnod

1656 2453 1917 2508 Historici
1945 2451 2156 2518 quidam
2178 2455 2388 2498 veteres
2413 2458 2629 2510 regnum
2649 2442 2718 2492 ab

1659 2535 1829 2584 Numa
1853 2534 2032 2581 Romae
2065 2528 2356 2578 inchoatum
2387 2527 2632 2572 notarent
2652 2521 2722 2568 ea

1656 2609 1970 2674 Olympiade
2025 2620 2127 2671 qua
2182 2603 2350 2653 victor
2393 2600 2722 2650 renuntiatus

1656 2696 1739 2739 est
1772 2687 2128 2751 Pythagoras:
2169 2669 2360 2730 verum·
2392 2678 2473 2727 hic
2518 2674 2722 2739 Pytha-

1657 2779 1809 2828 goras
1841 2760 2263 2813 Lacedaemonius
2296 2755 2399 2805 fuit
2423 2754 2586 2818 pugil,
2611 2753 2725 2801 lon·

1657 2856 1725 2906 ge
1751 2841 1985 2890 diversus
2008 2853 2041 2887 a
2063 2837 2238 2887 Samio
2268 2832 2608 2898 philosophos
2643 2829 2725 2876 al·

1658 2928 1849 2975 terum,
1872 2915 2007 2982 quod
2042 2912 2290 2963 nonnulla
2320 2911 2370 2959 in
2393 2910 2592 2959 Numae
2619 2898 2727 2954 dis-

1658 2996 1850 3059 ciplina
1893 2999 1950 3043 et
1986 2991 2211 3042 moribus
2247 2992 2526 3038 occurrunt
2558 2999 2587 3032 a
2610 2983 2725 3047 Py-

1659 3073 1884 3136 thagorae
1939 3066 2228 3133 philosophi
2278 3063 2527 3114 institutis
2580 3059 2727 3109 haud

1658 3150 1863 3208 aliena;
1920 3145 2155 3208 inprimis
2216 3149 2388 3191 autem
2431 3137 2730 3200 frugalitas,

1657 3234 1715 3277 et
1752 3224 1906 3275 famae
1940 3221 2140 3272 arcanis
2180 3219 2377 3269 artibus
2421 3213 2727 3281 quaerendas

1658 3303 1902 3353 studium.
1964 3299 2068 3349 Sed
2123 3298 2196 3362 hi,
2246 3299 2354 3346 sive
2408 3292 2730 3359 prudentiae,

1657 3383 1764 3430 sive
1787 3378 2101 3442 arrogantiae
2124 3381 2321 3439 partus,
2339 3387 2437 3422 nec
2460 3371 2608 3420 nnius
2626 3383 2729 3418 na·

1658 3457 1817 3507 tionis
1837 3464 1929 3506 aut
1961 3453 2135 3504 saeculi
2167 3458 2322 3510 sunt3
2374 3454 2429 3498 et
2463 3462 2528 3497 ex
2560 3447 2728 3496 Laco·

1659 3548 1780 3583 num
1818 3531 2075 3583 institutis
2109 3526 2303 3594 aliquid
2335 3534 2553 3590 uterque
2577 3536 2730 3573 seor-⁸

1657 3615 1751 3663 sim
1797 3611 2004 3670 haurire
2049 3608 2236 3671 potuit.
2318 3605 2495 3654 Sabini
2528 3602 2732 3667 qnippe

1648 3692 2033 3756 xSpartanorum
2059 3682 2293 3749 profugis
2327 3678 2582 3731 immixti:
2617 3678 2732 3741 Py·

1660 3768 1900 3832 thagoras
1924 3769 2099 3814 autem
2124 3760 2552 3811 Lacedaemonem
2580 3755 2734 3805 adie-

1665 3853 1765 3907 rat,
1784 3852 1838 3895 et
1877 3844 2103 3894 Crotone
2134 3840 2185 3887 in
2222 3838 2486 3887 Laconum
2518 3833 2736 3883 colonia

1664 3923 1754 3972 diu
1773 3919 1922 3971 vixit.

1727 4006 1754 4042 8
1785 3990 2140 4058 Metapontum]
2186 3989 2328 4040 Urbs
2348 4001 2548 4051 maguae
2574 3985 2738 4037 Grae-

1665 4076 1761 4125 ciae
1785 4074 1850 4123 ad
1877 4074 2041 4121 sinum
2070 4067 2410 4118 Tarentinum
2435 4066 2486 4114 in
2511 4077 2602 4113 ora
2626 4065 2738 4114 Lu.

1665 4151 1852 4214 caniae‚
1886 4145 2154 4199 Metabum
2190 4151 2345 4194 antea
2374 4141 2537 4202 dicta,
2560 4141 2736 4191 tribus

1665 4238 1908 4293 passuum
1939 4223 2163 4274 millibus
2204 4221 2269 4270 ab
2306 4220 2439 4268 ostio
2481 4218 2739 4267 Casventi

1667 4303 1847 4368 amnis,
1869 4301 1958 4353 ubi
1991 4313 2144 4363 nunc,
2170 4298 2316 4348 Tot-re
2335 4296 2389 4345 di
2413 4307 2563 4343 more.
2619 4294 2736 4359 Py-
