3034 4925
587 351 719 423 232

571 515 671 593 ‚ad
739 514 1003 582 Dialem
1056 514 1384 581 flaminem
1410 524 1435 551 ⁰
1489 517 1843 600 pertinent.

1537 373 1605 419 T.
1654 370 1889 420 letl·

1952 514 2113 595 Sed,
2172 517 2337 600 quia
2392 514 2465 582 in
2514 512 2781 584 'civitate

467 679 486 691 ,
582 619 907 685 bellicosa
934 618 1164 702 plures
1194 619 1495 699 Romuli,
1525 640 1729 705 quam
1764 619 2036 697 Numae,
2084 620 2344 685 similes
2374 639 2570 701 reges
2600 627 2777 704 puta·

582 724 699 788 bat
745 723 912 801 sore,
961 723 1304 806 iturosque
1351 723 1540 807 ipsos
1588 724 1677 789 ad
1724 724 1924 801 bella,
1972 743 2055 789 ne
2101 742 2298 789 sacra
2344 722 2546 806 regiae
2575 724 2783 789 vicis‘

584 825 1062 903 desererentur,
1108 823 1440 891 flaminem
1483 825 1646 892 Jovi
1696 825 2046 891 assiduum
2096 826 2516 891 sacerdotem
2539 821 2569 860 ‘¹
2614 844 2780 889 crea-

583 913 701 1008 vit,
748 930 1121 1015 insignique
1166 951 1315 997 eum
1345 931 1533 997 veste
1585 938 1654 996 et
1704 929 1923 997 curuli
1971 929 2157 1012 regia
2195 927 2364 993 sella
2411 925 2781 995 adornavit.

587 1032 773 1097 Huic
803 1032 972 1098 duos
998 1032 1305 1098 flamines
1334 1033 1622 1118 adjecit:
1663 1033 1869 1098 Marti
1900 1052 2128 1109 unum,
2162 1029 2441 1095 alterum
2474 1027 2781 1110 Quirino.

583 1132 1030 1221 Virginesque
1063 1137 1343 1203 Vestae0
1385 1137 1572 1220 legit,
1604 1136 1783 1202 Alba
1823 1135 2176 1201 oriundum
2207 1133 2691 1211 sacerdotium,
2718 1139 2782 1197 et

583 1241 763 1323 genti
807 1240 1176 1307 conditoris
1222 1241 1403 1307 haud
1455 1241 1795 1327 alienum!
1880 1239 2041 1315 His,
2089 1244 2166 1303 ut
2212 1235 2511 1301 assiduae
2556 1236 2784 1320 templi

585 1343 911 1407 antistites
940 1349 1180 1420 essent,
1211 1344 1622 1428 stipendium
1658 1345 1740 1408 de
1778 1344 2053 1428 publico
2085 1341 2366 1405 statuit:
2412 1339 2782 1420 virginitate

584 1445 864 1529 aliisque
896 1447 1295 1510 caerimoniis
1326 1447 1748 1512 venerabiles
1782 1467 1862 1511 ac
1904 1452 2181 1510 sanctas
2211 1439 2428 1507 fecit]
2445 1434 2474 1462 ⁶
2561 1441 2782 1506 Salios

582 1546 740 1611 item
789 1540 1193 1613 duodecimf
1233 1543 1439 1615 Marti
1494 1548 1798 1615 Gradivo
1824 1557 1850 1596 ⁸
1893 1548 2081 1631 legit,
2133 1547 2525 1630 tunicaeque
2580 1544 2781 1628 pictai

646 1720 675 1759 ὃ
692 1724 843 1773 Sacra
862 1727 926 1775 ad
946 1727 1077 1787 regis
1096 1724 1296 1791 officium
1312 1725 1625 1790 pertinentia.
1759 1730 1779 1756 ⁶
1816 1722 1930 1772 Non
1951 1725 2231 1773 extraneum
2250 1737 2282 1772 α
2305 1717 2505 1771 Romuli
2514 1715 2728 1781 familia.

641 1785 677 1831 f
700 1789 937 1841 Reddidit
957 1787 1269 1845 inviolabiles.

1573 1922 1622 1973 N
1631 1919 1790 1972 01·AE

647 2041 672 2068 ‘²
715 2037 794 2086 Ad
834 2036 1027 2087 Dialem
1056 2036 1328 2101 flaminem]
1382 2035 1642 2086 Flamines
1731 2034 2052 2099 Augustalis.
2118 2031 2364 2085 Flaminis
2387 2031 2561 2082 Dialis
2579 2030 2705 2095 jura
2726 2042 2786 2079 ex

585 2121 737 2162 erant
765 2115 1050 2178 singulares
1085 2123 1344 2166 certorum
1377 2114 1642 2165 numinum

584 2190 907 2255 sacerdotes,
928 2207 1055 2257 quos
1076 2209 1106 2242 a
1129 2194 1313 2255 capitis
1339 2193 1648 2257 gestamine,

585 2280 789 2318 coronae
844 2268 1071 2333 speciem
1127 2268 1411 2334 referente;
1473 2269 1647 2318 dictos

584 2352 809 2395 constat.
886 2345 991 2395 Sed
1029 2347 1196 2397 Varro
1235 2347 1371 2413 apud
1408 2347 1649 2397 Servium

585 2419 659 2471 sic
697 2421 987 2486 appellatos
1027 2423 1140 2474 vult
1174 2424 1326 2490 quasi
1362 2422 1649 2487 filamines,

584 2498 721 2563 quod
749 2514 863 2549 cum
897 2501 1020 2564 ipsis
1058 2516 1161 2553 non
1192 2503 1378 2552 liceret
1402 2500 1542 2551 nudo
1562 2515 1647 2550 ca-

583 2573 696 2637 pite
737 2576 836 2626 sub
872 2577 958 2628 dio
995 2593 1128 2642 esse,
1161 2581 1288 2630 illud
1315 2585 1423 2644 'per
1462 2584 1647 2628 aestum

583 2650 689 2711 filo,
728 2656 839 2705 sive
874 2655 1013 2722 licio,
1046 2660 1344 2723 cingerent,
1376 2658 1513 2723 quod
1552 2670 1651 2719 pro

583 2729 722 2793 pileo
744 2743 874 2783 erat.
941 2735 1256 2786 Plutarchus
1277 2751 1307 2785 a
1329 2736 1465 2799 pileo
1484 2734 1648 2784 Pilea-

583 2807 732 2857 mines
748 2809 898 2860 initio
915 2821 1237 2877 nuncupatos
1258 2810 1419 2861 fuisse
1437 2817 1648 2860 censet:

586 2894 767 2947 postea
822 2895 1071 2952 corrupto
1126 2888 1331 2938 nomine
1391 2887 1647 2939 flamine&

586 2959 1014 3013 Halicarnasseus
1048 2979 1077 3011 a
1095 2966 1252 3028 flama
1283 2963 1514 3028 deducit,
1546 2977 1649 3028 qno

587 3038 835 3089 vocabulo
876 3056 907 3089 a
946 3041 1226 3091 Veteribus
1263 3056 1425 3091 sacrae
1467 3040 1646 3092 infula».

583 3115 998 3177 appellabantur.
1064 3117 1366 3182 cognomen
1388 3117 1650 3168 habebant

585 3189 774 3252 singuli
798 3192 863 3241 ab
886 3206 949 3241 eo
973 3193 1179 3243 numine
1203 3193 1291 3243 cui
1310 3209 1463 3243 sacra
1491 3192 1650 3244 facie·

585 3264 729 3319 baut.
795 3268 965 3319 Dialis
1009 3284 1043 3319 a
1078 3270 1233 3337 Jove,
1272 3286 1427 3335 quem
1471 3270 1649 3322 Graeci

584 3341 698 3405 Δία,
733 3345 889 3407 prisci
911 3346 1084 3395 Latini
1105 3346 1352 3410 Dijovem
1375 3347 1652 3397 vocabant.

584 3420 841 3471 Martialis
865 3437 895 3470 a
918 3423 1092 3473 Marte
1110 3423 1516 3487 appellationem
1539 3437 1651 3473 sor-

585 3497 741 3548 titus:
780 3498 1065 3551 Quirinalis
1091 3514 1120 3547 a
1143 3500 1363 3552 Quirino
1400 3502 1512 3550 sive
1547 3501 1653 3550 Ro-

586 3576 742 3624 mulo.
812 3574 968 3623 Hunc
991 3590 1022 3624 a
1047 3576 1221 3625 Numa
1244 3575 1501 3639 prioribus
1525 3575 1650 3626 duo-

589 3649 683 3698 bus
719 3657 875 3699 antea
904 3649 1159 3701 institutis
1186 3651 1420 3702 additum
1443 3653 1650 3703 Plutar-

587 3727 716 3775 chus
749 3726 929 3777 tradit.
997 3728 1279 3793 Dionysius
1309 3743 1429 3778 cum
1454 3730 1653 3780 Nostro

585 3803 765 3854 horum
805 3804 957 3854 trium
989 3805 1241 3868 majorum
1279 3804 1543 3856 flaminum
1575 3804 1652 3853 in-

587 3879 905 3930 stitutionem
932 3881 1018 3929 uni
1059 3881 1241 3931 tribuit
1278 3882 1488 3931 Numae.
1554 3880 1653 3929 His

587 3954 867 4016 majoribus
885 3966 942 4006 et
967 3958 1214 4008 Patriciis
1249 3955 1542 4007 flaminibus
1565 3956 1654 4006 alii

589 4030 778 4081 deinde
799 4042 1153 4097 accesserunt,
1187 4034 1432 4098 minores,
1464 4040 1520 4081 et
1543 4032 1653 4095 ple·

588 4106 711 4171 beii,
749 4109 816 4158 ad
849 4110 1140 4168 duodecim,
1174 4120 1368 4175 praeter
1399 4126 1490 4160 eos
1528 4125 1654 4175 quos

589 4185 780 4234 deinde
802 4184 1028 4236 adulatio
1053 4189 1103 4236 in
1123 4187 1342 4249 gratiam
1365 4188 1654 4251 Imperato-

592 4276 702 4311 rum
723 4263 1105 4316 demortuorum
1128 4265 1341 4328 adjecit,
1369 4266 1533 4331 qualis
1555 4263 1656 4318 fuit

1732 2113 1949 2163 veterib.
1983 2112 2182 2176 colligit
2217 2108 2522 2175 onuphrius
2544 2108 2616 2158 de
2640 2107 2788 2159 eivit.

1732 2190 1886 2241 Rom.
1910 2203 2027 2253 cap.
2049 2189 2284 2252 proprio.

1795 2267 1820 2302 ἆ
1844 2269 1962 2317 doni
1981 2268 2223 2317 amanum
2240 2262 2553 2327 sacerdotem]
2581 2263 2786 2313 Tantam

1730 2344 2087 2399 assiduitatem
2133 2341 2286 2397 Jovis
2331 2340 2496 2391 sacris
2544 2344 2786 2401 praestare

1729 2422 1961 2472 debebat
1994 2421 2108 2486 ejus
2141 2418 2351 2475 flamen,
2386 2424 2445 2467 ut
2479 2416 2530 2467 ei
2553 2430 2624 2465 ne
2646 2425 2785 2462 anam

1730 2498 1940 2563 quidem
1964 2503 2170 2548 noctem
2196 2510 2407 2546 manere
2429 2499 2585 2545 extra
2608 2491 2786 2542 Urbem

1729 2577 1811 2626 fas
1834 2582 1993 2633 esset,
2025 2573 2164 2640 apud
2192 2574 2443 2625 Nostrum
2466 2570 2558 2621 lib.
2576 2584 2634 2620 v.
2652 2582 2700 2619 c.
2717 2570 2792 2616 51.

1728 2659 1786 2702 et
1814 2651 1959 2702 alibi·

1791 2737 1814 2764 Ε
1844 2729 2157 2791 virginesque
2185 2726 2361 2790 ναίω]
2398 2724 2553 2788 Legit
2578 2735 2670 2772 eas
2686 2721 2788 2772 Nu⁴

1727 2821 1829 2862 ma.
1854 2819 1959 2855 uon
1983 2803 2232 2860 instituit,
2266 2811 2455 2865 utpote
2477 2803 2493 2825 ⁶
2519 2798 2788 2849 oriundum

1731 2882 1863 2933 Alba
1885 2877 2276 2931 sacerdotium!
2345 2879 2504 2928 Forte
2527 2888 2790 2926 nnmerum

1728 2958 2018 3008 Vestalium
2058 2964 2213 3006 antea
2250 2955 2508 3004 incertum
2542 2949 2790 3010 definivit,

1730 3038 1879 3087 lectis
1934 3043 2159 3100 quatuor
2210 3030 2540 3082 nobilissimis
2604 3026 2792 3093 puellis.

1731 3113 2075 3166 Caerimonias
2097 3111 2252 3162 etiam
2287 3123 2462 3159 earum
2501 3114 2654 3157 certo
2677 3105 2790 3170 jure

1726 3191 2039 3254 constituit3
2071 3196 2230 3254 atque
2253 3187 2490 3251 inprimis
2527 3183 2790 3235 servanda

1733 3268 2046 3331 virginitatis
2072 3264 2361 3316 tricennale
2388 3272 2631 3327 tempus;
2663 3258 2789 3325 qnfod

1733 3352 1888 3394 autea
1929 3342 2334 3408 quinquennium
2374 3353 2477 3389 nou
2514 3337 2791 3388 excessisse

1730 3421 1915 3471 scribit
1941 3420 2393 3471 Halicarnasseus.
2449 3415 2604 3466 Idem
2628 3415 2791 3465 Numa

1733 3498 1982 3560 templum
2007 3497 2187 3546 Vestae
2212 3493 2469 3555 condidit,
2492 3493 2547 3541 in
2568 3506 2673 3556 quo
2692 3501 2790 3540 ser·

1735 3581 1907 3624 vatum
1931 3572 2091 3623 fuisse
2110 3572 2342 3635 creditur
2381 3569 2693 3631 Palladium,
2721 3564 2789 3615 fa-

1733 3652 1838 3701 tale
1859 3650 1985 3700 illud
2009 3651 2264 3702 Minervae
2287 3647 2644 3702 simulacrum,
2661 3640 2789 3708 quod

1736 3729 1926 3779 AEneas
1945 3730 2100 3794 'froja
2131 3728 2183 3776 in
2216 3726 2425 3777 Italiam
2447 3738 2625 3774 secum
2648 3722 2789 3771 detu-

1732 3806 1886 3856 lerat.

1797 3883 1829 3913 '¹
1864 3884 1937 3934 A.
1960 3885 2027 3934 U.
2053 3884 2114 3933 C.
2136 3886 2220 3932 48.

1799 3959 1818 3995 f
1846 3960 2005 4010 Salios
2020 3960 2134 4010 item
2153 3955 2419 4019 duodecim]
2457 3953 2603 4005 Dicti
2623 3951 2791 4003 Saliis

1735 4036 1983 4086 saliendo.
2052 4038 2242 4085 Eorum
2282 4035 2333 4083 iu
2373 4031 2529 4082 armis
2567 4027 2789 4080 saltatio-

1734 4128 1850 4162 nem
1865 4127 1895 4161 a
1911 4111 2232 4176 temporibus
2244 4111 2416 4159 AEneae
2432 4107 2642 4171 quidam
2656 4099 2789 4168 apud

1738 4190 1955 4238 Festum
1994 4188 2279 4237 deducunt.
2361 4184 2467 4235 Sed
2505 4183 2601 4232 boe
2637 4192 2788 4245 genus

1737 4267 1936 4317 choreae
1979 4279 2096 4315 cum
2133 4262 2358 4328 strepitu
2392 4276 2461 4312 ex
2502 4257 2687 4325 gladiis
2720 4252 2784 4304 ad
