3034 4925
1135 397 1588 456 mercatore.
2342 386 2468 452 141

763 681 1350 743 IMPERATORES
1408 679 1523 741 Ro
1535 677 1963 744 MANORUM
1974 727 1989 744 .

462 861 534 923 P.
567 863 640 924 C.
668 882 731 922 n.
765 864 928 921 1-14.
975 866 1056 937 (a.
1086 861 1201 921 Ch.
1230 880 1292 921 n.
1322 862 1569 941 21.-p.
1602 860 1679 925 C.
1705 880 1767 920 n.
1800 864 1924 937 14.)
1972 862 2312 945 Augustus.

359 995 420 1054 2.
450 994 514 1052 L.
534 994 739 1052 Caesar
756 992 1047 1052 Massiliae
1076 993 1221 1063 obit.
1276 993 1347 1052 C.
1373 992 1582 1052 Caesar
1612 991 1929 1053 Phraatem
1957 993 2240 1054 Armenia
2266 992 2476 1054 cedere

286 1091 463 1170 cogit,
494 1098 555 1150 et
583 1091 668 1151 M.
699 1090 906 1163 Lolli0,
935 1090 1136 1150 comiti
1167 1101 1228 1150 et
1253 1090 1464 1150 rectori
1495 1089 1646 1169 ejus,
1685 1090 2054 1149 substituitur
2082 1090 2152 1152 P.
2183 1090 2479 1169 Sulpicius

288 1187 587 1255 Quirinus,
662 1190 718 1247 3.
748 1187 818 1246 C.
845 1189 1051 1248 Caesar
1078 1189 1136 1247 in
1157 1188 1341 1269 Lycia
1362 1188 1629 1248 moritur.
1690 1190 1750 1246 4.
1772 1187 1866 1248 Ab
1894 1187 2169 1266 Augusto
2191 1188 2479 1263 Tiberius,

286 1291 344 1343 et
365 1288 438 1344 ab
469 1285 581 1345 hoc
606 1283 993 1345 Germanicus
1019 1286 1201 1345 Drusi
1230 1285 1272 1345 f.
1305 1285 1641 1364 adoptatur.
1703 1283 1825 1344 Lex
1843 1286 1996 1344 AElia
2016 1286 2221 1345 Sentia
2247 1285 2323 1345 de
2354 1306 2477 1346 ma-

288 1382 763 1442 numissionibus
825 1386 881 1443 5.
907 1382 1027 1443 Lex
1049 1383 1085 1442 J
1095 1383 1211 1442 ulia
1239 1381 1313 1444 de
1343 1382 1687 1443 maritandis
1717 1381 2040 1442 ordinibus,
2097 1383 2478 1443 Phraataces.

289 1481 418 1540 5.6.
451 1480 685 1540 Orodes
711 1501 789 1541 11.
848 1482 907 1541 6.
939 1480 1012 1542 C.
1038 1479 1244 1540 Ateius
1263 1480 1478 1559 Capito
1496 1500 1625 1541 cos.
1646 1479 1782 1540 suff.
1831 1480 2081 1550 Chauci,
2106 1479 2479 1560 Langobardi

289 1587 346 1635 et
400 1577 715 1638 Marobod.
751 1599 856 1638 rex
902 1580 1481 1651 Marcomannorum,
1530 1598 1566 1637 a
1593 1578 1848 1651 Tiberio,
1876 1587 1933 1637 et
1965 1578 2187 1637 Gaetuli
2223 1598 2259 1638 a
2300 1578 2482 1638 Corn.

291 1674 541 1735 Lentulo
585 1676 885 1737 Gaetulico
928 1676 1089 1736 victi.
1172 1677 1295 1736 Res
1340 1677 1477 1738 adv.
1510 1676 1846 1749 Dalmatas,
1904 1676 2124 1750 DacOS,
2181 1677 2483 1736 Sarmatas

292 1782 350 1832 et
375 1772 717 1834 Pannonios
744 1794 781 1833 a
812 1774 901 1835 M.
935 1774 1166 1834 Valerio
1194 1775 1538 1847 Messalino,
1579 1775 1653 1834 A.
1686 1774 1932 1835 Caecina
1961 1774 2201 1847 Severe,
2230 1775 2486 1854 Tiberio,

292 1868 666 1943 Germanico,
697 1872 784 1931 Μ.
813 1869 1052 1930 Plautio
1086 1869 1348 1944 Silvano,
1394 1872 1467 1934 C.
1495 1873 1668 1932 Vibio
1698 1871 1986 1932 Postumo
2027 1881 2088 1932 et
2131 1872 2220 1932 M.
2258 1869 2487 1931 AEmilio

294 1965 516 2046 Lepido
542 1988 646 2048 per
676 1988 773 2028 xv.
804 1986 992 2027 annos
1022 1978 1214 2048 gesta.
1296 1969 1733 2030 Rhoemetalces
1762 1979 1824 2029 et
1852 1968 2279 2048 Rhescuporis,
2304 1969 2491 2028 Thra·

292 2064 397 2124 ciae
426 2086 623 2145 reges,
643 2065 798 2127 ‘socii
822 2066 995 2127 Rom.
1082 2065 1387 2145 Stipendia
1408 2087 1629 2142 annua,
1658 2066 1929 2128 aerarium
1953 2065 2225 2138 militare,
2252 2075 2331 2139 et,
2356 2066 2485 2146 ejus

294 2160 695 2241 locupletandi
741 2182 942 2236 causa,
988 2163 1313 2222 centesima
1367 2165 1709 2225 auctionum
1750 2184 1804 2225 s.
1849 2181 2043 2223 rerum
2085 2164 2380 2224 venalium
2430 2176 2492 2226 et

296 2260 573 2320 vicesima
617 2262 1054 2322 haereditarium
1109 2260 1147 2320 J
1156 2260 1276 2320 ulia
1343 2259 1479 2341 lege
1533 2261 1822 2323 instituta.
1883 2263 2055 2321 6-20.
2106 2262 2385 2322 Vonones
2439 2281 2487 2322 1.

297 2359 355 2417 7.
385 2359 654 2439 Agrippa
704 2358 1026 2419 Postumus
1078 2360 1395 2440 relegatur.
1496 2360 2003 2439 Quinquagesima
2047 2360 2489 2437 mancipiorum.

296 2449 692 2535 Rhescuporis
735 2469 795 2517 et
833 2458 1020 2539 Cotys
1053 2479 1116 2519 v.
1226 2458 1287 2518 9.
1331 2457 1403 2518 Ρ.
1433 2458 1750 2527 Quintilius
1774 2458 1967 2516 Varus
2006 2476 2143 2515 cum
2176 2456 2363 2515 tribus
2409 2456 2494 2515 le-

254 2587 260 2601 .
299 2553 569 2629 gionibus
618 2555 679 2612 in
738 2555 1056 2616 Germania
1102 2576 1293 2616 caesus
1335 2557 1410 2614 ab
1453 2555 1738 2637 ArminiO.
1823 2553 1946 2613 Lex
1987 2553 2177 2632 Papia
2207 2553 2490 2632 Poppaea.

304 2638 504 2709 10-11.
545 2649 816 2711 Tiberius
847 2662 908 2712 et
942 2652 1331 2713 Germanicus
1361 2671 1628 2732 procoss.
1673 2651 2047 2711 Germaniam
2081 2661 2493 2733 pervagantur.

302 2746 371 2807 C.
403 2747 704 2828 Poppaeus
734 2750 988 2809 Sabinus
1018 2750 1250 2809 Moesiae
1277 2770 1382 2829 per
1422 2770 1622 2809 xxiv.
1665 2768 1852 2808 annos
1881 2758 2114 2826 praeest.
2204 2750 2307 2806 12.·
2344 2747 2495 2806 Ger—

273 2832 565 2904 'manicus
587 2864 713 2906 cos.
736 2867 870 2907 cum
901 2849 974 2908 C.
997 2848 1247 2908 Fonteio
1273 2849 1586 2930 Capitone.
1652 2849 1730 2917 Q.
1755 2846 2035 2907 Caecilius
2055 2845 2335 2906 Metellus
2351 2844 2496 2904 Cre-

301 2940 450 3002 ticus
473 2943 715 3002 Silanus
743 2964 905 3024 proc.
951 2946 1137 3025 Syriae
1165 2966 1269 3025 per
1298 2967 1404 3006 sex
1427 2966 1639 3007 annom
1703 2948 1797 3005 13.
1815 2944 2081 3004 Tiberius
2107 2963 2348 3004 censum
2374 2944 2502 3021 agit

304 3046 433 3098 ‘cum
463 3040 741 3120 Augusto
784 3054 844 3103 et
886 3043 1193 3106 tribunicia
1241 3045 1293 3105 ei
1336 3056 1603 3124 potestas
1652 3053 2018 3125 prorogatur.
2105 3041 2497 3102 Germanicus

303 3157 459 3216 proc.
481 3138 719 3200 Galliae.
798 3143 1005 3202 13-43.
1030 3143 1365 3204 Artabanus
1399 3163 1511 3204 ιιι.
1540 3143 1734 3205 Judas
1768 3142 2053 3203 Galilaeus
2083 3161 2133 3202 s.
2155 3139 2497 3202 Gaulonita.

310 3237 399 3294 14.
443 3238 612 3298 Mors
642 3240 916 3320 Augusti.

935 3453 1136 3511 14-37.
1183 3452 1451 3513 Tiberius
1483 3453 1642 3513 Nero
1676 3454 1897 3514 Coesar.

392 3574 486 3635 14.
533 3574 791 3635 Comitia
817 3594 851 3633 e
876 3574 1103 3655 Campo
1130 3575 1190 3635 in
1219 3577 1439 3637 curiam
1463 3574 1767 3635 translata.
1856 3574 2022 3635 Mors
2046 3571 2325 3650 Agrippae
2348 3569 2499 3633 Pos-

311 3671 452 3729 tumi
499 3681 563 3732 et
596 3671 800 3732 Juliae.
882 3672 1220 3735 Seditioncs
1269 3672 1570 3751 legionum
1608 3671 1668 3730 in
1715 3669 2026 3729 Pannonia
2073 3680 2135 3729 et
2162 3667 2501 3731 Germania.

315 3767 376 3827 L.
407 3769 596 3829 AElius
624 3769 875 3850 Sejanus
902 3770 1069 3849 proef.
1098 3770 1395 3850 praetorio,
1422 3779 1485 3831 et
1509 3781 1708 3829 castra
1735 3767 2106 3847 praetoriana.
2190 3765 2263 3825 C.
2289 3764 2506 3827 Junius

315 3863 563 3939 Blaesus,
591 3867 665 3928 A.
696 3868 960 3941 Caecina,
998 3869 1070 3928 C.
1102 3866 1439 3941 Cetronius,
1481 3867 1548 3927 L.
1580 3865 1872 3945 Apronius
1900 3873 1959 3924 et
1988 3864 2057 3922 C.
2092 3861 2266 3923 Silius
2310 3863 2510 3928 Nerva

313 3961 511 4042 legati.
603 3966 811 4025 14-17.
855 3965 978 4025 Res
1027 3985 1064 4024 a
1093 3964 1449 4025 Germanico
1480 3963 1616 4025 adv.
1649 3963 2009 4032 Cheruscos,
2051 3960 2401 4035 (Arminium
2448 3969 2509 4021 et

318 4059 778 4138 Inguiomerum)
819 4062 1057 4134 Cattos,
1103 4062 1509 4141 Angrivarios,
1553 4060 1820 4137 aliosque
1871 4058 2209 4119 Germaniae
2251 4057 2507 4137 populos

324 4167 522 4235 gestae.
601 4161 693 4218 15.
742 4159 973 4220 Drusus
1000 4161 1205 4221 Caesar
1229 4179 1355 4220 cos.
1415 4158 1486 4219 P.
1516 4157 1784 4219 Velleius
1807 4156 2157 4217 Paterculus
2185 4156 2322 4217 hist.
2355 4176 2507 4235 prae-

323 4263 411 4317 tor
435 4275 569 4316 cum
594 4255 771 4322 fratre
800 4257 1006 4339 Magio
1030 4258 1237 4325 Celere
1267 4257 1599 4321 Velleian0.
1685 4255 1807 4318 Lex
1828 4267 1889 4317 et
1904 4255 2134 4335 judicia
2161 4252 2507 4333 majestatis.
