3034 4925
1053 357 1221 426 mn..
1245 359 1296 408 1.
1342 360 1503 436 ⁰3?-
1547 348 1655 416 55.

2313 362 2445 440 331

212 494 467 580 aves,¹¹
507 498 577 566 in
603 499 899 570 Termini
939 502 1098 571 fano
1142 524 1282 573 non
1331 507 1718 580 addixere..
1767 511 1852 579 Id
1867 519 1914 586 ⁴.
1938 533 2134 589 omen
2178 525 2445 608 auguri-

210 621 501 688 umque
546 604 645 671 ita
689 610 1045 691 acceptum
1097 617 1248 676 est:
1294 630 1430 701 non
1481 616 1737 684 motam
1783 613 2082 689 Termini
2125 626 2445 706 sedem,5''¹

210 723 587 792 unumque
618 729 774 776 eum
806 710 1107 779 Deorum
1150 734 1284 780 non
1314 725 1674 783 evocatum
1703 724 1983 790 sacratis
2012 727 2143 792 sibi
2172 729 2444 814 finibuS,

208 805 440 876 firma
488 812 893 899 stabiliaque
955 821 1195 884 cuncta
1246 821 1671 905 portendere.
1760 825 1922 893 Hoc
1979 835 2442 917 perpetuitatis

214 914 558 999 auspicio
616 924 929 1003 accepto,
986 926 1290 988 secutum
1353 924 1559 1006 aliud,
1606 929 2126 1012 magnitudinem
2172 936 2441 1024 imperii

202 1018 672 1101 portendens,
698 1021 1082 1108 prodigium
1122 1033 1250 1092 est.
1308 1025 1565 1114 Caput
1590 1030 1950 1101 humanum
1971 1031 1998 1074 ¹¹
2041 1038 2304 1124 integra
2331 1033 2438 1108 fa'-
2543 1071 2546 1076 ·

1158 1208 1491 1232 WOmOO
1495 1212 1525 1233 Ο

207 1320 260 1369 4
302 1315 455 1385 quue
477 1319 612 1372 Edd.
636 1336 667 1373 a
688 1321 933 1378 Rhenano
953 1325 1021 1378 ad
1043 1327 1309 1381 Παλ-6
1340 1328 1358 1359 ‘
1381 1330 1542 1383 Forte
1564 1331 1666 1399 leg·
1692 1347 1787 1384 nos
1820 1339 1998 1387 mm
2033 1335 2305 1390 Teretinam
2332 1341 2440 1393 sede

1227 1474 1450 1529 NOTAE

298 1561 329 1598 ¹¹
366 1566 790 1630 Essent-etiams
828 1571 1140 1624 edatittereat
1160 1575 1297 1641 aves]

214 1640 428 1694 Flebat
461 1647 798 1711 exauguratio
830 1650 1060 1700 evocatis
1085 1650 1205 1701 Diis
1232 1666 1299 1702 ex

216 1718 368 1770 locis
413 1720 583 1772 arisve
627 1722 816 1789 cuique
865 1726 1203 1793 consecratis,
1241 1732 1300 1778 nt

217 1796 341 1846 alio
389 1799 614 1863 migrare
655 1801 871 1853 vellent.
938 1803 1068 1854 Eam
1103 1803 1154 1854 in
1189 1818 1297 1854 rem

217 1887 393 1925 saera
425 1876 696 1943 celebrari,
718 1888 946 1947 extaque
970 1882 1297 1934 victimarum

216 1954 426 2018 inspici
447 1955 636 2011 solita:
658 1959 1086 2023 quemadmodum
1104 1962 1160 2011 in
1177 1976 1298 2012 evo·

219 2031 423 2082 candia
464 2031 673 2085 urbium
714 2035 1040 2088 obsessarum
1079 2038 1302 2089 numini·

130 2125 133 2130 ’
219 2106 333 2157 bna
356 2116 658 2163 consuetum
677 2112 864 2164 scribit
887 2114 1188 2166 Macrobius
1206 2115 1299 2166 Sa·

218 2187 427 2237 tumal.
461 2188 552 2240 lib.
589 2203 678 2242 ut.
700 2204 749 2241 c.
769 2195 821 2244 9.
855 2190 1125 2257 Ejusmodi
1153 2199 1299 2245 certe

226 2266 696 2329 exaugurationes,
765 2267 878 2319 sive
942 2268 1299 2335 evocationes,

221 2342 441 2393 nonnisi
466 2353 738 2409 augurato,
748 2358 918 2411 neque
934 2346 1089 2397 aliter
1107 2345 1299 2413 factas,

220 2433 391 2485 quam
425 2421 469 2471 si
506 2437 626 2473 aves
664 2422 993 2488 addicerent,
1028 2439 1089 2476 ac
1121 2426 1298 2478 volatu

220 2510 328 2548 eno
371 2513 480 2549 rem
519 2501 638 2551 Diis
678 2503 888 2566 placere
938 2504 1300 2568 ostenderent,

221 2575 317 2625 vel
349 2589 416 2625 ex
451 2576 549 2626 boe
571 2577 712 2628 Livli
747 2579 863 2629 loco
889 2585 1056 2644 patet,
1080 2581 1218 2647 quod
1241 2587 1296 2633 et

219 2659 419 2719 aperte
442 2653 602 2705 tradit
618 2655 708 2706 lib.
732 2670 809 2707 rv.
830 2658 1058 2723 Dionys.

292 2730 311 2765 ¹
351 2730 561 2782 Termini
599 2733 778 2800 sedem]
815 2734 879 2784 In
918 2732 1052 2785 colle
1071 2734 1296 2799 Tarpeio
1332 2736 1337 2741 “

221 2808 495 2861 Sacellum
547 2811 792 2861 Termino
855 2813 973 2863 Deo
1028 2810 1296 2865 dicaverat

224 2887 413 2938 Numa
447 2887 759 2955 Pompilius,
798 2898 1072 2959 postquam
1114 2906 1293 2956 agrum

227 2962 527 3017 Romanum
552 2975 660 3018 tum
686 2968 969 3033 publicum,
994 2976 1101 3020 tum
1127 2971 1294 3036 priva·

227 3048 346 3092 tum
373 3043 533 3094 certis
564 3044 815 3096 limitibus
836 3036 1152 3109 definiisset;
1188 3054 1293 3098 sta-

228 3127 513 3188 tueratque
547 3136 685 3186 eum,
709 3124 796 3189 qui
824 3110 1039 3175 limitem
1073 3133 1293 3191 arasset,

227 3213 339 3249 nna
364 3213 484 3250 cum
517 3200 654 3251 bove
674 3217 778 3267 quo
801 3201 851 3252 in
882 3202 937 3252 id
975 3208 1115 3252 esset
1149 3218 1293 3263 usus,

227 3276 356 3330 Jovi
375 3292 551 3330 sacros
569 3294 703 3342 esse,
716 3280 1143 3345 quemadmodum
1165 3281 1292 3331 Dio-

227 3353 411 3421 nysius
430 3354 522 3406 lib.
544 3371 609 3407 11.
634 3357 814 3409 tradit.
852 3357 1021 3408 Porro
1039 3358 1125 3409 hic
1147 3361 1292 3410 Deus

227 3444 337 3481 non
370 3432 598 3483 humana
632 3431 799 3494 effigie
839 3434 1176 3501 pingebatur,
1199 3435 1292 3486 sed

229 3505 607 3572 designabatur
652 3510 840 3574 lapide.
917 3512 1058 3563 Quin
1098 3521 1153 3562 et
1197 3527 1292 3576 per

231 3584 485 3635 ambitum
523 3592 764 3649 agrorum
807 3587 861 3637 in
901 3587 1090 3638 finibus
1137 3589 1291 3652 positi

226 3661 433 3726 lapides
473 3663 596 3717 Jovi
629 3664 913 3732 Terminali
948 3665 1137 3725 sacrati
1179 3663 1291 3716 fue·

228 3746 350 3789 rant
372 3739 606 3804 ejusdem
631 3740 818 3792 Numae
849 3743 1039 3807 jussu;
1074 3742 1291 3793 festum-

227 3830 331 3882 que
353 3815 649 3867 institutum
675 3819 884 3869 nomine
899 3818 1292 3882 Terminalium,

229 3908 332 3959 quo
358 3908 442 3944 res
475 3893 648 3945 divina
671 3898 942 3962 quotannis
964 3898 1164 3947 solenni
1188 3898 1292 3948 ritu

229 3967 393 4021 fiebat
415 3971 469 4021 in
504 3972 747 4023 bonorem
775 3974 1031 4039 Deorum,
1055 3975 1141 4041 qui
1161 3975 1293 4027 Ter·

229 4047 381 4099 minis
403 4058 664 4113 praesunt=
701 4049 856 4117 idque
880 4066 981 4102 non
1004 4053 1151 4102 caesis
1171 4053 1291 4104 hos-

231 4126 338 4184 tiis,
357 4124 524 4192 (quod
543 4126 690 4178 nefas
705 4128 773 4179 sit
787 4143 876 4179 eos
893 4130 1089 4195 lapides
1108 4146 1290 4182 cruen-

229 4203 378 4270 tari.)
408 4203 502 4254 sed
523 4205 666 4269 libis,
700 4204 1008 4272 frugumque
1034 4208 1291 4272 primitiis.

234 4281 410 4340 Nunc,
442 4295 559 4337 cum
594 4290 886 4357 ceterarum
908 4285 1098 4338 aedium
1119 4299 1292 4339 sacra·

1377 1588 1492 1626 rum
1516 1582 1574 1627 et
1593 1577 1906 1630 sacellorum
1927 1579 1983 1632 ln
2001 1581 2211 1649 Tarpeii
2248 1585 2441 1636 montis

1377 1666 1502 1702 area
1541 1653 1826 1718 positorum
1870 1661 2307 1725 exaugurationes
2345 1676 2435 1713 au·

1375 1731 1555 1796 spiclis
1578 1732 1948 1804 probarentur,
1978 1752 2101 1789 aves
2123 1745 2303 1790 tamen
2332 1753 2438 1790 non

1373 1807 1698 1861 admiserunt
1719 1814 2183 1876 exauguratlonem
2207 1815 2439 1866 Sacello·

1340 1937 1347 1942 ,
1374 1899 1489 1936 rum
1511 1885 1754 1955 duorum,
1774 1889 2004 1941 Termini
2019 1891 2242 1951 scillcet,
2264 1900 2320 1943 et
2340 1892 2438 1945 Ju-

1375 1964 1804 2031 ventutis,(banc
1838 1967 1974 2018 enlm
2012 1967 2211 2018 addunt
2239 1969 2439 2034 Diony-

1377 2037 1482 2092 sias
1504 2042 1595 2093 lib.
1609 2057 1699 2097 nr.
1722 2046 1813 2111 qul
1836 2060 1945 2097 rem
1969 2055 2131 2099 totam
2152 2049 2437 2115 Tarquinio

1374 2119 1559 2170 Prisco
1573 2120 1835 2186 attribuit,
1850 2131 1905 2175 et
1920 2125 2145 2189 Florus,)
2160 2127 2306 2192 qussi
2322 2127 2436 2177 baec

1372 2196 1586 2262 numina
1615 2196 1745 2248 locis
1777 2200 1880 2251 suis
1904 2201 2093 2254 cedere
2117 2211 2440 2258 recusarent.

1375 2271 1555 2339 Atque
1603 2273 1726 2325 hinc
1766 2275 1965 2331 factum
2005 2285 2064 2329 ut
2105 2292 2284 2329 eorum
2329 2293 2436 2330 arm

1342 2345 1559 2413 'templi
1583 2349 1784 2402 ambitu
1815 2351 2029 2403 inclusae
2066 2353 2279 2405 fuerint.
2344 2352 2439 2404 At-

1374 2430 1488 2476 tera
1527 2425 1631 2477 sita
1670 2426 1725 2478 in
1745 2428 2022 2480 vestibulo
2060 2429 2340 2492 Minervae,
2361 2431 2439 2480 al-

1336 2567 1342 2573 ,
1377 2507 1492 2552 tera
1526 2503 1581 2554 in
1613 2505 1732 2572 ipsa
1764 2507 1877 2557 ade
1912 2521 2077 2573 prope
2127 2507 2436 2561 Delubrum·

1372 2579 1619 2632 ‘Placuit
1658 2582 1861 2634 vatibus
1900 2583 2232 2634 contumacia
2267 2584 2435 2634 numi-

1372 2672 1514 2717 num,
1536 2658 1789 2725 siquidem
1813 2657 1962 2719 firma
1994 2662 2166 2711 omnia
2190 2666 2247 2712 et
2281 2668 2436 2712 teter·

1371 2748 1442 2784 na
1476 2735 1893 2802 pollicebantur,'
1928 2737 2003 2788 ait
2043 2738 2253 2788 Florus:
2291 2737 2435 2802 apud

1373 2827 1530 2878 quem
1553 2814 1604 2863 in
1629 2814 1844 2880 scriptis
1859 2808 2237 2880 exemplaribus
2253 2814 2437 2864 Juven-

1331 2888 1339 2894 ’
1372 2894 1451 2940 tas
1493 2899 1596 2947 est,
1632 2905 1736 2941 non
1773 2893 2030 2957 Juventus,
2077 2899 2168 2942 aut
2205 2890 2437 2942 διηνεκέα.

1372 2967 1444 3018 Et
1480 2981 1667 3018 revera
1694 2966 1869 3020 Acron
1906 2971 1959 3019 in
2010 2968 2230 3033 primum
2261 2968 2437 3018 Hora-

1372 3043 1433 3093 tii
1486 3044 1691 3109 librum,
1726 3044 1832 3098 Od.
1862 3049 1945 3098 30.
2002 3047 2311 3097 annuentem
2358 3046 2435 3098 ait

1372 3123 1544 3173 Deam
1588 3137 1720 3189 esse,
1755 3124 2015 3176 Juveutam
2045 3139 2169 3175 vero
2203 3130 2438 3189 aetatem,

1373 3206 1509 3251 teste
1532 3200 1747 3250 vineto.
1817 3200 1918 3250 His
1941 3200 2142 3250 duobus
2179 3200 2291 3252 Diis
2328 3208 2434 3252 ter·

1371 3278 1497 3327 tium
1531 3278 1759 3328 Martem
1796 3277 1980 3341 adjicit
2020 3279 2088 3328 D.
2109 3277 2432 3338 Augustinus

1370 3352 1437 3404 de
1461 3353 1694 3404 civitate
1735 3353 1841 3402 Dei
1865 3353 1955 3403 lib.
1991 3366 2068 3402 ιν.
2092 3367 2139 3402 c.
2163 3357 2247 3403 24.
2272 3359 2433 3418 atque

1368 3431 1435 3481 ad
1480 3432 1594 3482 baec
1647 3436 1890 3497 portenta
1924 3429 2156 3479 allusisse
2201 3428 2436 3478 creditur

1369 3512 1624 3579 Virgilius
1658 3511 1749 3561 nbi
1773 3510 1921 3576 dicit,
1953 3518 1971 3544 ⁸
1995 3509 2222 3576 Capitoli
2254 3509 2434 3559 immo-

1369 3588 1476 3639 bile
1498 3578 1736 3638 saxum.’'
1767 3577 1778 3605 ²

1436 3663 1464 3700 Β
1495 3666 1652 3730 Caput
1674 3662 1952 3728 humanum]
1977 3663 2150 3727 Caput
2171 3660 2299 3711 illud
2327 3660 2435 3711 Tota·

1371 3743 1638 3808 cujusdam
1657 3740 1834 3800 fuisse,
1849 3738 2310 3805 ⁴dictumqne'inde
2338 3738 2433 3818 Cu·

1365 3820 1609 3886 pitatium,
1629 3819 1888 3868 Arnobius
1906 3832 1970 3867 ex
1995 3824 2229 3866 veterum
2254 3826 2433 3865 monu-

1370 3899 1562 3949 mentis
1601 3895 1765 3948 refert
1800 3896 1892 3945 lib.
1915 3908 1996 3945 vr.
2021 3901 2206 3944 contra
2227 3894 2431 3957 gentes.

1371 3970 1571 4026 sei-ibit
1584 3981 1756 4024 autem
1770 3972 2066 4036 Dionysius,
2079 3969 2433 4021 fundamentis

1370 4052 1447 4107 ad,
1459 4061 1697 4114 magnam
1716 4047 2128 4114 profunditatem
2149 4047 2433 4113 perductis,

1371 4131 1635 4180 lnventum
1677 4134 1838 4201 caput
1878 4125 2005 4177 illud
2066 4127 2227 4177 occisi
2272 4125 2431 4191 paulo

1370 4213 1531 4258 antea
1549 4205 1791 4270 hominis,
1811 4205 1931 4255 vivo
1955 4204 2233 4272 persimile,
2262 4210 2320 4259 et
2343 4201 2433 4252 ad·

1369 4285 1469 4338 buc
1512 4285 1712 4339 recenti
1750 4284 2000 4355 sanguine
2036 4296 2287 4338 manans:
2332 4295 2431 4348 quo
