3034 4925
581 365 713 434 596
1529 381 1599 429 τ.
1645 380 1843 429 mvn

583 548 712 593 sex
763 545 1031 593 menses
1077 529 1375 610 accepta,
1421 543 1500 589 se
1551 524 1912 590 abdicavit.
2000 523 2133 589 Per
2184 543 2308 589 eos
2360 523 2515 588 dies
2564 523 2809 588 consul

585 629 880 695 Nautius
922 628 1009 694 ad
1051 628 1317 692 Eretum
1350 646 1503 691 cum
1534 626 1804 691 Sabinis
1830 626 2092 710 egregie
2128 631 2410 712 pugnat.
2504 625 2630 690 Ad
2657 646 2807 690 vas·

583 736 763 797 tatos
809 750 1000 814 agros
1043 750 1126 796 ea
1168 749 1437 814 quoqne
1475 728 1711 793 clades
1752 729 2052 794 accessit
2081 729 2390 795 Sabinis,
2484 728 2805 793 Minucio

587 832 845 898 Fabius
890 832 1178 912 Quintus
1223 839 1615 897 successor³
1663 831 1731 895 in
1759 829 2082 914 Algidum
2108 831 2384 896 missus.
2480 831 2803 895 Extremo

590 955 762 1000 anno
807 937 1131 1019 agitatum
1173 934 1258 998 de
1285 933 1430 1017 Iege
1460 935 1550 998 ab
1582 933 1866 1023 tribunis
1900 941 2034 998 est.
2121 934 2281 1011 Sed,
2312 933 2496 1017 quia,
2521 933 2667 998 duo
2693 951 2803 997 ex-

590 1038 841 1102 ercitus
883 1039 1178 1114 aberant,
1206 1055 1291 1100 ne
1330 1035 1492 1121 quid
1524 1036 1802 1101 ferretur
1829 1036 1917 1100 ad
1949 1035 2294 1123 populum,
2323 1036 2597 1100 Patres
2629 1046 2804 1099 tenn-

589 1153 753 1207 ere!
836 1142 1087 1206 Plebes
1130 1140 1316 1217 vicit,
1345 1146 1423 1207 ut
1465 1140 1775 1224 quintum
1819 1142 2097 1206 eosdem
2132 1142 2440 1206 tribunos
2485 1145 2805 1205 crearent.

594 1243 829 1329 Lupos
873 1245 1060 1309 visos
1106 1243 1176 1307 in
1229 1241 1572 1326 Capitolio
1594 1238 1621 1278 ¹²
1672 1243 1889 1307 ferunt
1933 1264 1976 1308 a
2020 1244 2302 1309 canibus
2350 1242 2683 1324 fugatos;
2724 1243 2802 1306 ob

589 1344 664 1409 id
706 1347 1073 1431 prodigium
1126 1347 1473 1410 lustratum
1521 1346 1930 1429 Capitolium
1982 1364 2160 1430 esse.
2248 1345 2438 1411 Haec
2495 1365 2589 1410 eo
2636 1362 2804 1409 anno

598 1455 805 1530 gesta.

681 1550 790 1615 30.
836 1551 1216 1635 Sequuntur
1242 1551 1560 1615 consules
1592 1548 1682 1628 Q.
1713 1549 2085 1628 MinuciuS‚
2115 1549 2197 1616 C.
2219 1541 2619 1614 Horatius⁴
2654 1550 2804 1614 Pul·

599 1653 847 1717 villus?
936 1654 1145 1739 Cujus
1186 1653 1379 1718 initio
1421 1653 1582 1717 anni
1615 1672 1766 1717 cum
1793 1653 1957 1718 foris
1987 1654 2195 1718 otium
2224 1660 2441 1730 esset,
2473 1651 2672 1717 domi
2711 1672 2804 1716 se-

602 1754 893 1819 ditiones
920 1755 1143 1842 ‚iidem
1189 1756 1461 1833 tribuni,
1506 1754 1741 1820 eadem
1790 1756 1908 1820 lex
1960 1754 2274 1819 faciebat.
2367 1753 2804 1837 Ulteriusque

571 1865 874 1924 ··ventum
902 1856 1088 1936 foret,
1130 1855 1336 1943 (adeo
1381 1866 1770 1924 exarserant
1813 1855 2154 1941 animiS,)⁵
2197 1858 2293 1934 ni,
2335 1857 2547 1924 velut
2593 1856 2804 1922 dedita

593 1980 833 2045 opera,
863 1969 1195 2026 nocturno
1226 1962 1484 2046 impetu
1516 1963 1887 2046 AEquorum
1917 1959 2254 2026 Corbione
2278 1961 2620 2025 amissum
2650 1979 2802 2044 prae·

606 2063 850 2130 sidium
893 2064 1265 2130 nuntiatum
1309 2073 1520 2158 esset.
1605 2066 1924 2129 Senatum
1967 2064 2284 2129 consules
2323 2069 2606 2128 vocant.
2691 2062 2802 2127 Ju-

604 2168 847 2233 bentur
898 2166 1290 2231 subitarium
1340 2168 1626 2232 scribere
1675 2166 2062 2245 exercitum,
2110 2175 2314 2252 atque
2362 2167 2439 2231 in
2492 2164 2801 2249 Algidum

608 2268 870 2333 ducere.
960 2268 1151 2347 Inde,
1182 2270 1407 2353 posito
1435 2269 1602 2351 legis
1623 2269 2008 2345 certamine,
2029 2289 2202 2335 nova
2230 2270 2316 2335 de
2347 2268 2628 2333 delectu
2658 2286 2800 2332 con·

603 2371 814 2439 ‘tentio
844 2368 1041 2435 orta.⁶
1124 2369 1675 2455 vincebaturque
1701 2371 2051 2437 consulare
2073 2372 2424 2455 imperium
2448 2369 2803 2435 tribunicio

612 2475 1072 2551 auxilio,‘cum
1100 2475 1274 2541 alius
1304 2475 1572 2541 additur
1600 2480 1838 2540 terror:
1884 2475 2203 2540 Sabinum
2229 2474 2619 2539 exercitum
2645 2493 2803 2557 prae·

610 2575 840 2640 datum
890 2577 1314 2644 descendisse
1357 2581 1426 2643 in
1466 2599 1660 2662 agros
1692 2577 2059 2658 RomanoS,
2088 2578 2242 2643 inde
2273 2576 2361 2642 ad
2394 2577 2659 2642 Urbem
2700 2596 2804 2640 ve-

525 2732 528 2737 .
607 2678 775 2742 nire.
865 2679 937 2743 Is
984 2689 1202 2746 metus
1247 2679 1627 2767 perpulit,⁷¹
1674 2688 1746 2746 ut
1790 2683 1998 2746 scribi
2026 2681 2301 2746 militem
2331 2680 2597 2744 tribuni
2642 2680 2806 2745 sine·

612 2790 796 2865 rent;
840 2804 975 2858 non
1005 2787 1146 2850 sine
1180 2787 1493 2870 pactione
1524 2792 1765 2864 tamen,
1796 2793 1896 2865 ut,
1925 2784 2241 2869 quoniam
2271 2783 2416 2866 ipsi
2445 2783 2804 2866 quinquen-

613 2885 799 2950 nium
845 2888 1022 2953 elusi
1072 2900 1319 2970 essent,
1370 2909 1778 2974 parvumque
1823 2888 1896 2953 id
1945 2888 2130 2973 plebi
2175 2886 2578 2971 praesidium
2629 2885 2806 2962 foret,

678 3094 705 3118 ⁸
736 3086 939 3139 Senatus
959 3089 1161 3143 obtinuit
1183 3107 1243 3143 ue
1262 3094 1341 3146 lex
1361 3094 1461 3143 ullo
1481 3093 1608 3157 apud
1625 3093 1844 3156 populum
1853 3089 2090 3151 serretur.

1544 3237 1881 3260 “mnu“

682 3332 712 3379 2
748 3329 811 3380 In
835 3329 939 3379 Ms.
958 3330 1134 3382 Veith.
1156 3337 1236 3381 est
1273 3333 1406 3384 libroe
1422 3339 1596 3399 pondo,
1613 3343 1676 3387 et
1689 3352 1811 3385 mox
1846 3336 2094 3386 salutavit.
2094 3338 2190 3384 —3
2223 3333 2388 3396 Vulg.
2437 3332 2807 3383 fabium

616 3410 713 3445 sor.
775 3395 893 3445 Vet.
916 3396 1006 3446 lib.
1033 3413 1115 3460 ap.
1140 3397 1311 3459 Sigon.
1352 3401 1415 3460 Q.
1440 3402 1621 3451 Fabius
1639 3417 1887 3451 successor.

681 3463 713 3509 4
745 3461 900 3525 Vulg.
935 3463 1011 3514 M.
1031 3462 1283 3515 Horatius.
1285 3471 1379 3515 —5
1413 3465 1584 3516 Animi
1616 3467 1847 3517 Gronov.
1881 3465 2092 3533 Doujat.
2130 3464 2364 3515 Crevier.
2368 3466 2469 3512 -6
2507 3463 2706 3515 Eur-ta
2734 3460 2806 3511 iid.

1612 3611 1825 3662 NOTAE

620 3674 913 3774 quicquam,
932 3708 1174 3758 hortante
1206 3711 1435 3775 quamvis
1459 3711 1677 3775 Senatu,
1823 3710 1854 3741 ⁴¹*
1879 3708 1941 3759 A.
1962 3704 2031 3759 U.
2055 3708 2117 3758 C.
2137 3712 2251 3760 296.

620 3785 718 3835 sibi
758 3798 960 3834 sumere
1004 3786 1246 3849 voluerit,
1291 3795 1503 3837 auctore
1548 3788 1676 3855 Dio-
1822 3786 1834 3819 ¹
1866 3787 1920 3836 Is
1955 3789 2105 3834 metus
2134 3780 2369 3849 perpulit]
2396 3782 2490 3833 Sic
2528 3783 2664 3847 legit
2691 3783 2808 3832 Gro-

619 3861 789 3923 nysio.
1758 3878 1877 3914 nov.
1899 3877 1996 3911 non
2017 3861 2240 3924 perculit,
2258 3866 2315 3909 et
2333 3861 2545 3923 melius,
2561 3867 2622 3909 ut
2636 3859 2809 3909 infr-se.

687 3935 712 3969 Β
745 3938 905 4000 Lupos
923 3939 1046 3991 visos
1076 3938 1127 3988 in
1152 3938 1409 4004 Capitolio]
1444 3940 1678 4005 Inauspi·
1758 3945 1841 3993 38.
1875 3939 1891 3966 ‘
1907 3939 1960 3989 Is
1984 3953 2144 4002 pavor
2168 3937 2400 4001 perpulit
2425 3935 2749 3987 decemviros
2759 3943 2809 3984 ut

624 4017 771 4060 catus
791 4012 1083 4067 habebatur
1105 4025 1415 4080 conspectus
1441 4019 1681 4081 luporum
1758 4018 2003 4067 Senatum
2038 4012 2408 4063 consulerent?
2473 4014 2695 4063 Per-cello
2723 4022 2808 4069 est.

623 4085 763 4135 intra
779 4088 993 4154 Urbem,
1025 4097 1114 4141 aut
1136 4100 1325 4150 castra,
1352 4088 1407 4142 et
1438 4091 1681 4158 frequen·
1756 4094 2028 4158 perturbo,
2065 4089 2276 4154 affligo.
2325 4091 2540 4154 pes-pello
2583 4096 2686 4151 est,
2719 4087 2808 4137 sdi-

625 4163 700 4211 tia
740 4161 1026 4214 bominibus
1070 4167 1220 4229 loca3
1254 4183 1560 4239 semperque
1599 4186 1681 4222 so·
1762 4185 1863 4237 ξος
1896 4169 2031 4237 quod
2053 4167 2290 4223 hocloco
2313 4165 2481 4235 magis
2504 4164 2758 4221 convenit.

625 4239 770 4297 lenui
786 4238 1085 4293 lustratione
1108 4245 1433 4312 expiabatur.
