3034 4925
1092 341 1241 391 mu.
1293 342 1375 391 11.
1423 343 1585 390 ese.
1632 327 1739 391 42.
2384 330 2518 426 46³3

294 512 488 581 esse,
543 500 614 560 et
672 493 1091 578 inscriptum,
1147 510 1244 560 Ex
1307 509 1567 560 osseis
1632 507 1955 560 umus
1995 512 2302 561 DATUM.
2405 498 2519 564 In-

302 595 509 660 venio
549 595 728 679 apud
773 595 1125 680 quosdam,
1155 596 1359 684 idque
1403 597 1686 683 propius
1726 596 2044 663 fidem¹¹⁰
2087 607 2216 677 est,
2250 619 2292 666 a
2336 620 2516 685 quae-

298 699 608 782 storibus
655 697 748 764 Κ.
781 698 1117 765 Fabium
1156 709 1227 765 et
1273 700 1354 766 L.
1386 700 1664 766 Valerio
1706 702 1879 766 diem
1922 701 2173 767 dictam
2214 702 2516 787 perduel-

295 798 535 877 lionis»,
567 800 1090 887 damnatumque
1123 805 1360 890 populi
1380 804 1683 888 jud-icio:
1730 805 1981 870 dirutas
2011 804 2282 888 publice
2312 805 2515 871 aedes·

296 899 418 968 Ea
475 907 578 972 est
637 923 799 971 area
855 913 1006 971 ante
1064 906 1356 972 Telluris
1419 906 1656 972 aedem.
1776 906 2086 973 Ceterum
2148 906 2290 971 sive
2347 905 2520 972 illud

293 1003 765 1085 domesticum,
816 1009 959 1073 sive
1004 1009 1345 1092 publicum
1394 1009 1523 1074 fuit
1557 1008 1920 1094 judicium,
1975 1008 2323 1074 damnatur
2370 1008 2517 1074 Ser.

296 1103 644 1188 Cornelio,
677 1108 763 1188 Q.
800 1109 1014 1176 Fabio
1042 1099 1484 1175 consulibus!

395 1208 507 1274 42.
552 1209 761 1276 Haud
791 1212 1102 1278 diuturna
1132 1213 1233 1277 ira
1260 1213 1498 1297 populi
1528 1212 1604 1278 in
1625 1211 1936 1279 Cassium
1959 1213 2118 1278 fuit.
2201 1212 2513 1279 Dulcedo

294 1314 590 1395 agrariae
632 1313 802 1398 legis
839 1316 994 1400 ipsa
1037 1337 1153 1400 per
1195 1336 1292 1396 se,
1321 1316 1545 1381 demto
1587 1321 1884 1394 auctore,
1918 1316 2192 1382 subibat
2219 1315 2517 1382 animos:

295 1403 728 1506 accensaque
785 1438 865 1484 ea
919 1419 1257 1505 cupiditas
1312 1427 1418 1483 est
1472 1420 1890 1504 malignitate
1951 1419 2232 1486 Patrum
2256 1439 2273 1500 ;
2293 1426 2317 1453 ⁸
2377 1419 2516 1504 qui,

1225 1584 1585 1609 ΟΟΌΟΟΜΟΜ

294 1684 426 1730 ret:
460 1680 513 1729 in
533 1682 958 1734 animishminum
980 1686 1335 1750 respuebantur.
1398 1688 1496 1738 Ubi
1527 1687 1752 1752 primum,
1781 1685 1881 1750 Effe?
1915 1685 2209 1738 Idemi-ll
2250 1684 2335 1735 Al.
2370 1683 2513 1750 fidei·

296 1748 442 1795 -12
478 1747 672 1797 Coesone
693 1749 847 1800 Fabio
870 1751 1102 1801 Gronov.
1137 1753 1350 1817 Doujat.
1374 1754 1607 1804 Crevier.

1303 1914 1351 1964 N
1360 1913 1520 1966 01·AE

296 2002 471 2054 fixisse
493 2005 614 2057 vitm
643 2014 699 2055 et
720 2006 866 2058 necis
888 2008 940 2058 in
964 2008 1170 2060 liberos.
1235 2010 1371 2061 Vide

1452 2012 1677 2076 speratis
1700 2012 1768 2061 ab
1785 2026 2095 2077 unoquoque
2114 2011 2357 2076 privatim
2375 2025 2516 2060 com·

298 2083 601 2147 exemplum
618 2083 668 2132 in
685 2084 901 2136 Senecae
919 2084 1010 2135 lib.
1028 2085 1095 2137 de
1112 2086 1370 2138 clement.
1681 2076 1688 2088 ’

1453 2087 1619 2138 modis
1660 2096 1851 2150 motus,
1897 2089 2115 2152 populus
2160 2102 2274 2136 eum
2325 2086 2515 2150 capitis

299 2173 356 2210 c.
383 2165 460 2210 16.
491 2161 547 2209 J.
573 2162 808 2211 ctericus.
860 2217 865 2220 ,

372 2244 398 2270 “
431 2236 582 2301 quue
597 2240 793 2301 propius
816 2237 994 2304 fidens]
1032 2240 1138 2290 Cur
1160 2237 1371 2303 publico

299 2326 460 2377 quam
477 2313 677 2376 privato
683 2314 885 2377 judicio
902 2315 1196 2365 damnatum
1210 2315 1370 2366 fuisse

300 2390 543 2440 Cassium
578 2392 918 2442 verosimilius
947 2394 1035 2456 sit,
1054 2394 1184 2443 hauc
1209 2393 1373 2457 inpri-

302 2471 405 2519 mis
449 2469 699 2520 rationem
734 2469 891 2522 affert
932 2472 1200 2522 Halicarn·
1234 2471 1370 2537 quod

303 2560 428 2596 cum
458 2545 552 2597 filii
590 2548 740 2604 bona,
764 2549 873 2599 sive
909 2549 1167 2613 peculium
1192 2551 1256 2599 ad
1280 2565 1371 2614 pa·

302 2627 444 2672 trem
472 2624 774 2687 pertineret,
805 2640 985 2687 parum
1004 2625 1253 2675 credibile
1269 2631 1370 2684 est,

303 2707 363 2750 et
381 2699 646 2765 publicata
661 2718 691 2752 a
709 2712 859 2767 patre
877 2703 1028 2760 bona,
1043 2704 1369 2768 dirutumque

304 2775 532 2842 domum,
556 2785 610 2828 et
641 2793 791 2828 oereoe
821 2786 1006 2830 statuoe
1028 2781 1369 2845 inscriptione

302 2866 663 2906 consecratam
686 2858 795 2922 ejus
818 2860 888 2908 rei
913 2858 1224 2908 memoriam.

373 2939 401 2966 ¹
434 2931 768 2999 K-[Coesone]
785 2934 956 2998 Fabio]
989 2936 1056 2987 Q.
1077 2935 1229 2985 Fabii
1252 2936 1370 2986 novi

305 3010 531 3060 consulis
564 3010 749 3074 frater,
782 3012 933 3063 Caeso
963 3013 1175 3077 Fabius,
1212 3020 1267 3064 et
1303 3014 1367 3064 L.

269 3084 278 3093 '
305 3087 573 3149 Valerius,
605 3089 891 3152 Poplicolae
927 3103 1114 3153 nepos,
1144 3097 1369 3155 quaesto·

307 3177 410 3227 res,
431 3164 518 3227 Sp.
542 3165 774 3214 Cassium
798 3163 1057 3216 affectatae
1082 3166 1368 3230 tyrannidis

310 3248 638 3303 accusarunt,
677 3241 817 3306 quod
853 3243 1067 3306 gratiam
1103 3242 1367 3292 dividendi

308 3318 510 3369 civibus
559 3319 686 3384 agri,
722 3333 837 3384 quae
875 3318 1091 3369 Senatui
1128 3321 1370 3370 universo

307 3395 592 3449 communis
611 3409 725 3444 esse
747 3394 1017 3451 debuerat,
1033 3395 1131 3445 sibi
1152 3395 1240 3445 uni
1261 3394 1371 3444 vin-

312 3458 510 3532 di‘csre,
551 3483 768 3535 eamque
808 3485 925 3521 cum
964 3471 1115 3521 sociis
1167 3471 1372 3535 populis

308 3546 754 3609 communicando,
777 3547 828 3597 in
864 3549 1093 3612 speciem
1129 3548 1373 3598 Romanis

309 3630 595 3685 ostentare,
630 3638 688 3673 re
723 3626 836 3688 ipsa
857 3622 1083 3680 auferre,
1105 3623 1373 3673 voluisset.

312 3702 412 3754 His
446 3699 777 3766 adjiciebant,
804 3700 942 3765 qnod
979 3700 1192 3765 propius
1222 3713 1372 3765 urge·

310 3780 421 3836 bat,
445 3779 724 3829 accersitos
764 3778 817 3827 in
839 3777 1035 3827 Urbem
1060 3779 1268 3828 Latinos
1294 3784 1373 3827 at-

312 3869 412 3921 que
446 3854 735 3915 Hernicos3
776 3868 1058 3918 eorumque
1091 3853 1371 3903 audacissi-

312 3933 407 3983 mis
431 3933 678 3995 pecunias
716 3936 773 3979 et
804 3944 946 3979 arma
967 3929 1373 3982 subministrata.

314 4009 506 4065 Quare,
523 4021 619 4056 nec
634 4006 1022 4070 ejunneditatis
1035 4006 1373 4064 orationibus,

313 4091 405 4135 aut
427 4083 693 4149 praeclaris
718 4080 1056 4138 facinoribus,
1091 4096 1189 4132 nec
1223 4081 1374 4133 fami·

313 4163 396 4212 liae
430 4161 810 4222 amicorumque
840 4173 902 4209 ac
936 4157 1216 4209 liberorum
1251 4173 1374 4224 snp-

313 4238 504 4307 plicum
536 4240 756 4301 aspectu
792 4241 849 4286 et
879 4235 1141 4302 precibus,
1175 4251 1238 4288 ac
1273 4250 1372 4289 nec

1451 2164 1753 2215 damnavit:
1791 2172 1990 2215 tantum
2026 2165 2194 2214 inerat
2231 2161 2514 2228 tyrannidis

1450 2242 1642 2292 odium.
1718 2242 2010 2307 Statimque
2035 2248 2259 2305 ‘peracto
2289 2238 2516 2303 judicio,

1451 2319 1504 2368 in
1530 2333 1706 2382 rupem
1728 2318 2003 2381 Tarpeiam
2026 2316 2139 2365 foro
2160 2316 2513 2365 imminentem

1452 2394 1638 2445 ductus
1659 2410 1688 2444 a
1711 2395 2075 2459 quaestoribus,
2097 2408 2157 2443 ac
2180 2399 2292 2442 toto
2312 2394 2515 2456 inspec-

1452 2478 1599 2523 tante
1635 2472 1833 2552 populo
1867 2471 1918 2520 in
1955 2484 2190 2534 praeceps
2226 2468 2378 2518 datus
2413 2475 2513 2517 est.

1452 2549 1528 2600 At
1559 2550 1674 2614 ejus
1708 2550 1758 2598 in
1793 2549 1922 2598 filios
1953 2562 2155 2612 poeuam
2191 2547 2406 2611 produci
2440 2545 2513 2594 ni·

1452 2626 1547 2675 mis
1563 2626 1891 2674 inhumanum
1906 2624 2122 2673 Senatui
2136 2624 2312 2672 visum.
2344 2622 2513 2671 Porro

1450 2705 1718 2754 Caesonem
1734 2703 1971 2765 Sigonius
1988 2716 2090 2765 pra=
2100 2715 2282 2750 nomen
2299 2713 2414 2749 esse
2429 2698 2515 2747 ob·

1448 2786 1627 2830 servat
1659 2795 1725 2828 ex
1762 2780 1948 2840 Fastis,
1968 2788 2019 2826 et
2054 2779 2202 2827 litera
2223 2778 2282 2826 K
2308 2775 2511 2825 notari:

1449 2857 1704 2908 falluntur
1726 2870 1870 2921 ergo,
1894 2855 1982 2921 qni
2006 2855 2079 2904 K.
2108 2853 2311 2905 Fabium
2330 2852 2514 2916 legunt

1453 2935 1626 2984 Caium
1649 2934 1864 2984 Fabium.

1514 3021 1538 3057 5
1572 3012 1680 3062 Ser.
1713 3013 1859 3060 Corn.
1885 3010 1949 3066 Q.
1971 3007 2122 3059 Fabio
2143 3005 2285 3068 cosm]
2320 3006 2388 3057 Q.
2413 3005 2513 3054 Fa·

1450 3088 1566 3138 bins
1618 3087 1903 3137 Vibulanus
1963 3087 2148 3135 iterum
2199 3091 2255 3134 et
2303 3082 2513 3132 Servius

1451 3164 1725 3215 Cornelius
1771 3164 1963 3213 Cossus
2015 3161 2337 3210 consulatum
2389 3158 2514 3207 inie-

1451 3248 1571 3291 runt
1594 3254 1676 3290 sn.
1698 3239 1767 3289 U.
1790 3239 1851 3290 C.
1874 3242 1989 3289 268.
2055 3238 2162 3287 Pro
2194 3236 2381 3296 Servio,
2402 3236 2513 3302 qui·

1451 3319 1569 3368 dam
1609 3317 1854 3380 Sergium,
1885 3317 1973 3365 alii
2004 3314 2265 3364 Servilium
2297 3314 2514 3377 legunt;

1452 3411 1569 3461 quae
1606 3395 1818 3444 nomina
1854 3398 1995 3454 sunt,
2030 3404 2132 3440 non
2174 3389 2514 3453 praenomins,

1453 3482 1511 3523 ut
1542 3480 1689 3524 notat
1724 3472 1872 3522 Glar.
1904 3469 2051 3520 Cossi
2087 3467 2397 3517 dicebantur
2425 3468 2512 3515 bo·

1451 3549 1616 3598 mines
1665 3547 1861 3612 rugosi,
1895 3561 1925 3596 a
1967 3544 2302 3594 similitudine
2340 3558 2512 3593 cosso·

1452 3640 1587 3688 rum,
1623 3624 1708 3689 qui
1743 3636 1944 3673 vermes
1977 3628 2101 3671 sunt
2133 3621 2297 3681 obesi,
2318 3635 2384 3669 ex
2420 3622 2513 3686 lig·

1452 3716 1636 3752 norum
1674 3700 1816 3750 carie
1859 3698 1986 3748 editi
2008 3714 2024 3757 ;
2074 3712 2203 3762 qnos
2240 3697 2512 3761 aliquando

1452 3779 1657 3829 luxuria
1710 3776 1830 3825 cibo
1876 3773 2130 3838 adhibuit,
2172 3772 2305 3821 adeo
2359 3783 2419 3822 ut
2458 3774 2512 3824 in

1454 3855 1654 3919 magnis
1687 3850 1946 3902 reditibus
1984 3863 2016 3898 a
2057 3847 2514 3912 patribusfamilias

1452 3931 1505 3981 hi
1543 3944 1741 3981 vermes
1776 3928 1828 3978 iu
1858 3928 2030 3977 Ponto
2050 3935 2104 3977 et
2122 3927 2358 3991 Phrygia
2372 3943 2513 3980 com·

1454 4013 1783 4072 putarentur,
1805 4004 2020 4055 testibus
2055 4003 2225 4054 Plinio
2258 4005 2349 4054 lib.
2371 4019 2513 4055 ινιτ.

1454 4100 1573 4149 cap.
1594 4088 1676 4134 24.
1700 4091 1755 4134 et
1776 4083 1844 4134 D.
1868 4080 2187 4146 Hieronymo
2216 4090 2398 4135 monti-a
2421 4081 2513 4133 Jo-

1454 4161 1736 4212 vinianum.

1517 4246 1541 4272 ²
1572 4227 1890 4299 Malignitate
1920 4208 2309 4299 Putrmjpost
2346 4234 2510 4285 Cassii
