3034 4925
539 319 695 419 '154
1409 355 1733 410 'runnu

547 528 781 601 agatur.
861 514 983 578 Sed
1025 513 1346 581 rebellione
1390 515 1642 583 militum
1668 524 1799 578 orta
1823 513 1889 591 in
1917 513 2087 598 Syria
2110 512 2401 577 occiditur
2428 533 2562 576 cum
2587 513 2733 580 filio.

548 618 782 690 Maesae,
829 612 1015 676 sorori
1047 611 1229 672 Juliae
1276 612 1553 674 Dominoe
1586 613 1902 693 Augustae,
1943 612 2144 673 uxoris
2188 612 2411 685 Severi,
2465 623 2526 673 et
2572 611 2737 673 Julio

545 714 723 778 Avito
769 719 938 773 erant
975 708 1112 771 duae
1152 709 1312 784 filiae,
1367 728 1616 790 quarum
1657 709 1843 790 major
1894 710 2163 784 Soaemis,
2211 708 2390 770 Vario
2446 709 2736 771 Marcello

544 821 752 892 nupta,
798 808 1058 882 Avitum,
1101 806 1310 881 minor,
1357 807 1701 882 Mammaea,
1748 827 1896 870 uxor
1924 806 2122 867 Gessii
2151 806 2463 880 Marciani,
2493 806 2733 868 Bassia·

544 929 687 974 num
728 914 1054 988 pepererat.
1137 906 1252 964 Hic
1294 915 1506 985 postea
1553 905 1750 967 dictus
1796 914 1891 966 est
1917 904 2255 966 Alexander
2301 906 2576 979 Severus,
2611 904 2732 977 ille,

542 1008 646 1090 qui
674 1002 1001 1066 Caracallus
1041 1002 1392 1065 credebatur
1435 1002 1617 1079 filius,
1658 1012 1720 1065 et
1746 1002 2057 1085 Elagabali
2090 1003 2204 1066 Dei
2232 1001 2420 1083 Syriae
2451 999 2730 1065 sacerdos

544 1107 774 1167 Emesae
801 1111 950 1172 erat,

891 1280 1184 1340 218-222.
1228 1279 1327 1339 M.
1358 1276 1648 1338 Aurelius
1673 1275 2030 1339 Antoninus
2060 1275 2370 1360 Elagabal

533 1428 587 1471 s.
626 1407 1074 1489 Heliogabalus,
1100 1427 1248 1489 puer
1272 1406 1421 1467 avim
1449 1405 1768 1485 matrisque
1795 1407 2031 1481 virtute,
2061 1407 2284 1469 artibus
2313 1418 2372 1471 et
2417 1405 2733 1486 largitione

536 1525 573 1567 a
600 1507 878 1566 militibus
902 1506 1092 1566 lectus
1123 1506 1465 1584 Imperator,
1496 1503 1599 1583 qui
1625 1502 1803 1565 etiam
1830 1504 2352 1566 Pseudantoninus
2387 1514 2450 1566 et
2489 1514 2730 1585 propter

530 1601 806 1665 libidines
835 1599 1205 1683 Sardanapal
1249 1598 1584 1682 appellatus
1622 1601 2060 1675 est.——Nestor,
2089 1602 2308 1663 Fabius
2335 1600 2730 1681 Agrippinas,

533 1698 730 1771 Picas‚
763 1698 1053 1771 Rhianus,
1083 1697 1373 1759 Claudius
1400 1698 1664 1771 Attalus,
1708 1698 2073 1774 Triccianus,
2099 1700 2286 1781 Sylla,
2315 1698 2487 1760 Seius
2519 1696 2726 1769 Caius,

529 1796 883 1857 Valerianus
925 1795 1151 1871 Paetus,
1196 1794 1392 1857 Silius'
1419 1795 1707 1870 Messala,
1758 1796 2118 1877 Pomponius
2168 1796 2417 1870 Bassus,
2448 1795 2725 1876 Gannys,

531 1893 818 1974 Principis
867 1905 1214 1975 proeceptor,
1240 1893 1337 1955 cui
1381 1893 1689 1974 imperium
1735 1893 1835 1954 ille
1870 1893 2149 1967 debebat,
2179 1894 2371 1954 Verus
2393 1903 2454 1954 et
2485 1890 2725 1951 Gellius

526 1988 824 2050 Maximus
861 1989 1313 2052 interficiuntur.
1400 1990 1692 2069 Elagabal
1729 1990 1796 2050 fit
1824 2009 2118 2051 summum
2161 1991 2563 2050 Romanorum
2611 2006 2732 2048 nu·-
2798 2025 2803 2032 -

526 2106 684 2162 men,
713 2095 775 2147 et
816 2085 1139 2167 Imperator
1166 2088 1294 2170 ejus
1325 2088 1626 2149 sacerdos.
1711 2079 2093 2148 Cir'cumcisio
2122 2087 2412 2168 Principis
2443 2086 2729 2150 aliorum·

527 2203 664 2265 que,
708 2183 1018 2263 aurigatio,
1061 2184 1436 2265 saltatioque.
1523 2183 1799 2245 Potentia
1840 2185 2194 2266 Eutychiani
2242 2204 2293 2246 s.
2345 2184 2728 2263 Comazonis,

526 2279 819 2341 Hieroclis
847 2289 910 2340 et
934 2281 1159 2342 Aurelii
1188 2280 1425 2342 Eubuli.
1515 2284 1656 2344 220.
1699 2281 2023 2344 Athenaeus
2053 2303 2072 2352 ;
2111 2280 2460 2362 Ammon-ius
2491 2283 2721 2345 Saccas

520 2378 737 2462 philos.
795 2376 1196 2442 Tertullianus
1257 2379 1405 2441 obit.
1517 2378 1805 2441 Solinus?
1899 2379 2027 2442 Jul.
2081 2377 2473 2460 Obsequens?
2576 2383 2727 2442 221.

519 2476 861 2541 Alexander
907 2478 1301 2543 consobrinus
1350 2477 1643 2559 Principis
1689 2484 1773 2557 (v.
1820 2477 1898 2539 ad
1949 2497 2004 2540 a.
2060 2481 2231 2558 218.)
2291 2479 2366 2539 ab
2410 2496 2483 2539 eo
2532 2477 2726 2561 adop-

522 2584 701 2639 tatur.

1146 2703 1437 2764 222-235.
1482 2702 1827 2765 Alexander
1849 2704 2110 2777 Severus,

519 2814 621 2895 qui
661 2814 909 2876 consilia
963 2816 1299 2877 Mammoeae
1348 2815 1555 2876 matris
1590 2827 1653 2877 et
1698 2816 1940 2877 Domitii
1992 2817 2253 2898 Ulpiani,
2280 2815 2395 2877 JC.
2426 2835 2500 2877 ac
2544 2814 2722 2897 praef.

515 2922 687 2994 praet.
716 2907 958 2973 secutus
984 2914 1137 2973 bene
1179 2923 1410 2992 regnat,
1441 2912 1549 2974 sed
1586 2914 1759 2974 nimis
1805 2914 2079 2995 indulget
2113 2913 2373 2974 avaritias
2409 2911 2616 2972 matris
2657 2923 2727 2973 et

519 3007 865 3070 dominandi
909 3008 1240 3088 cupiditati.
1321 3011 1464 3070 225.
1529 3009 1821 3071 Claudius
1876 3011 2162 3073 AElianus.
2264 3011 2561 3071 226-241.
2601 3008 2721 3068 Ar-

493 3098 789 3165 'taxerxes
821 3125 867 3166 1.
911 3104 1223 3182 (Ardschir
1251 3125 1300 3166 s.
1332 3105 1686 3166 Sassanides
1718 3109 1795 3185 1.)
1837 3108 1940 3191 qui
1985 3127 2170 3189 regno
2199 3107 2476 3167 Parthico
2505 3125 2720 3168 everso

513 3200 821 3265 Persicum
866 3201 1141 3274 restituit,
1189 3213 1252 3262 et
1309 3201 1760 3285 Mesopotamiae
1812 3205 2116 3286 Syriaeque
2171 3205 2454 3266 imminet.
2568 3205 2716 3265 228.

514 3296 807 3379 Ulpianus
847 3318 884 3358 a
927 3299 1293 3381 praetorianis
1345 3300 1600 3375 occisus,
1645 3312 1886 3363 auctore
1935 3301 2274 3385 Epagatho.
2388 3300 2531 3363 229.
2598 3298 2719 3361 Dio

516 3394 762 3456 Cassius
801 3414 928 3457 cos.
960 3414 1043 3456 11.
1072 3397 1173 3477 qui
1201 3396 1378 3479 paulo
1408 3408 1547 3479 post
1575 3399 1635 3458 in
1673 3399 1921 3478 patriam
1953 3407 2016 3459 et
2040 3398 2225 3459 otium
2265 3396 2439 3458 redit.
2521 3397 2717 3457 Cura-

513 3502 672 3554 tores
726 3493 901 3554 Urbis
950 3480 1098 3554 xrv.
1147 3513 1220 3554 ex
1269 3494 1679 3557 consularibus
1722 3495 1866 3557 facti
1908 3505 1970 3555 et
2016 3494 2254 3576 negotia
2305 3493 2532 3554 urbana
2574 3513 2718 3554 eum

512 3590 683 3672 proef.
725 3590 869 3652 Urbi
918 3599 1213 3652 curantes.
1318 3590 1595 3651 Praefecti
1637 3602 1809 3672 proet.
1849 3602 2153 3653 senatores
2202 3603 2265 3653 et
2308 3589 2433 3650 Viri
2489 3590 2718 3651 Claris-

513 3687 667 3752 simi.
747 3689 892 3748 230.
938 3686 1273 3748 Herennius
1305 3685 1680 3748 Modestinus
1709 3697 1771 3748 et
1796 3688 2183 3750 Terentianus
2206 3688 2475 3751 Maurus.
2562 3689 2718 3750 233-

517 3784 654 3845 305.
701 3783 1082 3866 Porphyrius.

1205 3916 1210 3923 '
1231 3911 1375 3971 235.
1404 3911 1553 3974 236.
1595 3911 1978 3976 Maximinus

513 4013 732 4090 Thrax,
759 4018 931 4098 cujus
958 4040 1141 4101 opera
1170 4022 1509 4085 Alexander
1531 4024 1593 4083 in
1620 4023 1870 4085 militum
1901 4023 2190 4086 seditione
2208 4040 2331 4083 una
2355 4042 2496 4085 cum
2519 4031 2716 4083 matre

509 4111 746 4175 occisus
772 4125 901 4179 erat
939 4117 1293 4198 Moguntiae,
1333 4121 1632 4201 flagitiose
1679 4130 1740 4181 et
1780 4120 2113 4182 crudeliter⁴
2139 4128 2369 4203 regnat,
2399 4129 2466 4180 et
2507 4119 2570 4180 in
2602 4138 2714 4201 op-

508 4213 873 4297 pugnatione
898 4214 1188 4298 Aquileiae
1205 4235 1244 4280 a
1263 4217 1546 4282 militibus
1577 4216 1704 4282 suis
1729 4217 2099 4302 opprimitur.
