3034 4925
88 858 108 881 ·
204 845 425 908 turba
454 843 817 923 Quiritium
859 841 1199 927 subjectos
1229 840 1370 905 fore
1398 840 1728 905 consulari
1759 840 2068 924 imperio.

2280 374 2411 443 577

200 536 294 604 id
328 538 619 605 comitiis
649 537 745 604 ibi
773 537 1225 620 abrogaretur.
1314 535 1561 600 Omnes
1587 535 1662 612 id
1677 534 2011 617 jussuros„
2042 533 2221 618 quod
2250 520 2408 601 con-

208 640 417 709 sules
443 640 729 707 vellent!
816 638 1060 722 Neque
1080 638 1255 703 enim
1277 636 1819 721 provocationem
1851 656 2002 702 esse
2033 637 2295 721 longius
2323 639 2410 704 ab

203 740 410 807 Urbe
437 742 616 806 mille
647 760 967 826 passuum
990 760 1007 805 :
1027 746 1054 776 ⁰
1098 747 1167 804 et
1196 739 1515 816 tribunos»,
1546 739 1608 803 si
1636 757 1721 804 eo
1746 737 2150 819 adveniant,¹’
2179 741 2248 805 in
2273 740 2410 806 alia

2072 839 2091 867 '
2175 842 2411 908 Terre-

201 948 391 1013 bant
416 947 595 1012 haec:
619 954 646 992 ‘¹
691 945 806 1009 sed
838 945 950 1010 ille
979 944 1315 1008 maximus
1346 951 1555 1008 terror
1582 944 1838 1008 animos
1865 943 2187 1027 agitabat,
2225 945 2406 1030 quod

207 1051 478 1133 saepius
524 1047 837 1126 Quintius
883 1047 1316 1122 dictitabat,¹⁴
1355 1045 1499 1113 .‘Se
1551 1045 1901 1110 consulum
1946 1047 2222 1113 comitia
2272 1066 2408 1115 non

204 1147 631 1215 habiturum.
721 1148 884 1214 Non
924 1149 1020 1213 ita
1062 1147 1400 1212 civitatem
1444 1165 1695 1229 aegram
1738 1166 1908 1223 esse,
1950 1155 2029 1212 ut
2065 1149 2407 1213 consuetis

205 1251 533 1319 remediis
574 1251 726 1317 sisti
764 1251 1022 1335 possit-⁴
1076 1250 1418 1314 Dictatore
1450 1268 1624 1331 opus
1655 1267 1806 1313 esse
1832 1248 1930 1313 rei
1953 1249 2268 1334 publicae,
2307 1258 2406 1328 ut,

208 1355 341 1438 qui
384 1373 455 1419 se
495 1353 777 1418 moverit
822 1352 908 1417 ad
958 1351 1429 1417 solicitandum
1480 1359 1727 1417 statum
1778 1350 2091 1431 civitatis),
2138 1352 2405 1429 sentiat,

989 388 1134 441 mn.
1180 390 1302 439 ιιι.
1346 392 1507 441 cnr.
1553 374 1659 441 21.

206 1456 369 1520 sine
403 1456 878 1539 provocatione
910 1456 1310 1520 dictaturam
1340 1453 1573 1520 esse-³.r

227 1616 238 1623 .
304 1557 437 1625 21..
460 1557 866 1623 Senatus.in
906 1555 1243 1640 Capitolio
1289 1563 1455 1621 erat.
1545 1555 1649 1621 Eo
1681 1555 1928 1621 tribuni
1964 1576 2117 1622 cum
2155 1563 2410 1641 pertur·

206 1660 381 1726 bata
407 1660 602 1744 plebe
632 1659 933 1724 veniunt.
1019 1656 1382 1724 Multitudo
1412 1658 1704 1723 clamore
1734 1657 2005 1742 ingenti,
2040 1678 2214 1724 nunc
2244 1679 2408 1724 con-

280 1833 305 1858 ''
338 1806 464 1875 Fore
479 1829 532 1874 ut
551 1827 708 1874 cuncti
729 1822 947 1889 quiequid
967 1825 1177 1876 consules
1196 1829 1420 1885 rogarent
1440 1825 1545 1886 lege
1565 1825 1819 1876 sancirent.

223 1910 240 1917 -
278 1897 301 1923 ⁸
334 1890 592 1940 Civitatem
608 1904 703 1940 noa
732 1893 847 1940 adeo
868 1890 965 1940 levi
998 1890 1157 1939 morbo
1187 1889 1420 1953 laborare,
1440 1895 1494 1938 at
1513 1891 1562 1940 ei
1580 1890 1898 1940 sustentanda
1918 1890 2180 1941 “munia
2201 1889 2406 1942 remedia

211 1954 479 2020 affictam

1138 2030 1232 2051 m

212 2130 410 2207 vendo)
432 2133 678 2193 exercitui,
698 2131 781 2182 vel
802 2134 861 2182 de

876 2131 1179 2194 perterrendo
1209 2136 1299 2181 aut

1448 2031 1505 2052 00

2359 2133 2406 2182 E

1317 2132 1633 2194 perturbando
1655 2131 1903 2183 exercitu!
1936 2132 2137 2197 Rupert
2142 2137 2334 2182 .⁴—14

210 2195 528 2261 quibusdam
550 2197 691 2248 libris
713 2195 851 2247 forte
891 2198 994 2260 leg.
1026 2195 1255 2259 dictabat,
1288 2204 1505 2261 propter
1529 2195 1763 2248 additum
1784 2196 1975 2261 sapias.
2040 2197 2403 2262 Frequentati·

1206 2325 1419 2378 NOTAE

215 2438 477 2491 Romanos
501 2439 626 2491 nihil
658 2438 769 2492 fere
789 2440 997 2505 majoris
1018 2438 1276 2506 quondam

213 2518 313 2574 rei.
354 2518 452 2567 nisi
488 2520 773 2583 auspicato,
796 2532 863 2569 ne
897 2517 1136 2582 privatim
1165 2517 1278 2583 qui·

218 2595 341 2644 dem
366 2595 679 2657 gerebatur-‚⁹

281 2678 309 2704 ⁶
343 2671 508 2734 Neque
520 2672 645 2721 enias
662 2670 1036 2735 mactationem
1053 2683 1153 2719 esse
1175 2670 1277 2719 lon·

207 2749 329 2811 gius
358 2748 419 2797 ab
443 2747 571 2799 Urbe
590 2748 720 2798 nius
736 2746 981 2811 ρωειωιι]
1033 2746 1098 2795 Ρ.
1119 2746 1276 2796 Vale·

213 2825 325 2874 rius
346 2808 617 2889 Poplicola
639 2838 721 2873 an.
745 2823 813 2873 U.
837 2823 899 2874 C.
920 2825 1039 2872 846.
1050 2822 1140 2885 jus
1154 2836 1277 2872 ceu-

214 2899 461 2951 stituerat
506 2898 824 2963 provocandi
857 2897 924 2948 ad
961 2897 1207 2963 populum
1245 2913 1277 2947 a

190 2974 533 3025 ‘consulibus-
598 2973 738 3025 Huic
771 2973 881 3038 juri
910 2987 1028 3023 cum
1060 2972 1277 3037 deroga·

213 3058 330 3101 tum
344 3050 529 3102 fnisset
542 3051 950 3102 decemvirorum
960 3066 1137 3117 causa,
1152 3066 1276 3102 con·

213 3126 461 3176 stitutum
495 3128 680 3178 iterum
717 3136 797 3178 est
832 3142 968 3178 anno
1003 3131 1119 3178 8⁰6.
1144 3143 1275 3180 coss.

217 3202 281 3253 L.
308 3203 513 3253 Valerio
545 3211 600 3254 et
629 3204 707 3254 Μ.
747 3204 988 3268 Horatio,
1019 3217 1083 3253 ne
1118 3218 1274 3269 quen·

212 3292 374 3345 quam
416 3280 795 3344 magistratum,
840 3280 893 3330 id
937 3287 1038 3344 est,
1079 3280 1273 3332 nulium

212 3365 381 3418 genus
401 3356 810 3419 magistratuum,
841 3357 953 3405 sine
983 3357 1274 3421 provocati·

213 3444 317 3482 oue
348 3445 529 3482 creare
560 3432 765 3483 liceret.
830 3431 964 3482 Vide
997 3446 1152 3495 supra
1185 3430 1271 3481 lib.

212 3520 282 3560 u.
304 3522 355 3558 c.
376 3510 426 3557 8.
447 3514 506 3559 et
527 3508 618 3558 lib.
641 3507 790 3571 hujus
809 3521 927 3570 cap.
947 3512 1029 3558 55.
1086 3506 1276 3556 Relsta

216 3581 381 3633 tertio
411 3583 508 3632 lex*
530 3582 764 3644 ejusdem
802 3580 1005 3645 generis
1038 3594 1124 3631 au.
1156 3584 1275 3631 454.

212 3660 296 3710 Μ.
320 3659 531 3710 Valerio
567 3660 824 3724 quintum,
860 3665 918 3707 et
950 3657 1017 3708 Q.
1050 3656 1274 3723 Apuleio

213 3737 394 3787 Pansa
411 3751 545 3787 coss.
561 3736 629 3785 de
645 3749 749 3799 qua
765 3736 962 3784 Noster
975 3732 1066 3782 lib·
1086 3745 1143 3783 x.
1159 3746 1274 3796 cap.

211 3818 265 3865 9.
300 3812 492 3862 Veram
526 3813 622 3862 boc
649 3812 742 3874 jus
776 3810 913 3861 domi
937 3809 1097 3872 magis
1118 3824 1271 3874 quam

213 3895 371 3939 extra
412 3887 609 3937 Urbem
647 3886 824 3936 valuit.
891 3884 1031 3935 Hinc
1072 3884 1272 3935 factum

215 3971 277 4015 ut
314 3977 383 4013 ex
424 3962 665 4012 instituto
710 3962 992 4025 Poplicolae
1034 3962 1272 4011 consules

215 4048 369 4090 extra
402 4037 594 4088 Urbem
627 4045 824 4087 tantum
858 4037 1124 4087 securibus
1158 4044 1271 4087 ute·

213 4120 415 4169 rentur.
439 4112 575 4162 intra
593 4112 775 4164 moenia
797 4112 1027 4161 contenti
1054 4110 1270 4162 fascium

213 4187 522 4251 insignibus,
542 4187 679 4253 quod
697 4188 968 4251 Dionysius
994 4187 1080 4239 lib.
1101 4201 1152 4237 v.
1178 4201 1269 4238 no·

212 4264 361 4318 tavit.
431 4264 551 4315 Huc
595 4277 797 4330 quoque
846 4263 1110 4329 pertinent
1146 4262 1265 4315 duae

1350 2440 1493 2505 leges
1519 2440 1835 2494 a‘l‘ulliolib.
1854 2454 1940 2492 ιιι.
1954 2440 2020 2492 de
2043 2440 2267 2505 Legibus
2285 2455 2404 2506 pro·

1350 2518 1488 2584 latae,
1513 2518 1695 2573 altera,
1713 2518 1730 2546 ‘
1749 2517 1815 2568 a'd
1841 2519 2084 2582 populum
2102 2520 2403 2583 provocatio

1349 2601 1480 2650 esto,
1484 2599 1497 2619 ⁹
1517 2595 1702 2655 alters,
1712 2592 1730 2622 ‘
1748 2594 1942 2644 militioe
1963 2595 2028 2644 ab
2050 2609 2113 2644 eo
2136 2596 2223 2660 qui
2245 2597 2404 2661 impe·

1350 2669 1488 2719 rabit
1507 2669 1810 2732 provocatio
1828 2683 1893 2718 ne
1911 2668 2059 2719 estol

1412 2752 1437 2788 Ρ
1468 2747 1541 2794 Et
1569 2744 1800 2802 mltum,
1819 2744 1864 2793 si
1884 2759 1937 2794 eo
1958 2743 2234 2808 adveniant]
2271 2743 2404 2793 Lae-

1350 2819 1424 2870 tio
1456 2827 1605 2870 vetus
1637 2834 1705 2870 ex
1737 2820 2002 2875 Rhenano,
2032 2820 2077 2868 si
2104 2834 2159 2869 eo
2189 2819 2400 2869 emat.

1346 2898 1541 2948 Sensus
1562 2895 1717 2948 idem.
1750 2897 1920 2947 Porro
1949 2895 2268 2946 tribunorum
2294 2896 2402 2960 pie·

1349 2974 1427 3023 bis
1451 2980 1764 3038 potestatem
1801 2972 1956 3023 Urbis
1987 2971 2240 3022 moenibus
2261 2970 2401 3021 finiri

1335 3050 1458 3115 jam·
1470 3050 1877 3099 demonstratum
1900 3056 2000 3098 est.

1411 3135 1437 3171 «ι
1473 3126 1731 3176 Terrebant
1765 3125 1892 3190 Aac]
1941 3126 2210 3175 Terrorem
2246 3137 2401 3185 auge·

1346 3202 1457 3267 bat,
1476 3204 1616 3268 qnod
1639 3202 1880 3256 Quintius
1915 3202 2053 3266 plebi
2077 3200 2400 3265 predicebat

1345 3292 1401 3328 se
1456 3276 1654 3329 nonnisi
1705 3285 1892 3330 exacto
1942 3278 2275 3341 magistratus
2300 3275 2399 3325 sui

1348 3364 1583 3419 tempore
1613 3368 1702 3403 eos
1725 3367 1793 3403 ex
1816 3353 2014 3403 hostico
2036 3351 2399 3411 deducturum,

1345 3428 1564 3493 proinde
1601 3427 1668 3477 ad
1706 3427 2092 3490 hybernandum
2133 3426 2185 3474 in
2215 3425 2409 3478 castris

1346 3517 1404 3558 se
1426 3509 1809 3565 compararent,
1840 3515 1905 3552 ne
1929 3500 2215 3549 tribuniciis
2236 3499 2398 3549 actio·
2444 3503 2449 3506 '

1345 3578 1494 3628 nibus
1519 3590 1701 3627 vacare
1721 3582 1948 3638 possent.

1409 3660 1429 3687 ¹
1461 3652 1580 3702 Sine
1611 3651 1937 3714 mancatione
1968 3651 2256 3701 dictatas-ans
2274 3651 2399 3714 esse]

1343 3729 1618 3780 semestris
1647 3734 1877 3789 potestas
1911 3725 2182 3776 dictatoris
2215 3726 2399 3790 ampli-

1346 3820 1405 3855 or
1426 3819 1578 3869 quarn
1600 3804 1863 3853 consulum
1886 3800 1983 3851 fnit
2001 3817 2017 3862 ;
2038 3814 2205 3864 eoque
2225 3801 2396 3864 dupii-

1344 3889 1492 3931 catus
1527 3894 1723 3928 summo
1751 3878 1870 3928 buic
1905 3877 2228 3939 magistratui
2248 3889 2396 3932 seau-

1345 3956 1474 4006 rium
1500 3969 1757 4015 numerus,
1776 3966 1944 4018 neque
1966 3951 2033 4001 ab
2062 3965 2126 4001 eo
2150 3964 2396 4015 provoca·

1345 4033 1421 4083 tio
1444 4040 1590 4082 eratz
1628 4028 1763 4080 unde
1798 4043 1862 4078 ex
1884 4043 1948 4078 eo
1968 4041 2150 4077 nomen
2175 4026 2394 4077 traxisse

1346 4110 1479 4158 visus
1521 4114 1600 4156 est
1638 4105 1878 4165 Varroni,
1917 4103 2055 4168 qnod
2099 4103 2212 4167 ejus
2248 4102 2395 4154 dicto

1340 4197 1515 4234 omnes
1553 4180 1819 4234 audientes
1849 4187 2053 4240 essent;
2086 4194 2200 4244 qum
2224 4179 2395 4230 omnia

1346 4273 1411 4310 ex
1434 4257 1582 4310 Livio
1601 4257 1691 4308 lib.
1711 4270 1774 4307 ιι.
1797 4270 1845 4307 c.
1872 4257 1951 4308 18.
1973 4254 2252 4308 ὶιιιὺιιίιιιιιι.
