3034 4925
725 305 747 334 Ι

572 343 704 409 598

1504 354 1573 401 'l'-
1625 353 1695 401 m
1709 351 1815 403 vu

571 504 712 570 do?
753 503 1030 569 latalex
1056 507 1181 569 est.
1268 498 1544 566 Tribuni
1591 496 1809 583 plebis
1850 495 2052 564 iidem
2095 495 2334 562 rekctl
2359 503 2391 542 ‘¹
2459 501 2791 581 sequoets

570 600 800 683 anno,'
844 604 928 670 T.
969 603 1290 675 Romilio,
1334 602 1414 667 C.
1447 599 1781 668 Veturio‘
1827 599 2249 676 oonsulibus,
2299 599 2531 683 legem
2576 601 2787 666 omni·

568 710 698 774 bus
726 708 1161 776 concionibus
1208 706 1347 773 suis
1393 703 1942 772 celebrabant-¹⁰·
2027 707 2049 740 ‘
2072 702 2337 772 Pudere
2392 722 2472 768 se
2528 703 2781 772 numeri

1483 886 1661 907 ”9000
1664 885 1752 907 000
1754 883 1846 908 ΟΝ

560 1005 692 1072 legit
723 1007 1125 1058 mendene—9
1160 1006 1311 1070 Vulg.
1357 1004 1774 1056 nonnam-uo
1807 1002 2015 1065 Menti.
2064 1003 2143 1056 Hi
2160 1010 2390 1070 aequate
2413 1036 2459 1053 ..

2472 1004 2782 1058 ..celem

1563 1151 1779 1203 1501*AE

627 1260 656 1297 ν
678 1252 760 1304 De
781 1253 1019 1305 Aventino
1046 1251 1344 1318 publicando]
1375 1249 1509 1301 Rem
1531 1265 1621 1301 ex·

564 1329 726 1394 plicat
764 1331 1065 1395 Dionysius,
1103 1344 1173 1381 ex
1214 1331 1358 1394 cujus
1400 1327 1621 1392 longiori

561 1407 859 1456 narratione
908 1404 1012 1457 duo
1060 1404 1280 1457 sufficiet
1325 1405 1620 1455 observare.

562 1480 823 1544 Alterum,
847 1482 1080 1533 tribunos
1104 1488 1317 1533 auctore
1335 1481 1490 1531 Icilio
1529 1483 1621 1530 Se·

561 1565 740 1609 natum
776 1575 1063 1611 convocare
1091 1561 1191 1611 hoc
1226 1560 1445 1624 primum
1483 1573 1620 1609 anno

563 1648 737 1692 ausos,
760 1644 917 1701 atque
939 1638 1070 1688 adeo
1111 1638 1349 1688 consules
1386 1637 1528 1700 ipses
1551 1635 1618 1688 ad

561 1711 836 1775 collegium
870 1711 1197 1762 tribunicium
1231 1727 1328 1777 per
1349 1712 1617 1776 apparito-

562 1799 671 1835 rem
715 1801 917 1838 vocare.
986 1789 1245 1851 Alterum,
1282 1788 1467 1839 eodem
1505 1802 1617 1838 sua·

563 1860 721 1913 dente
771 1871 1027 1915 extortum
1082 1864 1619 1929 Senatnsconsultum,

559 1947 714 2005 atque
737 1938 859 1991 inde
880 1941 1068 2007 legem,
1088 1957 1194 2008 qua
1220 1949 1431 1994 cautum
1454 1950 1536 1992 est
1559 1948 1620 1992 nt

559 2016 705 2067 collis
737 2016 1040 2082 Aventinus,
1073 2020 1162 2085 qui
1197 2026 1306 2070 tum
1336 2035 1438 2069 non
1472 2026 1617 2070 totus

554 2093 903 2157 habitabatur,
917 2096 1057 2160 piebi
1076 2097 1429 2161 assignaretur
1442 2113 1458 2159 ;
1476 2098 1615 2163 quod

558 2172 810 2235 optimum
832 2171 1115 2224 remedium
1141 2173 1305 2225 videri
1326 2175 1532 2225 volebat
1548 2175 1615 2226 ad

556 2245 870 2297 coercendas
891 2248 1174 2300 seditiones
1202 2249 1450 2314 agrarias.
1505 2249 1615 2314 Igi-

560 2329 648 2373 tur
672 2325 873 2388 perlata
905 2325 993 2375 lex
1019 2334 1105 2377 est
1124 2328 1434 2378 centuriatis
1454 2328 1614 2378 eomi-

555 2397 665 2464 tiis,
708 2415 823 2467 qnae
866 2401 1050 2454 eodem
1091 2404 1144 2454 iu
1186 2412 1364 2455 monte
1397 2406 1618 2457 extabat

554 2478 732 2529 excisa
753 2479 805 2528 in
825 2494 964 2530 oerea
994 2482 1254 2545 columna,
1291 2490 1349 2532 nt
1384 2483 1524 2548 quod
1559 2483 1614 2533 in

554 2553 820 2606 Aventino
856 2558 1044 2621 privati
1068 2560 1191 2625 jure
1215 2570 1418 2626 partum
1449 2561 1615 2626 possi-

554 2629 734 2695 deant,
762 2648 921 2696 penes
943 2636 1175 2688 dominos
1194 2643 1428 2687 maneret
1448 2651 1464 2699 ς
1495 2653 1614 2702 qno

553 2721 651 2771 per
684 2709 786 2759 vim
820 2718 911 2760 ant
941 2711 1174 2762 fraudem
1205 2713 1438 2765 adificiis
1457 2727 1611 2766 occu·

554 2789 684 2846 pata
717 2798 911 2849 essent,
940 2800 1005 2837 ea
1042 2788 1287 2839 restituto
1310 2787 1613 2840 aedificatio-

554 2858 633 2909 nis
656 2863 825 2925 pretio
846 2861 1212 2915 addicerentur
1235 2867 1462 2932 popuio;
1494 2884 1611 2933 quae

553 2937 767 3000 publica
796 2940 1124 3005 mansissent,
1147 2942 1286 3005 plebi
1309 2943 1418 2993 sine
1442 2944 1612 3008 pretio

553 3010 924 3066 dividerentur.
989 3018 1073 3068 Sic
1098 3019 1288 3082 plebeii
1325 3034 1475 3071 areas
1497 3021 1612 3087 ejus

553 3088 648 3136 soli
668 3088 858 3141 divisas
881 3093 1018 3143 inter
1039 3108 1097 3145 se
1117 3096 1359 3146 certatim
1374 3097 1613 3148 aedificiis

551 3174 894 3225 occuparunt.

616 3244 643 3279 *Ι
679 3238 879 3290 Mun·
912 3241 1066 3306 plebis
1104 3243 1249 3294 iidem
1288 3245 1481 3312 refecti]
1525 3250 1611 3305 Ita

551 3312 690 3378 quod
724 3314 777 3367 in
811 3317 1047 3382 augendo
1083 3319 1403 3373 tribunorum
1436 3340 1611 3375 nume·

551 3403 612 3440 ro
645 3389 836 3442 Patres
868 3404 1186 3460 exceperant
1216 3413 1332 3463 cap.
1357 3403 1612 3467 proximo,

551 3465 701 3529 plebs
746 3472 1116 3536 quamprimum
1162 3473 1285 3527 data
1334 3478 1608 3530 occasione

548 3539 697 3593 flocci
722 3544 866 3597 fecit.

614 3616 647 3648 *
679 3619 744 3671 A.
768 3623 836 3674 U.
863 3624 925 3675 C.
944 3629 1059 3678 298.

615 3702 636 3731 ¹·
672 3695 727 3747 Τ.
751 3698 975 3764 Romilio,
1000 3701 1059 3750 C.
1082 3701 1302 3767 Veturio]
1331 3704 1403 3754 ni
1425 3720 1606 3756 consu·

549 3772 626 3821 les
665 3774 816 3825 ambo
868 3785 1050 3842 postea
1093 3776 1374 3831 decemviri
1418 3784 1606 3847 creati,

547 3848 675 3897 sed
662 3865 713 3899 ιιι
735 3866 798 3903 eo
822 3854 1120 3917 magistratu
1135 3857 1409 3908 Veturium
1428 3860 1607 3910 Livius

547 3922 750 3976 hoium
777 3931 1091 3993 praenomine
1128 3940 1280 3983 vocat
1311 3949 1360 3985 c.
1394 3939 1476 3987 33.
1511 3937 1605 3987 bu·

540 3999 634 4064 jus
672 4001 761 4052 lib.
795 4006 1017 4058 Diodor.
1041 4017 1096 4059 et
1122 4009 1428 4075 Capitolinae
1452 4014 1605 4064 tabu·

549 4076 616 4125 1ae
600 4076 887 4204 ἆραι-ιω,
909 4092 963 4135 ιιι
1000 4093 1055 4137 et
1079 4087 1340 4140 Romiliam
1377 4103 1473 4155 pro
1504 4091 1604 4142 Ro·

549 4167 599 4202 m
697 4188 710 4203 .

615 4238 634 4265 ⁸
662 4230 839 4295 Legem
858 4235 1070 4286 omnibns
1085 4239 1376 4292 concionibus
1404 4244 1505 4296 suis
1530 4260 1604 4295 oe-

1698 1250 1944 1301 houba-t
1988 1247 2274 1314 [eelebrent]
2306 1249 2523 1299 Merito
2560 1264 2779 1315 conque·

1701 1328 1835 1378 ritar
1867 1327 2012 1380 Glar.
2054 1328 2225 1381 emitti
2266 1328 2372 1380 hec
2406 1328 2535 1378 loeo
2570 1342 2606 1378 a
2640 1328 2781 1379 Livio

1701 1410 1810 1456 tum
1853 1405 2126 1455 acerrimas
2180 1417 2244 1453 ac
2299 1418 2476 1468 prope
2537 1412 2776 1458 cruentas

1702 1482 2021 1532 tribunorum
2056 1483 2304 1532 adversus
2336 1483 2598 1532 consules
2620 1482 2686 1534 ob
2706 1483 2777 1531 ai-

1699 1560 1796 1608 mis
1820 1574 2060 1624 asperum
2081 1559 2345 1609 delectum
2386 1561 2775 1618 contentiones,

1700 1643 1810 1685 tum
1846 1635 2006 1688 etiam
2037 1636 2402 1688 vehementem
2436 1636 2635 1686 Sici-ii
2672 1637 2775 1688 sive

1696 1712 1850 1762 Siccii
1873 1713 2095 1763 Dentati
2116 1713 2411 1763 orationem
2447 1713 2520 1762 ad
2557 1711 2773 1777 plebem,

1698 1803 1798 1853 qua
1840 1790 2253 1840 commemoratis
2297 1787 2636 1839 militaribus
2676 1791 2771 1839 suis

1697 1865 1958 1915 laboribus
2001 1880 2099 1929 per
2134 1879 2300 1915 annos
2333 1868 2427 1915 40.
2464 1865 2771 1915 adhortatus

1695 1948 1778 1993 est
1800 1942 1867 1994 ad
1899 1942 2256 1996 vindicandam
2288 1941 2642 2005 premiorum
2675 1942 2774 1994 bel·

1695 2018 1912 2069 licorum
1938 2026 2161 2083 partem,
2180 2031 2535 2083 agrorumque
2575 2033 2670 2068 suo
2693 2033 2766 2072 aa·

1696 2094 1825 2145 dore
1850 2101 2133 2160 partorum,
2151 2109 2283 2159 quos
2306 2095 2413 2144 sibi
2433 2096 2533 2145 soli
2553 2095 2770 2158 patricii,

1695 2184 1800 2222 non
1826 2171 2015 2235 pretio,
2035 2185 2137 2224 uon
2160 2170 2299 2224 dono
2326 2173 2539 2235 populi,
2562 2171 2657 2222 sed
2680 2186 2765 2236 per

1696 2250 1799 2299 vim
1824 2248 2150 2314 arrogabant.
2199 2249 2304 2300 Hic
2326 2257 2414 2302 est
2435 2250 2533 2300 ine
2546 2250 2763 2302 Sicinius

1694 2343 1726 2379 ιι
1751 2327 1930 2378 Valer.
1954 2328 2100 2378 Max.
2139 2326 2228 2377 lib.
2255 2338 2341 2377 ιιι.
2384 2341 2435 2378 c.
2466 2331 2527 2378 2.
2598 2327 2761 2377 Plinio

1694 2404 1783 2456 lib.
1806 2419 1903 2456 vu.
1939 2406 2062 2457 Nat.
2088 2405 2231 2455 Hist.
2269 2420 2318 2456 c.
2351 2410 2437 2455 28.
2499 2405 2643 2456 Gell.
2677 2404 2759 2455 lib.

1692 2496 1757 2533 ιι.
1775 2496 1822 2533 c.
1846 2488 1925 2534 11.
1948 2484 2183 2548 aliisque,
2201 2483 2535 2532 fortitudinis
2557 2482 2760 2531 nomine

1691 2560 2004 2626 celebratus,
2044 2561 2135 2626 qui
2172 2561 2370 2610 centies
2412 2568 2471 2610 et
2515 2561 2677 2610 vicies
2711 2559 2759 2611 iu

1692 2637 1804 2687 acie
1839 2637 2202 2700 dimicaverat,
2224 2639 2443 2687 vulnera
2461 2641 2557 2686 45.
2579 2635 2761 2686 adver-

1691 2727 1748 2761 sa
1763 2712 1950 2778 omnia,
1966 2720 2259 2783 acceperat,
2275 2727 2448 2777 exque
2470 2712 2540 2763 iis
2564 2710 2758 2765 dnode-

1689 2790 1789 2839 cim
1804 2803 1904 2841 una
1919 2789 2004 2839 die
2022 2789 2271 2839 adversus
2285 2787 2622 2839 Herdonium
2639 2800 2761 2853 pug-

1688 2879 1845 2919 nans:
1873 2866 2090 2930 premia
2107 2880 2229 2915 vero
2251 2879 2319 2914 ex
2343 2863 2573 2917 diversis
2595 2870 2759 2913 certa·

1687 2941 1912 2993 minibus
1933 2946 2048 2992 211.
2063 2941 2308 3026 (quorum
2323 2955 2516 2991 novem
2529 2941 2755 3003 singula·

1687 3022 1849 3087 ribus,
1868 3037 1935 3073 ex
1953 3023 2324 3087 provocatione
2335 3021 2626 3085 dimicans
2641 3022 2760 3071 bos·

1686 3106 1795 3149 tem
1837 3099 2236 3165 prostraverat,)
2269 3100 2464 3153 civicas
2505 3104 2758 3164 quatuor·

1686 3176 1874 3240 decim,
1896 3184 2002 3226 tres
2034 3177 2277 3240 murales,
2296 3183 2418 3226 octo
2440 3189 2639 3225 aureas
2673 3188 2757 3225 eo·

1688 3267 1857 3308 ronas,
1874 3259 2084 3318 torques
2100 3266 2281 3303 aureos
2296 3257 2405 3302 tres
2421 3265 2587 3317 supra
2610 3258 2759 3302 octo-

1686 3330 1851 3396 giuta,
1867 3330 2096 3382 armilias
2120 3344 2301 3379 aureas
2322 3331 2625 3393 sexaginta,
2645 3329 2758 3376 bas-

1687 3410 1767 3454 tas
1781 3419 1930 3469 puras
1942 3403 2254 3467 octodecim,
2264 3404 2510 3468 phaleras
2524 3402 2755 3468 quinque

1683 3488 1740 3531 et
1765 3480 1963 3545 viginti.
2034 3480 2132 3531 His
2172 3494 2289 3531 cum
2325 3487 2573 3544 permota
2607 3479 2756 3545 plebs

1681 3558 1850 3621 legem
1883 3557 2136 3623 agrariam
2170 3557 2385 3608 calculis
2409 3557 2522 3606 suis
2544 3561 2754 3622 pararet

1684 3634 1906 3699 sancire,
1948 3633 2196 3684 obstitere
2236 3647 2335 3699 per
2380 3635 2488 3683 vim
2547 3631 2755 3697 patricii

1682 3726 1801 3763 cum
1824 3710 2114 3761 clientibus·
2180 3710 2303 3763 Qua
2322 3707 2392 3758 de
2407 3723 2577 3759 causa
2595 3708 2752 3757 trin·

1682 3787 1993 3839 familiarum
2025 3786 2252 3852 patricii,
2275 3785 2592 3837 cedentibus
2616 3797 2684 3833 ea
2702 3783 2753 3833 iu

1684 3879 1741 3914 re
1796 3864 1988 3915 ceteris
2041 3861 2204 3912 furori
2255 3862 2458 3927 populi,
2506 3861 2754 3911 absentes

1683 3940 1912 3993 damnati
1932 3945 2072 3997 sunt,
2093 3952 2375 4003 eorumque
2405 3938 2549 3988 bona
2571 3936 2754 3989 Cereri

1682 4025 1917 4069 sacrataz
1952 4015 2046 4066 sed
2087 4031 2119 4065 a
2158 4014 2374 4078 reliquis
2408 4013 2754 4064 Senator-ibus

1685 4093 1859 4159 pretio
1882 4092 2138 4153 redemta,
2159 4096 2215 4141 et
2245 4090 2512 4157 prioribus
2533 4088 2753 4140 dominis

1684 4176 1806 4220 snut
1829 4169 2084 4218 restituta.
