3034 4925
591 378 728 448 ‘538

590 578 596 587 ·
682 547 746 611 5.
793 543 995 609 Multi
1022 564 1144 629 per
1173 563 1290 609 eos
1315 543 1466 608 dies
1493 549 1717 609 motus
1745 545 2073 630 multique
2103 545 2400 629 impetus
2421 546 2581 611 hino
2602 551 2800 630 atque

593 650 781 714 illinc
824 649 1006 728 facti,
1065 649 1249 733 quia,
1309 655 1676 731 superante
1724 650 2173 724 multitudine,
2233 648 2469 713 hostes
2516 669 2796 732 carpere

591 753 1024 818 multifariam
1053 752 1235 816 vires
1270 749 1689 828 Romanas,s
1727 758 1968 816 utnon
2011 751 2405 817 suffecturas
2431 751 2517 815 ad
2555 754 2798 830 omnia,

593 858 897 939 aggressi
940 862 1119 920 sunt.
1229 852 1444 917 Simul
1491 861 1716 918 castra
1757 856 2342 939 oppugnabantur,
2389 854 2603 919 simul
2646 874 2799 938 pars

591 959 929 1021 exercitus
962 957 1049 1022 ad
1079 955 1544 1041 populandum
1573 963 1802 1038 agrum
1835 957 2220 1022 Romanum
2241 958 2482 1036 missa,
2514 957 2800 1022 Urbem-

595 1080 729 1144 que
764 1061 1007 1144 ipsam,
1062 1060 1122 1124 si
1160 1079 1299 1145 qua
1338 1060 1612 1124 fortuna
1644 1059 1846 1139 daret,
1875 1061 2284 1127 tentandam.
2363 1060 2446 1123 L.
2479 1057 2801 1125 Valerius

589 1162 683 1227 ad
704 1163 1094 1247 praesidium
1114 1163 1319 1229 Urbis
1339 1163 1615 1228 relictus
1635 1184 1653 1244 ;
1687 1165 1917 1228 consul
1939 1164 2334 1229 Postumius
2354 1162 2447 1226 ad
2472 1163 2800 1227 arcendas

587 1267 1072 1350 populationes
1101 1266 1330 1339 finium
1357 1267 1625 1331 missus.
1717 1266 1908 1331 Nihil
1944 1267 2294 1330 remissum
2325 1267 2416 1329 ab
2447 1266 2594 1329 ulla
2622 1271 2800 1349 parte

584 1388 774 1434 ὀυτω
805 1376 923 1434 aut
960 1370 1228 1434 laboris.
1318 1368 1592 1452 Vigiliae
1624 1371 1690 1434 in
1722 1369 1928 1449 Urbe,
1980 1370 2309 1435 stationes
2339 1375 2504 1433 ante
2538 1374 2797 1452 portas,

589 1472 1045 1556 praesidiaque
1092 1473 1158 1535 in
1197 1472 1399 1536 muris
1444 1470 1800 1555 disposita,
1850 1478 1941 1550 et,
1992 1471 2173 1555 quod
2215 1489 2493 1535 necesse
2544 1476 2695 1533 erat
2736 1469 2799 1532 in

589 1580 775 1639 tanto
803 1576 1114 1652 tumultu,
1133 1565 1466 1658 justitium
1487 1594 1613 1658 per
1636 1575 1900 1659 aliquot
1920 1574 2061 1638 dies
2086 1577 2450 1638 servatum.
2520 1572 2796 1636 Interim

585 1676 660 1739 in
710 1679 950 1741 castris
984 1677 1230 1741 Furius
1279 1678 1541 1756 consul,
1593 1698 1746 1742 oum
1794 1678 2015 1760 primo
2057 1677 2322 1760 quietus
2368 1675 2797 1740 obsidionem

580 1797 839 1860 ‘passus
867 1788 1073 1857 esset,
1107 1780 1175 1842 in
1206 1778 1547 1844 incautum
1577 1780 1833 1846 hostem
1866 1781 2241 1844 decumana
2273 1784 2470 1862 porta
2491 1786 2518 1814 ²
2562 1777 2799 1860 erupit,

585 1888 684 1958 et,
714 1900 865 1946 eum
899 1882 1209 1966 persequi
1242 1889 1494 1966 posset,
1526 1890 1705 1947 metu
1740 1885 2118 1954 substitit‚¹⁵
2165 1902 2247 1947 ne
2276 1901 2436 1966 qua,
2484 1900 2581 1945 ex
2608 1888 2798 1963 parte

579 1983 825 2063 altera,
870 1985 937 2048 in
968 1998 1187 2050 castra
1218 1986 1322 2050 vis
1352 1984 1598 2052 fieret.‘¹
1688 1988 1965 2052 Furium
2007 1987 2294 2069 legatum
2333 1983 2582 2071 (frater
2624 1984 2801 2047 idem

1531 396 1601 445 τ.
1651 396 1837 445 mvn
1943 386 1947 395 '

649 2170 683 2213 s
712 2172 885 2234 Copias
910 2172 1225 2223 Romanorum
1245 2175 1404 2224 multis
1430 2176 1545 2224 locis
1565 2174 1790 2224 delibare.
1883 2187 1890 2197 ·

1582 2352 1802 2404 NOTAE

594 2472 733 2514 erat:
774 2465 946 2522 immo,
981 2473 1040 2515 nt
1073 2469 1145 2517 ait
1174 2469 1297 2531 Ulp.
1323 2468 1660 2532 juriscousnl-
1736 2469 1845 2518 sive
1872 2467 2223 2532 principiales,
2245 2450 2388 2513 circa
2410 2462 2701 2527 principia,
2718 2464 2797 2513 nbi

594 2548 716 2591 tus:
761 2544 776 2570 ‘
803 2542 932 2590 Cum
969 2544 1311 2606 plenissimam
1339 2545 1659 2608 jurisdictio·
1733 2547 1925 2595 milites
1951 2543 2196 2608 praetorio
2232 2541 2452 2605 proximi
2492 2541 2801 2601 tendebant,

591 2629 710 2667 nem
744 2622 1018 2681 proconsul
1049 2622 1253 2677 habeat,
1280 2622 1505 2672 omnium
1539 2638 1657 2685 par·
1734 2623 1835 2672 alia
1859 2623 2024 2672 latera
2049 2619 2382 2684 aperiebant:
2410 2632 2514 2665 nna
2532 2617 2798 2674 dextrum,

594 2701 693 2756 tes,
717 2696 802 2759 qui
831 2698 1005 2747 Romae
1030 2700 1176 2761 quasi
1200 2701 1553 2762 magistratus,
1577 2702 1659 2750 vel
1732 2702 1902 2750 altera
1949 2702 2152 2748 laevum.
2216 2696 2304 2745 De
2335 2695 2413 2743 bis
2452 2696 2614 2757 paulo
2650 2696 2799 2744 aliter

594 2779 742 2820 extra
781 2774 1012 2822 ordinem
1055 2776 1143 2837 jus
1181 2775 1386 2839 dicunt,
1423 2778 1490 2826 ad
1537 2793 1654 2827 eum

593 2852 896 2913 pertinent!

654 2936 677 2961 ⁰
715 2929 989 2978 Decmmma
1021 2928 1184 2992 porta]
1233 2931 1423 2981 Castra
1466 2932 1652 2981 Roma-

592 3019 772 3054 norum
802 3007 1071 3068 quadrata,
1094 3014 1153 3056 ut
1189 3007 1483 3070 plurimum,
1506 3016 1563 3057 et
1586 3023 1653 3057 ω-

594 3082 868 3143 quitatem,
891 3097 982 3144 pro
1007 3085 1227 3132 laterum
1253 3099 1467 3134 numero
1491 3086 1652 3148 portis

596 3162 818 3218 quatuor
873 3158 1153 3219 majoribus
1208 3159 1340 3208 adiri
1394 3161 1651 3223 solebant,

594 3231 855 3293 matoria,
878 3232 1183 3292 decumana,
1204 3242 1259 3283 et
1280 3236 1651 3299 principalibus

594 3304 813 3355 duabus».
880 3307 1156 3371 Praetoria,
1176 3309 1218 3358 si
1250 3311 1479 3375 Lipsium
1504 3312 1650 3361 andi·

589 3397 724 3446 mus,
747 3385 821 3433 sic
843 3384 1114 3435 dicebatur
1136 3387 1274 3452 qnod
1306 3391 1571 3451 praetorio,
1596 3392 1649 3440 id

590 3470 695 3522 est,
740 3464 965 3513 tentorio
1008 3465 1251 3522 consulis,
1287 3468 1394 3517 sive
1431 3469 1648 3520 alterius

589 3541 769 3588 summi
794 3540 961 3599 ducis,
980 3541 1096 3606 (qui
1119 3544 1239 3592 olim
1263 3547 1489 3609 generali
1516 3560 1648 3608 prae-

588 3622 760 3665 torum
785 3620 989 3667 nomine
1008 3620 1395 3687 censebantur,)
1414 3625 1649 3686 proxima

591 3703 745 3746 esset.
814 3697 892 3746 Ea
914 3698 1164 3747 orientem
1197 3698 1328 3764 fere,
1351 3700 1433 3749 vel
1456 3701 1648 3765 hostes,

592 3774 636 3821 si
677 3773 831 3822 vicini
877 3785 1071 3835 esseut,
1112 3777 1404 3839 spectabat.
1473 3777 1646 3828 Decu-

588 3858 741 3897 mana
769 3865 801 3898 a
834 3852 1131 3902 cohortibus
1155 3852 1368 3902 decimis
1390 3855 1647 3918 legionem

591 3937 653 3969 ea
700 3933 850 3986 parte
893 3926 1230 3979 tendentibus
1273 3931 1558 3994 appellata,
1594 3932 1647 3980 in

591 4002 932 4051 remotissimo
987 4018 1016 4052 a
1066 4006 1312 4067 praetorio
1367 4012 1526 4070 atque
1582 4008 1648 4057 ab

563 4072 822 4122 ·hostibns
863 4077 1027 4127 latere
1066 4081 1184 4129 sita.
1250 4082 1358 4131 Per
1379 4082 1512 4131 hanc
1537 4084 1647 4145 piu-

592 4147 773 4197 rimnm
798 4152 1119 4224 aquabantur
1152 4165 1205 4207 et
1235 4157 1646 4220 pabulabantrtr:

560 4224 730 4273 ‘unde
767 4225 818 4273 in
861 4227 998 4276 illam
1042 4246 1190 4281 versa
1231 4233 1391 4284 fuisse
1439 4233 1647 4284 videtur

559 4307 705 4350 'tota
740 4307 1026 4355 catti-orum
1057 4305 1239 4359 facies.
1305 4310 1649 4375 Principales,

1732 2775 1885 2826 Alex.
1909 2774 1976 2824 ab
1998 2772 2320 2835 Alexandro,
2354 2777 2409 2819 et
2444 2770 2687 2822 Turneb.
2713 2771 2799 2837 qni

1728 2861 1932 2918 portam
1991 2854 2284 2918 praetoriam
2342 2861 2457 2900 enm
2517 2853 2800 2915 questoria

1731 2929 2075 2980 confundunt.
2142 2931 2241 2979 Ille
2275 2934 2534 2993 praeterea
2568 2934 2798 2992 queste·

1731 3008 1858 3056 riam
1903 3007 2118 3056 eandem
2163 3021 2280 3056 eum
2324 3005 2616 3053 decumana
2653 3003 2800 3063 facit,

1731 3084 1888 3134 dueta
1912 3100 1977 3133 ex
1999 3083 2133 3133 Livii
2156 3083 2247 3134 lib.
2270 3093 2326 3131 x.
2347 3096 2392 3131 c.
2412 3084 2499 3130 32.
2522 3081 2799 3144 conjectu-

1730 3174 1805 3210 ra.
1875 3160 2111 3225 Uterque
2136 3172 2287 3207 unam
2323 3156 2566 3221 agnoseit
2609 3157 2797 3219 princi·

1731 3239 1921 3301 palem,
1955 3252 2070 3286 oum
2107 3236 2235 3285 duas
2257 3232 2415 3284 fluisse
2434 3233 2727 3283 dexteram
2750 3243 2800 3284 et

1728 3315 1990 3364 sinistram
2047 3314 2232 3378 probet
2288 3312 2428 3374 Lips.
2482 3323 2552 3359 ex
2612 3310 2799 3361 eodem

1728 3390 1845 3439 Liv.
1863 3391 1953 3439 lib.
1973 3403 2051 3440 ιν.
2073 3405 2120 3440 c.
2138 3392 2221 3437 2¹7.
2291 3385 2800 3448 Exn-nominarim,

1728 3482 1880 3531 qnam
1905 3468 1990 3516 alii
2020 3466 2273 3515 diversam
2299 3478 2328 3512 a
2346 3462 2538 3512 ceteris
2558 3475 2696 3511 esse
2720 3478 2798 3512 vo·

1729 3545 1859 3605 lunt,
1892 3543 2115 3593 eandem
2141 3541 2342 3605 Lipsius
2378 3553 2497 3588 curn
2523 3542 2797 3601 praetoria,

1727 3622 2046 3686 quintanam,
2058 3635 2171 3685 quae
2186 3634 2254 3669 ex
2271 3619 2427 3668 Festo
2439 3617 2689 3681 additur,
2702 3633 2795 3667 non

1729 3706 1950 3760 portam,
1989 3698 2081 3747 sed
2122 3697 2258 3745 viam
2295 3693 2452 3744 fuisse
2490 3686 2795 3756 eontendit,

1729 3777 1792 3824 ad
1852 3787 2004 3838 quam
2058 3772 2255 3838 quintae
2310 3771 2551 3821 cobortes
2616 3772 2794 3823 tende·

1728 3859 1861 3901 rent.

1791 3927 1816 3960 ²¹
1854 3928 1932 3976 Ne
1963 3941 2071 3990 qua,
2106 3938 2168 3973 ex
2195 3927 2334 3988 porte
2365 3923 2537 3986 alter«,
2558 3922 2623 3971 in
2644 3930 2797 3974 enan

1725 4002 1984 4069 visfienet]
2010 4003 2129 4052 Non
2154 4002 2320 4052 altera
2341 4000 2394 4048 in
2415 4008 2611 4062 eastra,
2637 4002 2795 4055 Quin·

1726 4081 1789 4130 tii
1834 4080 2098 4141 nimirum,
2141 4077 2229 4142 qui
2273 4076 2520 4125 subisidio
2570 4081 2792 4137 missen

1727 4158 1817 4208 sed
1843 4157 1894 4207 in
1917 4164 2087 4207 eastra
2119 4155 2283 4218 ipsius
2306 4154 2450 4203 Furii
2472 4157 2709 4207 consulis
2730 4158 2795 4206 tl-

1727 4241 1842 4284 tera
1863 4248 1926 4284 ex
1952 4239 2125 4297 parte,
2148 4232 2258 4280 sive
2281 4244 2345 4281 ex
2370 4229 2471 4281 alio
2494 4231 2686 4283 latere.
