3034 4925
1036 403 1179 450 mn.
1224 403 1276 449 1.
1320 403 1485 455 cn.
1528 386 1593 453 8.
2281 390 2411 458 193

236 550 385 614 tites
432 548 608 616 sacri
633 546 783 631 ejus
823 566 944 631 per
985 548 1237 613 multas
1265 555 1505 615 aetates¹
1535 550 1837 614 fuerunt:
1889 547 2125 628 donec,
2158 552 2406 618 tradito

237 652 431 716 servis
461 650 754 734 publicis
785 649 1045 716 solenni
1085 649 1361 720 familiae
1402 651 1792 728 ministerio,
1819 670 2025 733 genus
2046 672 2241 717 omne
2273 653 2411 719 Po·

235 754 517 822 titiorum
549 750 820 816 interiit.
909 751 1090 816 Haec
1119 757 1258 817 tum
1288 772 1481 819 sacra
1521 753 1856 819 Romulus
1900 774 2032 818 una
2066 774 2156 818 ex
2201 757 2411 820 omni-

234 856 349 919 bus
376 854 720 938 peregrina
750 853 1083 936 suscepit;
1105 856 1249 939 jam
1281 861 1425 919 tum
1453 857 1971 922 immortalitatis
1994 857 2240 922 virtute
2258 879 2411 942 par-

235 963 335 1034 tae,
366 957 451 1021 ad
479 976 690 1040 quam
711 976 858 1020 eum
879 974 1006 1021 sua
1032 956 1169 1022 fata
1196 957 1558 1036 ducebant,
1590 959 1832 1023 fautor.

306 1062 365 1123 8.
408 1058 637 1123 Rebus
654 1058 900 1130 divinis
919 1059 1043 1123 rite
1062 1059 1482 1141 perpetratiS,
1502 1071 1878 1145 vocataque
1898 1064 1986 1129 ad
2007 1067 2366 1131 concilium
2381 1076 2408 1114 ⁸

235 1160 655 1238 multitudine,
686 1181 840 1245 quae
880 1161 1265 1226 coalescere
1303 1163 1374 1225 in
1419 1163 1657 1247 populi
1696 1166 1892 1230 unius
1941 1186 2190 1250 corpus
2220 1170 2412 1233 nulla

234 1281 316 1339 re,
330 1272 765 1346 praeterquam
785 1262 1069 1344 legibus,
1090 1269 1369 1346 poterat,
1389 1265 1545 1349 jura
1560 1264 1773 1331 dedit:
1793 1264 1820 1301 ¹²
1840 1264 1870 1295 *
1887 1288 2040 1352 quae
2056 1272 2152 1335 ita
2173 1279 2412 1336 sancta

236 1366 440 1445 generi
466 1364 804 1432 hominum
853 1366 1102 1447 agresti
1141 1364 1285 1429 fore
1333 1372 1542 1444 ratus,
1583 1367 1642 1431 si
1673 1387 1749 1433 se
1795 1370 1944 1452 ipse
1975 1372 2411 1437 venerabilem

233 1466 589 1549 insignibus
637 1466 902 1551 imperii
947 1466 1236 1545 fecisset,
1266 1487 1418 1534 cum
1450 1475 1669 1535 cetero
1699 1471 1931 1537 habitu
1961 1492 2037 1537 se
2075 1473 2414 1557 augustio-

234 1585 379 1646 rem,
410 1576 553 1634 tum
582 1571 871 1635 maxime
900 1569 1251 1635 lictoribus
1280 1568 1669 1637 duodecimi
1713 1573 1974 1653 sumtiS,
2002 1575 2181 1640 fecit.
2268 1572 2410 1639 Alii

1209 1736 1423 1789 NOTAE

237 1846 495 1892 sacrorum,
540 1835 626 1884 vel
682 1835 1067 1886 sacrificiorum.
1148 1833 1292 1886 Vult'

237 1910 355 1960 enim
380 1911 578 1962 Auctor
608 1913 837 1963 Pinarius
865 1914 1143 1963 visceribus
1165 1914 1273 1964 vic-

1350 1837 1486 1902 quod
1511 1853 1685 1889 earum
1723 1847 1918 1904 partem
1947 1855 2051 1891 non
2074 1825 2412 1893 contemnen-

1349 1913 1484 1969 dam.
1503 1916 1701 1967 retulit.

236 1987 457 2037 tiniarum
504 1988 559 2037 in
592 1989 889 2039 solennibus
924 1989 1170 2040 Herculis
1194 2005 1274 2040 sa·

235 2066 328 2113 cris
366 2066 740 2116 immolatarum
792 2068 931 2118 vesci
974 2068 1274 2131 prohibitos.

235 2141 298 2190 Et
314 2142 517 2204 solennia
537 2151 645 2193 tam
662 2143 1005 2206 substantive,
1021 2159 1172 2209 qnam
1184 2144 1275 2194 ad-

226 2218 422 2280 jective,
458 2218 722 2282 dicuntur,
754 2226 814 2270 ut
842 2220 980 2284 apud
1019 2222 1276 2285 Tacitum,

234 2293 247 2320 ‘
266 2294 457 2344 Cuncta
511 2296 806 2359 nuptiarum
858 2298 1092 2348 solennia
1140 2299 1275 2349 cele·

236 2370 376 2421 brat.’
438 2374 510 2422 Et
544 2373 735 2423 Juven.
760 2374 872 2423 Sat.
897 2387 955 2424 x.
986 2376 1003 2403 ‘
1023 2375 1276 2425 Incolumi

233 2448 368 2514 'l'roja
408 2451 649 2502 Priamus
693 2453 923 2504 venisset
956 2453 1022 2503 ad
1067 2454 1274 2505 umbras

238 2527 485 2589 Assaraci,
507 2532 705 2594 magnis
729 2532 1060 2583 solennibus.’

286 2613 315 2648 τ
342 2607 420 2656 Ad
438 2608 713 2671 concilians]
764 2609 912 2660 Inter
932 2611 1198 2661 Concilium
1218 2617 1277 2661 et

240 2683 431 2733 Comitia
470 2685 568 2735 hoc
602 2685 1041 2737 discrimenrAul.
1072 2687 1275 2738 Gellius

238 2768 295 2805 ex
324 2757 481 2808 Coelio
522 2759 699 2811 Felice
734 2769 881 2813 notat
912 2763 1002 2814 lib.
1024 2777 1115 2814 xv.
1137 2763 1275 2830 qnod

241 2832 483 2885 Concilium
513 2838 725 2901 proprie
763 2838 978 2903 dicitur,
1011 2855 1129 2891 cum
1154 2855 1276 2904 para

237 2909 391 2973 aliqua
414 2915 593 2978 populi
619 2915 797 2966 adesse
819 2916 1068 2980 jubetur:
1117 2919 1276 2967 Conri-

237 2985 300 3034 tio
332 3002 470 3054 vero,
502 2990 709 3055 quaudo
748 2993 1017 3042 universus
1052 2995 1275 3058 populns

239 3075 533 3117 convocatur
565 3065 926 3132 suffragiorum
948 3068 1273 3120 ferendorum

238 3155 393 3192 causa.
436 3145 634 3195 Verum
658 3144 771 3196 haec
792 3145 1089 3197 differentia
1111 3148 1276 3198 minus

241 3219 377 3268 anxie
420 3229 655 3271 servatur
705 3222 773 3272 ab
828 3223 1145 3281 auctoribus,
1185 3225 1275 3289 qui

241 3290 438 3358 ntroqne
507 3297 755 3347 vocabulo
814 3296 925 3346 fere
987 3298 1278 3362 promiscue

243 3375 455 3420 utuntur.
520 3373 784 3423 Memorat
806 3373 1076 3424 Halicarn.
1104 3375 1192 3425 lib.
1213 3389 1277 3425 n.

242 3442 493 3497 Romulum
527 3449 596 3496 de
630 3449 916 3499 Numitoris
953 3450 1032 3500 avi
1059 3452 1277 3501 consilio

241 3534 340 3570 sese
358 3533 588 3586 paratum
608 3526 894 3575 ostendisse
910 3526 977 3574 ad
992 3528 1278 3590 suscipien-

243 3597 344 3647 dam
369 3601 494 3664 reip.
518 3602 756 3664 formam,
786 3615 1126 3666 quaecumque
1151 3604 1279 3652 mul·-

242 3674 433 3726 titudini
447 3679 687 3740 placeret
708 3694 722 3727 ε
763 3678 954 3742 populo
974 3685 1149 3727 autem
1173 3680 1271 3728 Re·

244 3749 366 3815 ginm
388 3753 655 3816 imperium
686 3748 972 3816 placuisse.'

291 3825 319 3860 ²¹
347 3829 470 3879 Jura
487 3828 644 3891 dedit]
686 3828 831 3879 Livio
856 3829 1148 3880 Glareanus
1171 3844 1274 3879 nou

244 3899 480 3954 immerito
515 3912 806 3961 succenset,
829 3905 965 3968 quod
1002 3906 1055 3953 in
1086 3919 1276 3954 memo·

217 4028 218 4031 Ἴ
245 3979 385 4026 raudo
404 3979 645 4029 Herculis
663 3980 993 4046 Evandrique
1004 3980 1279 4046 colloquio,

245 4053 382 4117 inque
402 4056 521 4106 Arm
552 4058 787 4106 maximae
820 4057 999 4108 fabula
1025 4068 1277 4120 moratu83

246 4127 361 4178 latas
383 4147 413 4180 a
436 4132 657 4182 Romulo
679 4133 817 4196 leges
855 4133 1048 4197 (prima
1078 4135 1302 4185 scilicet·

248 4204 389 4257 totius
412 4206 484 4259 rei
504 4209 745 4257 Romanoe
760 4208 1123 4273 fundamenta)
1145 4225 1277 4275 proe-

251 4285 511 4336 termiserit
536 4303 552 4333 2
607 4286 887 4351 laudatque
952 4288 1279 4354 Dionysium,

1413 1993 1545 2042 Jura
1566 1994 1723 2058 dedit]
1755 1994 1945 2046 Qualia
1972 2003 2145 2046 essent
2178 1997 2266 2046 illa
2289 1997 2412 2061 jura

1349 2080 1503 2119 nemo
1541 2082 1646 2118 non
1683 2076 1892 2133 optaret
1917 2084 1947 2119 a
1969 2070 2116 2121 Livio
2145 2071 2412 2133 traditum,

1349 2151 1411 2194 ut
1445 2152 1500 2194 et
1538 2152 1676 2196 artes
1710 2147 1889 2211 quibus
1923 2161 2137 2211 regnum
2168 2148 2410 2198 adminis-

1348 2219 1508 2270 travit
1532 2222 1800 2274 Romulus.
1849 2222 2101 2274 Profecto
2125 2224 2412 2289 Dionysius

1349 2295 1782 2347 Halicarnasseus
1807 2312 1866 2347 ea
1885 2298 1951 2347 de
1973 2299 2195 2349 Romulo
2213 2307 2412 2360 narrat,

1350 2387 1465 2436 quae
1488 2374 1771 2424 ostendunt
1792 2388 1893 2423 non
1919 2375 2042 2424 belli
2067 2383 2287 2438 tantum,
2315 2375 2410 2426 aed

1350 2448 1507 2500 etiam
1535 2449 1680 2514 pacis
1705 2450 1902 2501 artibus
1926 2453 2307 2503 ornatissimum
2329 2451 2411 2502 fu-

1349 2527 1472 2589 isse,
1514 2541 1631 2590 quae
1676 2526 1814 2590 apud
1849 2541 1965 2577 eum
2009 2529 2111 2591 legi
2150 2537 2414 2593 poterunt.

1350 2603 1530 2656 Livius
1554 2603 1762 2654 videtur
1779 2617 1946 2654 rerum
1971 2604 2271 2656 bellicarum
2295 2620 2413 2656 nar·

1352 2678 1552 2729 ratione
1605 2680 1769 2744 magis
1820 2679 2133 2746 delectatus,
2189 2683 2413 2748 ideoque

1352 2755 1478 2805 alias
1516 2754 1625 2817 fere
1660 2756 2073 2819 pretermisisse.
2143 2759 2413 2810 Multae-in

1350 2831 1430 2880 his
1451 2842 1600 2881 erant
1624 2831 1762 2896 plebi
1792 2831 2041 2885 Romanae
2067 2842 2150 2886 sat
2171 2841 2333 2899 nota,
2355 2842 2413 2887 et

1352 2909 1615 2973 pleraeque
1650 2909 1850 2958 aridum
1899 2919 2257 2971 argumentum
2302 2913 2410 2962 elo-

1350 2985 1613 3049 quentiam
1637 2983 1864 3033 libenter
1898 2987 2184 3036 ostentanti
2221 3001 2411 3052 suppe-

1349 3061 1606 3112 ditabant.
1661 3060 1734 3111 At
1752 3060 1927 3112 Graeci
1950 3062 2100 3112 aliter
2117 3072 2410 3125 senserunt,

1349 3137 1484 3202 quod
1509 3138 1690 3200 ignota
1726 3137 1830 3185 suis
1868 3136 2174 3200 scriberent,
2211 3147 2265 3188 et
2300 3139 2412 3188 nbi·

1350 3228 1449 3278 que
1474 3214 1524 3262 in
1550 3212 1788 3262 Historia
1816 3226 1919 3262 non
1959 3227 2120 3278 usque
2147 3215 2279 3266 adeo
2300 3217 2406 3265 elo-

1351 3290 1576 3354 quentiae
1618 3289 1824 3339 laudem
1868 3297 2178 3353 captarent:
2225 3300 2411 3356 estque

1350 3366 1527 3415 curiis
1561 3375 1839 3428 propterea
1878 3368 2075 3426 gratias
2112 3365 2411 3423 habeamus,

1353 3443 1511 3496 multa
1548 3443 1705 3503 enim,
1741 3441 1930 3506 absque
1955 3441 2016 3491 iis
2044 3441 2244 3499 fuisset,
2267 3442 2413 3506 igno-

1354 3531 1599 3567 raremus.
1633 3518 1691 3566 J.
1719 3516 1949 3567 Cla-icus.

1418 3591 1448 3622 *
1481 3592 1547 3641 Α.
1572 3594 1639 3642 U.
1663 3592 1722 3641 C.
1746 3598 1792 3640 1.

1417 3669 1431 3701 ¹
1467 3666 1741 3718 Lictoribm
1767 3667 2034 3730 duodecim]
2089 3666 2303 3715 Lictores
2324 3680 2412 3716 vo-

1263 3768 1268 3775 ·
1354 3752 1541 3795 cantur
1563 3757 1629 3793 ex
1658 3742 1827 3798 Festo,
1853 3743 1941 3805 qui
1961 3741 2126 3791 fasces
2150 3743 2409 3805 virgarum

1353 3821 1543 3884 ligatos
1564 3817 1762 3882 ferunt,
1780 3832 1995 3883 quorum
2011 3826 2125 3867 erat
2144 3819 2411 3883 magistra·

1355 3898 1492 3950 tibus
1506 3908 1784 3960 apparere,
1800 3894 2047 3957 populum
2070 3909 2412 3960 summovere,

1358 3980 1532 4023 sontes
1557 3971 1712 4034 virgis
1733 3969 1955 4032 cadere,
1972 3977 2027 4019 et
2050 3971 2217 4020 securi
2236 3970 2412 4024 ferire.

1356 4050 1485 4100 Ideo
1507 4051 1562 4097 in
1600 4060 1710 4109 rep.
1751 4046 1825 4094 illi
1860 4051 2061 4094 tautum
2085 4048 2411 4109 magistratus

1354 4123 1628 4175 lictoribus
1652 4122 1948 4179 utebantur,
1968 4136 2125 4185 penes
2149 4138 2277 4187 quos
2299 4132 2412 4175 erat

1356 4198 1646 4264 imperium.
1711 4193 1981 4247 Differunt
2001 4198 2176 4263 itaque
2197 4200 2414 4252 Lictorea

1360 4295 1391 4329 a
1429 4275 1727 4340 viatoribus,
1773 4275 1861 4340 qui
1895 4276 2278 4341 magistratibus
2317 4277 2408 4327 mi-
