3034 4925
600 379 733 448 648
1509 385 1600 437 Δι’.
1647 386 1839 437 mvn

601 550 745 607 tum
789 524 1206 625 plebisque.’'
1265 534 1400 601 His
1446 539 1710 599 senatus
1757 531 2082 598 consultis
2127 531 2481 619 perfectis,
2535 529 2806 597 dimisso

604 648 859 718 senatu,
901 640 1254 706 decemviri
1299 636 1626 723 prodeunt
1658 638 1725 701 in
1759 635 2173 715 concionem,
2229 635 2702 719 abdicantque
2740 654 2809 698 se

604 746 1017 828 magistratu,
1037 740 1283 824 ingenti
1304 738 1640 803 hominum
1652 738 1919 812 laetitia.
1978 736 2403 803 Nuntiantur
2424 737 2586 802 haec
2610 736 2807 820 plebi.

606 847 921 931 Legatos,
946 843 1268 930 quicquid
1290 842 1361 905 in
1380 840 1567 906 Urbe
1589 841 1931 906 hominum
1949 847 2319 925 supererat,
2349 838 2811 923 prosequitur.

608 948 796 1014 Huic
827 946 1233 1012 multitudini
1268 946 1427 1010 laeta
1454 943 1591 1009 alia
1620 946 1814 1010 turba
1843 963 1931 1009 ex
1952 942 2187 1008 castris
2217 943 2550 1007 occurrit.
2646 940 2812 1005 Gon-

608 1049 1024 1133 gratulantur
1066 1048 1448 1112 libertatem
1486 1044 2048 1129 concordiamque
2095 1044 2365 1110 civitati
2416 1043 2814 1108 restitutam.

609 1152 843 1234 Legati
889 1169 1015 1235 pro
1067 1149 1431 1216 concione:
1474 1152 1496 1184 ‘
1529 1147 1734 1228 Quod
1779 1149 2055 1226 bonum,
2111 1146 2444 1224 faustum,
2511 1144 2813 1227 felixque

611 1255 705 1320 sit
753 1254 970 1333 vobis,
1013 1254 1242 1337 reique
1290 1252 1603 1336 publicae,
1654 1252 1873 1317 redite
1915 1251 1985 1316 in
2030 1250 2320 1333 patriam
2373 1248 2477 1312 ad
2520 1254 2816 1331 penates,

612 1355 956 1442 conjugeS,
997 1358 1378 1441 liberosque
1406 1362 1670 1421 vestros
1699 1355 1729 1416 τ’
1764 1354 1908 1432 sed,
1943 1371 2083 1437 qua
2107 1352 2220 1416 bic
2253 1350 2625 1416 modestia
2666 1348 2817 1412 fnis-

609 1462 716 1541 tis,
760 1463 876 1526 ubi
922 1461 1170 1526 nullius
1217 1480 1376 1542 ager
1419 1462 1491 1525 in
1533 1465 1638 1524 tot
1680 1478 1896 1523 rerum
1943 1464 2113 1522 usu³
2150 1454 2570 1526 ‚necessario
2623 1456 2819 1515 tantae

611 1563 1015 1629 multitudini
1065 1569 1168 1628 est
1212 1563 1523 1640 violatuS,
1572 1580 1719 1628 eam
1761 1559 2156 1624 modestiam
2194 1556 2367 1620 ferte
2411 1555 2493 1618 in
2542 1551 2819 1617 Urbem.

615 1665 700 1729 In
726 1664 1130 1729 Aventinum
1173 1665 1282 1742 ite,
1320 1665 1495 1729 unde
1525 1661 1808 1747 profecti
1839 1661 2027 1727 estis.
2115 1658 2227 1724 Ibi
2253 1657 2450 1722 felici
2482 1656 2683 1732 loco,
2710 1653 2819 1716 ubi

612 1766 832 1849 prima
874 1767 1070 1831 initia
1110 1767 1474 1830 inchoastis
1527 1764 1857 1831 libertatis
1904 1770 2166 1839 vcstrae,
2212 1760 2534 1825 tribunos
2596 1756 2823 1839 plebi⁴

611 1868 951 1934 creabitis.
1036 1868 1302 1934 Praesto
1352 1871 1477 1934 erit
1521 1866 1830 1953 pontifex
1857 1865 2214 1941 maximuS,
2245 1862 2366 1946 qui
2394 1858 2692 1925 comitia
2718 1858 2817 1921 ha-

612 1969 817 2036 beat?
900 1972 1149 2053 Ingens
1180 1991 1494 2038 assensus
1524 1971 1981 2052 alacritasque
2012 1970 2254 2032 cuncta
2284 1961 2817 2048 approbantium

613 2073 761 2153 fuit.
846 2072 1251 2140 Convellunt
1271 2082 1296 2123 ⁵
1324 2074 1481 2140 inde
1514 2074 1763 2155 signa:
1791 2069 2201 2155 profectique
2227 2064 2540 2130 Romam
2568 2066 2820 2127 certant

513 2201 519 2206 ⁴
619 2194 768 2240 cum
813 2176 1031 2241 obviis
1077 2176 1347 2260 gaudio.
1434 2174 1697 2240 Armati
1743 2193 1866 2258 per
1917 2171 2146 2236 urbem
2188 2166 2463 2232 silentio
2493 2166 2575 2229 in
2603 2162 2819 2227 Aven-

619 2276 830 2341 tinum
862 2280 1278 2359 perveniunt.
1341 2277 1451 2341 Ibi
1480 2276 1839 2359 extemplo,
1868 2271 2192 2357 pontifice
2212 2268 2522 2334 maximo
2549 2257 2818 2354 comitia

618 2376 929 2457 habente,
971 2379 1269 2445 tribunos
1322 2378 1546 2464 plebis
1594 2384 2007 2453 creaverunt,
2054 2372 2349 2437 omnium
2400 2369 2702 2453 primum
2742 2362 2817 2428 A·

619 2479 1052 2563 Virginium‚⁶
1082 2481 1237 2547 inde
1270 2483 1346 2546 L.
1371 2479 1694 2561 Icilium,b
1723 2488 1793 2545 et
1821 2480 1899 2544 P.
1923 2476 2379 2544 Numitorium
2411 2469 2814 2537 avunculum

620 2579 968 2664 Virginiae,
1021 2588 1329 2648 auctores
1375 2583 1804 2648 secessionis.
1891 2581 2070 2644 Tum
2121 2577 2202 2644 G.
2255 2573 2627 2649 Sicinium,
2674 2586 2814 2653 pro-

624 2684 882 2769 geniem
903 2693 929 2733 ⁷
974 2684 1167 2769 ejus,c
1215 2705 1411 2768 quem
1459 2684 1741 2768 primum
1772 2683 2114 2749 tribunum
2153 2677 2374 2763 plebis
2421 2679 2727 2740 creatum
2751 2668 2812 2733 in

1539 2861 1905 2886 ΟΜΟΟΜΟ,

690 2985 723 3031 2
757 2982 976 3034 Quidam
1019 2981 1143 3032 libb.
1168 2981 1318 3033 Haud
1351 2983 1640 3046 ignavae—3
1673 2980 1905 3041 Gronov.
1939 2976 2158 3040 Donjat.
2198 2970 2430 3024 Crevier.
2462 2982 2559 3019 m
2590 2980 2817 3016 reru.—

625 3049 659 3094 4
692 3046 857 3096 Plebis
877 3048 1201 3097 Crevier.--5
1237 3048 1253 3075 ‘
1274 3050 1566 3097 convertunt
1587 3046 1719 3096 Edd.
1741 3059 1773 3093 a
1795 3045 2042 3094 Rhenano
2070 3039 2136 3090 ad
2160 3037 2452 3096 Clericum3
2488 3035 2815 3088 mu·

626 3109 731 3160 Ms.
754 3112 950 3161 Veithss
979 3111 1265 3162 Stroth—6
1298 3113 1359 3161 1..
1390 3111 1666 3174 virginium
1691 3107 1972 3174 legendum
2003 3113 2180 3157 monet
2214 3103 2439 3167 Rupert.
2460 3097 2612 3163 qnod
2649 3102 2705 3145 et
2735 3094 2818 3142 dat

1611 3224 1829 3308 Noa-in

691 3355 717 3384 ³
750 3349 1026 3400 Convellunt
1046 3352 1158 3401 inde
1176 3352 1341 3417 signa]
1390 3350 1689 3404 Retinenda
1763 3366 1884 3417 quae
1904 3349 2179 3413 editiones,
2198 3351 2253 3397 et
2271 3341 2400 3395 libb.
2420 3340 2558 3392 Mss.
2584 3332 2820 3387 nnllafuit

628 3424 892 3483 Gronovio
907 3425 1111 3476 videtur
1122 3435 1271 3477 vetus
1283 3428 1686 3492 haeclectio,ad-
1767 3427 1900 3477 ratio
1952 3422 2305 3490 relinquenda
2361 3414 2719 3468 correctionis
2762 3409 2817 3459 B.

628 3514 805 3550 versus
830 3503 1149 3567 Rhenanam,
1170 3503 1254 3553 cui
1289 3504 1549 3568 placebat,
1583 3520 1690 3555 con·
1766 3502 2023 3563 Rhenani,
2045 3516 2110 3551 ex
2130 3514 2227 3566 qua
2247 3493 2530 3560 legebam?
2541 3490 2819 3541 MWU‘·

629 3582 818 3626 vertunt
840 3579 949 3627 inde
968 3579 1129 3641 sigum
1181 3580 1394 3630 Conveni
1413 3581 1556 3643 signa
1569 3595 1683 3644 pro·
1767 3578 1891 3629 Vid.
1912 3578 1965 3630 J.
1988 3578 2048 3626 F.
2072 3574 2411 3627 Gronovium.
2445 3569 2503 3616 J.
2534 3564 2766 3615 ctericus-

628 3653 742 3716 prie
779 3654 1034 3717 dicuntur,
1074 3670 1191 3705 curn
1219 3657 1474 3720 incipiunt
1493 3654 1690 3707 moveri
1831 3653 1857 3688 b
1908 3653 1970 3703 A.
2020 3649 2314 3712 Virginium,
2353 3645 2470 3692 inde
2510 3642 2582 3691 L.
2624 3632 2815 3720 Icilii-⁸]

631 3743 662 3778 e
685 3730 888 3779 stativis
913 3729 997 3780 ubi
1021 3729 1126 3780 fixa
1147 3730 1374 3790 fuerant,
1399 3739 1456 3783 ut
1479 3746 1616 3781 nunc
1638 3731 1688 3781 in
1766 3727 2027 3792 Virginius
2048 3726 2134 3775 hic
2171 3723 2307 3772 idem
2341 3718 2527 3784 procul
2554 3715 2714 3765 dubio
2732 3711 2819 3760 flu!

628 3813 807 3855 monte
847 3806 1040 3858 Sacro:
1084 3808 1302 3857 converti
1334 3815 1527 3869 autem,
1571 3822 1688 3857 cum
1718 3869 1720 3871 ‚
1768 3805 1834 3855 de
1852 3818 1952 3868 qno
1972 3808 2113 3863 ante,
2127 3798 2366 3849 nimirum
2387 3802 2546 3858 pater
2563 3788 2820 3853 virginit,

624 3879 736 3941 jam
770 3882 975 3932 sublata
1010 3887 1149 3942 sunt,
1169 3883 1253 3932 vel
1275 3883 1326 3932 in
1352 3883 1437 3933 via
1460 3889 1689 3933 retroce—
1768 3871 1827 3932 ιἰἱ
1847 3880 2027 3931 Icilius
2062 3890 2301 3942 sponsus,
2324 3870 2661 3925 Numitorius
2680 3877 2819 3915 avun-

630 3953 856 4005 dendnrn
875 3962 975 4022 est,
999 3958 1083 4007 vel
1104 3958 1156 4006 in
1175 3957 1286 4007 acie
1312 3957 1376 4008 ab
1399 3973 1502 4007 una
1523 3959 1574 4007 in
1598 3958 1690 4006 ali·
1768 3958 1935 4019 culus„
1969 3954 2057 4021 qni
2091 3961 2197 4003 tres
2222 3952 2467 4001 auctores
2488 3945 2645 3994 fuere
2667 3952 2817 3991 seca·

632 4042 713 4077 am
742 4038 940 4092 partem
978 4032 1378 4083 incumbendum
1404 4034 1457 4082 in
1478 4034 1684 4094 husten
1767 4033 1939 4083 sionis.
2004 4031 2247 4079 Erratum
2265 4027 2426 4090 igitur
2446 4023 2537 4072 bic
2556 4023 2612 4071 in
2634 4029 2817 4084 preno-

632 4104 771 4166 quod
801 4108 1031 4169 pluribus
1065 4109 1318 4173 exemplis
1355 4109 1422 4158 ab
1455 4108 1686 4160 Gronov.
1766 4109 1906 4158 mine
1939 4104 2181 4169 virginii,
2201 4116 2357 4168 quem
2388 4106 2448 4150 et
2468 4097 2650 4148 Livius
2679 4103 2816 4155 supra

631 4176 885 4231 firmatur.
1769 4198 1890 4247 cap.
1908 4185 1992 4233 44.
2014 4187 2072 4230 et
2095 4177 2384 4245 Dionysius
2403 4173 2612 4227 Lucin-
2629 4172 2817 4228 wetti,

702 4255 1001 4323 Conveltnmt]
1031 4259 1161 4313 Cum
1182 4261 1258 4312 sic
1278 4261 1530 4313 haberent
1555 4261 1687 4314 anti·
1766 4273 1873 4311 non
1891 4254 2083 4309 Aulam.
