3034 4925
2331 357 2463 427 ⁵43

1063 382 1204 429 mn.
1248 379 1365 429 ur.
1413 379 1577 429 cap.
1621 364 1684 426 ’7.

260 540 532 611 aetatem
578 552 660 598 ae
703 531 1156 597 valetudinem
1196 531 1525 612 poterant,
1555 542 1675 609 per
1706 544 1780 589 se
1812 524 1941 607 ipsi
1973 523 2288 588 obibant:
2334 524 2467 588 cir·-
2551 605 2559 611 α

256 638 466 704 cuitio
496 657 578 701 ae
609 632 812 701 onra⁶
843 633 1137 700 aedilium
1156 639 1181 678 ‘¹
1220 629 1485 715 plebeir
1514 636 1678 693 erat.
1768 623 1881 691 Ad
1912 644 2031 690 eos
2060 644 2318 691 summa
2359 644 2463 691 ree

257 762 404 807 rum
437 760 518 805 ae
546 738 866 822 majestas
896 734 1271 801 consularis
1300 732 1559 816 imperii
1589 735 1879 795 venerat.
2380 786 2385 791 .

345 845 410 908 7.
457 842 745 907 Deserta
784 839 1027 914 omnia,
1074 838 1219 901 sine
1261 837 1510 918 eapite,
1554 821 2020 908 sine'viribus,
2066 830 2186 894 Dii
2231 830 2461 914 prasi·-

258 947 428 1011 des*
475 966 558 1012 ao
600 945 865 1010 fortuna
912 941 1118 1007 Urbis
1165 946 1379 1005 tutata
1418 942 1543 1015 est,
1587 955 1741 1020 quae
1767 933 2048 999 Volscis
2080 932 2464 1015 AEquisque
2530 1007 2535 1013 q

257 1048 656 1131 praedonum
705 1046 936 1129 potius
988 1050 1303 1120 mentem,
1350 1060 1553 1124 quam
1599 1038 1914 1111 hostium,
1966 1034 2172 1099 dedit.
2260 1031 2465 1097 Adeo

257 1150 436 1215 enim
455 1158 480 1199 ⁷
499 1156 519 1185 ⁸
562 1148 744 1214 nulla
775 1164 936 1230 spes
964 1165 1102 1209 non
1133 1143 1445 1228 potiundi
1472 1142 1703 1219 mode,
1732 1139 1849 1204 sed
1879 1158 1963 1203 ne
1995 1135 2283 1215 adeundi
2314 1137 2464 1219 qni·

256 1251 417 1316 dem
437 1249 752 1315 Romana
775 1246 1071 1325 moenia:
1095 1247 1353 1312 animos
1384 1265 1610 1310 eorum
1645 1243 1847 1327 cepit,
1870 1247 2192 1323 tectaque
2223 1238 2462 1322 procul

1182 1426 1545 1449 OOOOOOOOOOO

254 1550 589 1600 astercum—5
629 1548 748 1596 Vet.
785 1546 876 1597 lib.
910 1562 997 1609 ap.
1032 1545 1208 1609 Sigon.
1248 1545 1581 1594 tristiora.-6
1614 1544 1630 1570 ‘
1654 1542 1889 1592 Cin-uitio
1914 1554 2010 1603 per
2032 1536 2251 1591 Urbem,
2270 1533 2462 1582 ordinis

255 1617 439 1665 t‘nendi
464 1627 637 1674 caiisa,
670 1621 760 1661 ant
783 1612 951 1660 obitus
975 1621 1028 1660 et
1052 1612 1287 1659 lustratio
1323 1610 1630 1673 vigiliarum,
1669 1609 1769 1672 (die
1792 1602 2006 1667 Ronde‚)
2040 1618 2096 1652 ασ
2131 1616 2243 1651 σανα
2269 1599 2466 1661 vigilia-

258 1681 413 1730 rum?
461 1694 526 1729 an
565 1679 790 1728 omnium
822 1692 1013 1732 rerum,
1045 1677 1109 1726 ad
1136 1678 1354 1725 salutem
1382 1676 1455 1723 rei
1481 1674 1700 1739 publicae
1727 1667 2132 1735 pertinentium?
2168 1664 2304 1715 lund
2331 1678 2466 1726 prae·

257 1746 459 1795 stiterit
484 1761 500 1792 z
549 1758 663 1792 nam
699 1745 773 1792 ita
812 1743 1001 1804 saepius
1041 1744 1092 1791 in
1125 1757 1311 1805 magna
1333 1741 1491 1790 Urbis
1517 1738 1866 1804 trepidatione
1890 1737 2112 1785 minores
2136 1731 2465 1791 magistratus

259 1811 463 1874 vigilias
486 1808 908 1871 circumirejnssi
928 1814 1065 1857 sunt.
1102 1806 1185 1857 Cf.
1211 1820 1401 1855 xxxii.
1420 1810 1501 1855 26.
1528 1817 1732 1855 xxxix.
1756 1807 1836 1853 14.
1863 1806 1941 1852 16.
1980 1801 2258 1850 Senatores
2283 1797 2464 1857 itaque

256 1877 613 1940 gregariorum
637 1874 875 1936 militum,
898 1873 1076 1923 aediles
1099 1872 1332 1936 equitum
1357 1885 1571 1920 munere
1596 1869 1899 1933 funguntur.
1966 1865 2071 1915 Sed
2096 1865 2172 1912 sie
2196 1860 2336 1911 forte
2361 1859 2466 1909 dela

258 1958 320 1990 ασ
341 1957 471 1996 σανα,
494 1941 676 1989 saltem
699 1955 755 1987 ασ
769 1955 789 1996 ,·
822 1948 912 1988 aut
935 1939 1034 2000 leg.
1056 1937 1346 1986 circuitionis
1362 1951 1477 1984 cura
1497 1935 1625 1983 oedil.
1650 1931 1938 1997 (aedilibus)
1970 1931 2037 1993 pl.
2075 1933 2204 1988 erat,
2237 1927 2340 1984 vel,
2370 1925 2467 1971 cir·

255 2006 408 2056 euitio
428 2006 671 2062 αοσὲαναα,
695 2013 753 2053 ut
776 2006 790 2032 ‘
817 2004 1101 2068 vigiliarum
1126 2010 1489 2050 nocturnarum
1515 2015 1636 2047 cura
1652 1998 1667 2019 '
1692 2011 1893 2046 xxxix.
1917 1999 1997 2044 16.
2021 2003 2160 2042 extr.
2209 1991 2260 2039 Si
2287 2003 2464 2037 vocem

255 2086 374 2121 curn
396 2072 484 2121 illo
506 2071 753 2134 ampliore
776 2084 928 2119 sensu
955 2075 1169 2132 propter
1202 2081 1342 2130 seqq.
1369 2065 1654 2128 acceperis,
1674 2063 1891 2111 obscure
1913 2058 2177 2108 sententia
2199 2068 2465 2117 expressa.

259 2137 457 2186 Nescio
483 2145 672 2195 tamen,
697 2150 790 2185 eur
814 2134 937 2183 mihi
971 2140 1245 2194 tantopere
1276 2130 1589 2194 displiceant
1621 2129 1779 2178 verba
1808 2141 1864 2175 ασ
1895 2139 2026 2184 σανα,
2058 2137 2171 2187 quae
2208 2118 2464 2168 neminem

258 2202 431 2266 intpp.
455 2199 734 2251 offendisse
754 2197 1041 2250 videntur?
1077 2198 1281 2261 Καρσί.

1209 2385 1220 2393 ,
1247 2345 1468 2396 No'rAE

257 2447 489 2499 beiornm
513 2447 742 2498 obibant.

322 2536 348 2568 ⁴1
387 2526 619 2575 circuitio
656 2540 712 2575 ασ
744 2525 881 2589 σανα]
918 2525 1067 2575 Onus
1100 2523 1320 2573 circum-

258 2603 417 2654 eundi
463 2602 685 2665 vigilias,
724 2615 915 2666 easque
962 2599 1217 2660 mutandi,
1237 2599 1322 2664 (de

243 2681 387 2743 faire
417 2684 467 2730 ια
500 2678 689 2743 ronde,)
723 2686 777 2729 et
814 2679 1010 2741 reliqna
1045 2679 1324 2742 primatum

256 2761 313 2808 in
343 2757 612 2807 obsidione
634 2757 800 2805 munia
824 2756 1065 2805 obeundi.

325 2843 346 2868 ¹·
379 2835 611 2883 AEdilium
629 2833 804 2897 plebei]
837 2832 1209 2882 Secessionein
1235 2830 1324 2879 Sa·

257 2926 408 2962 erum
444 2917 690 2971 montem,
712 2925 794 2960 an.
834 2910 900 2959 U.
926 2911 987 2960 C.
1023 2912 1139 2959 261.
1175 2908 1323 2971 plebs

256 2988 581 3049 obtinuerat,
615 2995 673 3037 ut
696 2987 793 3036 sibi
816 2987 1001 3037 liceret
1022 3000 1052 3035 e
1084 3000 1178 3034 sno
1210 2999 1323 3034 cor—

258 3077 392 3132 pore
416 3065 592 3115 aediles
617 3065 746 3114 duos
771 3079 886 3113 euni
915 3063 1131 3113 tribunis
1156 3062 1323 3127 plebis

259 3158 466 3200 creare,
492 3145 576 3205 qui
600 3150 775 3191 essent
799 3143 979 3191 horum
1011 3142 1155 3191 velut
1178 3140 1322 3198 socii,

258 3228 355 3270 aut
395 3218 650 3279 ministri3
705 3217 895 3283 quique
939 3216 1081 3266 initio
1111 3216 1324 3280 judices

259 3298 409 3357 dieti,
432 3295 570 3359 qnod
609 3296 727 3343 lites
764 3295 1030 3343 nonnullas
1057 3293 1206 3357 jussu
1232 3293 1323 3343 tri-

257 3377 517 3425 bunorum
540 3372 910 3435 dijudicarent.
977 3370 1172 3419 Postea
1203 3369 1324 3419 aedi·

258 3454 342 3500 les
364 3449 615 3512 appellati
640 3455 760 3497 sunt
794 3448 859 3496 ab
881 3446 1165 3497 officiorum
1188 3462 1321 3497 unet

256 3526 525 3575 habebant
550 3526 684 3574 enim
720 3524 906 3572 aedimn
944 3537 1220 3586 sacrarum,
1249 3524 1322 3573 lo-

256 3617 440 3653 corum
485 3602 829 3665 publicorum,
869 3607 925 3649 et
967 3614 1207 3661 annona»,
1246 3614 1326 3648 re·

257 3694 484 3745 rumque
524 3681 740 3728 aliarum
773 3692 986 3739 euram;
1022 3676 1325 3726 Graeeomrn

213 3764 217 3766 ‘
256 3760 585 3824 agornnomis
622 3773 809 3821 magna
841 3773 906 3807 ex
930 3763 1083 3821 parte
1114 3756 1328 3817 slmiles,

256 3842 476 3886 anctore
500 3835 745 3897 Dionysio
768 3835 854 3884 lib.
890 3849 966 3884 vi.
1016 3834 1120 3883 Alii
1143 3840 1328 3897 postea

254 3913 461 3977 aediles,
496 3926 741 3961 concesso
776 3911 913 3975 plebi
943 3913 1061 3975 jure
1095 3911 1327 3960 consula·

262 3998 375 4050 tus,
411 3988 586 4037 creari
619 3987 925 4052 eoepere'ex
961 3987 1212 4052 patriciis,
1235 4002 1325 4037 ex·

260 4067 442 4129 emplo
479 4064 725 4127 praetoris
766 4079 846 4112 an.
868 4065 936 4114 U.
963 4065 1022 4113 C.
1047 4067 1162 4113 306.
1231 4063 1322 4124 Hi,

259 4141 332 4192 ad
356 4139 707 4189 differentiam
743 4140 1081 4203 plebeiorum,
1118 4140 1324 4189 curules

1403 2458 1588 2508 genus,
1610 2447 1665 2491 et
1702 2440 1868 2503 ipsum
1905 2451 1933 2486 e
1975 2432 2226 2498 patriciis,
2260 2428 2466 2480 institu-

1403 2530 1511 2571 tum
1557 2536 1638 2569 an.
1680 2522 1799 2568 709.
1842 2531 1870 2564 a
1913 2513 2021 2566 Jul.
2066 2514 2292 2566 Caesare,
2337 2505 2465 2572 quos
2530 2513 2535 2522 ’

1404 2599 1644 2649 Cereales
1658 2594 1878 2656 vocavit,
1896 2589 2032 2656 quod
2052 2588 2310 2637 frumento
2333 2598 2464 2648 prae·

1403 2680 1596 2725 essent.

1473 2761 1493 2808 t
1533 2750 1623 2801 Dii
1660 2749 1904 2813 menoides,
1934 2739 2039 2807 mn]
2077 2741 2247 2790 Multo
2278 2736 2466 2802 proba—

1405 2828 1593 2877 biliora
1615 2835 1734 2876 sunt
1760 2839 1873 2887 quae
1897 2822 2053 2869 habet
2079 2816 2354 2881 Dionysius
2375 2814 2465 2863 lib.

1406 2917 1486 2954 lx.
1506 2919 1554 2953 e.
1573 2906 1653 2951 68.
1677 2900 1764 2950 ubi
1787 2897 2016 2948 ostendit
2044 2902 2239 2943 tantam
2265 2905 2365 2941 non
2387 2887 2466 2938 fu·

1404 2981 1505 3030 isse
1529 2978 1880 3044 pestilentiam
1904 2982 1963 3023 ut
1988 2970 2203 3022 Rotnani
2228 2984 2318 3042 sua
2341 2984 2465 3017 rnoe-

1407 3059 1493 3108 nia
1512 3058 1644 3108 tneri
1669 3069 1769 3104 non
1797 3058 2030 3117 possent,
2048 3049 2309 3112 docetque
2330 3060 2466 3111 qnae·

1405 3153 1524 3188 nam
1568 3142 1740 3187 essent
1785 3133 1924 3184 urbis
1968 3129 2296 3179 munitiones.
2360 3125 2463 3174 Sed

1406 3215 1583 3266 Livius
1606 3213 1669 3262 ad
1708 3210 1939 3276 prodigia
1976 3216 2031 3257 et
2067 3208 2208 3256 Deos
2245 3203 2466 3253 libenter

1405 3290 1759 3356 confugiebat.
1826 3289 1999 3336 Tanta
2036 3297 2138 3333 non
2164 3287 2280 3330 erat
2304 3279 2466 3342 pestis

1405 3372 1456 3420 in
1500 3384 1624 3433 agro
1666 3368 1919 3425 Romano,
1951 3360 2072 3426 quin
2108 3360 2280 3407 hostes
2308 3357 2361 3403 in
2402 3368 2466 3403 eo

1407 3445 1582 3509 vagari
1603 3457 1704 3492 non
1727 3440 1998 3490 auderent,
2038 3449 2098 3483 ae
2122 3430 2337 3496 proinde
2361 3443 2464 3477 non

1405 3522 1623 3570 deerant
1641 3517 1939 3566 defensores
1962 3511 2133 3559 muris.
2164 3510 2218 3556 J.
2239 3506 2466 3556 Clericus.

1470 3606 1488 3630 ⁸
1521 3596 1657 3646 Adeo
1698 3592 1851 3654 enim]
1887 3590 2007 3640 Non
2044 3584 2193 3635 video
2226 3583 2311 3632 cui
2352 3581 2466 3631 usui

1408 3670 1663 3737 particula
1701 3667 1843 3717 enim.
1912 3662 2156 3713 Delenda
2188 3673 2328 3721 ergo,
2367 3657 2466 3707 nisi

1407 3748 1536 3798 velis
1575 3752 1730 3795 totam
1767 3741 2034 3807 periodum
2067 3738 2140 3787 sie
2165 3739 2463 3786 invertere:

1407 3828 1540 3877 Adeo
1560 3824 1685 3874 enim
1707 3822 1839 3871 nulla
1870 3833 1975 3881 spes
2005 3814 2228 3880 potiundi
2248 3813 2466 3863 Romana

1406 3903 1579 3953 Μία
1620 3901 1804 3950 animos
1839 3909 1996 3945 eorum
2033 3892 2156 3955 cepit
2180 3905 2196 3938 .·
2229 3894 2283 3938 ut
2320 3904 2380 3937 ne
2409 3901 2465 3939 σα

1406 3982 1595 4046 quidem
1612 3975 1821 4028 adeundi
1849 3985 1978 4021 mem
1997 3967 2191 4031 ceperit.
2456 3971 2461 3976 “

1467 4060 1486 4092 t
1510 4059 1586 4107 Ne
1607 4053 1812 4105 adeundi
1833 4050 2019 4113 quidem
2044 4047 2254 4095 Romana
2273 4041 2465 4105 moenia]

1405 4133 1685 4198 Dionysius
1706 4129 1796 4178 lib.
1822 4140 1902 4176 tx·
1930 4139 1962 4173 a
1985 4123 2188 4172 Volscis
2211 4129 2264 4169 et
2289 4120 2464 4182 AEquis

177 4213 186 4217 ⁷
257 4218 539 4282 appellati.
607 4213 722 4267 Qua
753 4216 819 4266 de
859 4230 915 4265 re
959 4216 1049 4265 lib.
1089 4229 1165 4265 vr.
1204 4230 1320 4278 cap.
1401 4218 1655 4261 tentatam
1672 4205 1898 4271 quidem,
1918 4199 2464 4261 sed-frustra‚Romam

255 4299 359 4349 ult.
381 4306 435 4347 et
460 4294 547 4345 lib.
572 4307 673 4346 vn.
694 4309 743 4346 e.
768 4299 813 4343 1.
846 4295 1079 4345 Tertium
1097 4295 1320 4344 aedilium
1399 4290 1586 4339 urbem
1605 4286 1709 4336 ait:
1733 4283 1882 4347 cujus
1902 4282 2118 4332 salutem
2139 4276 2322 4341 partim
2348 4272 2461 4335 ejus
