3034 4925
1115 357 1573 443 'maronica
2369 377 2499 445 150

714 547 997 610 364-375.
1048 546 1497 609 Valentinianus
1520 553 1582 607 et
1615 544 1824 607 Valens
1850 544 2076 610 fratres.

380 664 495 725 Ille
522 659 929 734 Occidentem,
979 660 1078 721 hic
1108 658 1411 720 Orientem
1456 658 1989 720 administrandum
2039 660 2267 742 recipit.
2352 661 2491 723 365.

304 759 596 822 Antonini
623 762 773 841 Aug.
811 758 1196 819 Itinerarium.
1266 756 1495 818 Marius
1522 756 1876 824 Victorinus.
1946 758 2088 819 Sex.
2119 758 2332 819 Rufus.
2376 758 2493 820 Pa·

301 860 468 939 gani.
575 859 714 918 367.
764 857 1120 930 Gratianus,
1160 854 1560 916 Valentiniani
1619 854 1776 916 filius
1843 855 2136 928 octennis,
2184 857 2493 937 Angustus

301 955 538 1020 dicitur.
625 957 763 1015 370.
844 953 1153 1035 Vegetius.
1218 953 1609 1035 Euphraemus
1665 952 1866 1035 Syrus.
1921 951 2272 1034 Ampelius?
2355 955 2495 1017 372.

296 1051 634 1132 Gregorius
665 1051 1001 1133 Nyssenus.
1069 1052 1354 1115 Avienus.
1440 1055 1579 1113 374.
1632 1071 1726 1132 sq.
1772 1050 2161 1133 Migrationes
2210 1051 2493 1132 gentium,

297 1149 751 1210 Valentinianus
806 1150 1165 1211 Alamannos
1201 1160 1262 1211 et
1309 1151 1579 1212 Saxones
1631 1146 1848 1231 saepius
1901 1148 2103 1224 vincit,
2143 1157 2206 1211 et
2250 1149 2391 1210 375.
2432 1148 2495 1208 in

299 1244 619 1308 Pannonia
646 1245 907 1330 moritur.

406 1443 485 1503 37
490 1443 703 1502 5-378.
752 1439 1088 1504 Gratianus
1114 1449 1174 1504 et
1202 1440 1650 1504 Valentinianus
1678 1440 1766 1505 ΙΙ.
1809 1440 2042 1517 fratres,
2068 1451 2129 1506 et
2163 1439 2389 1503 Valens.

374 1568 625 1645 Valens‘,
655 1572 1004 1665 Arianorum
1052 1574 1266 1648 fautor,
1307 1574 1629 1657 Ulphilam,
1656 1575 1999 1656 episcopum
2026 1573 2335 1645 Arianum,
2367 1570 2493 1632 Go-

294 1669 411 1731 this
440 1669 644 1746 mittit,
671 1669 1012 1751 religionem
1041 1671 1441 1734 Christianam
1468 1673 1743 1754 amplecti
1770 1672 2172 1752 cupientibus,
2199 1679 2261 1730 et
2289 1671 2427 1730 378.
2456 1687 2496 1730 a

294 1768 514 1828 Gothis
541 1777 603 1829 et
645 1767 853 1829 Alanis
892 1770 1084 1830 victus
1122 1768 1183 1830 in
1216 1769 1451 1850 tugurio
1478 1780 1791 1832 crematur.
1876 1770 2014 1831 378.
2058 1765 2283 1829 Paulus
2316 1765 2495 1828 Alex-

295 1864 469 1924 andr.

621 1980 906 2091 378-583.
955 2029 1306 2104 Gratianus,
1341 2030 1570 2094 Valent.
1601 2028 1692 2091 ΙΙ.
1723 2039 1785 2090 et
1820 2027 2199 2090 Theodosius.

370 2156 536 2220 Huic
586 2157 801 2219 Oriens
844 2160 1184 2241 permissus.
1268 2163 1408 2224 379.
1448 2161 1750 2222 Ausonius
1792 2179 1920 2222 cos.
1966 2158 2127 2221 Zeno
2156 2158 2319 2232 Afer,
2362 2156 2487 2238 epi-

291 2274 514 2336 scopus
556 2255 937 2330 Veronensis,
960 2256 1085 2318 Jul.
1119 2258 1530 2339 obsequens?
1574 2260 1787 2321 380·3.
1832 2258 2183 2319 Artaxerxes
2213 2276 2293 2317 11.
2339 2256 2488 2315 380·

287 2355 431 2414 450.
477 2353 754 2414 Socrates
810 2351 1232 2430 scholasticus,
1272 2355 1412 2416 hist.
1458 2355 1676 2417 eccles.
1776 2357 1918 2420 381.
1963 2354 2303 2416 Concilium
2330 2371 2488 2413 oecu·

286 2471 441 2512 meu.
490 2450 1010 2532 Constantinopol.
1096 2456 1304 2515 ssa-8.
1346 2453 1536 2536 Sapor
1566 2474 1677 2516 ιιι.
1764 2454 1910 2512 383.
1959 2452 2290 2523 Maximus,
2334 2447 2517 2510 Gal-f

283 2548 378 2609 liae
400 2568 651 2629 praeses,
678 2548 953 2629 Lugduni
982 2550 1204 2611 occidit
1229 2550 1602 2623 Gratianum,
1631 2559 1693 2612 et
1717 2548 2026 2632 imperium
2053 2547 2276 2631 arripit.

671 2743 966 2802 383-392.
1009 2741 1463 2807 Valentinianus
1492 2744 1585 2805 ῙῙ.
1625 2753 1687 2804 et
1718 2740 2094 2805 Theodosius.

363 2867 657 2929 388-389.
699 2869 1032 2932 Vararanes
1078 2892 1175 2934 1v.
1275 2875 1416 2936 390.
1461 2873 1860 2943 Heliodorum
1903 2872 2111 2933 Theon
2132 2890 2151 2941 ς
2196 2869 2472 2951 Pappusss

286 2962 521 3027 Festus.
605 2969 743 3028 392.
784 2968 1235 3033 Valentinianus
1266 2990 1360 3033 11.
1390 2971 1739 3034 Arianorum
1782 2977 1977 3032 fautor
2016 2978 2080 3031 et
2119 2969 2194 3030 ab
2236 2987 2293 3029 a.
2331 2968 2472 3028 388.

281 3061 342 3169 in
371 3062 575 3123 Gallia
602 3066 789 3126 otiose
816 3065 1043 3143 vivens,
1072 3067 1320 3129 Viennae
1348 3067 1425 3129 ad
1474 3069 1832 3130 Rhodanum
1862 3066 2091 3130 insidiis
2120 3062 2471 3146 Arbogastis

280 3159 655 3223 interimitur.

845 3331 1135 3393 392·395.
1182 3333 1541 3399 Theodosius
1569 3333 1669 3394 M.
1700 3334 1887 3394 solus.

287 3490 292 3494 -
360 3453 475 3518 Hic
502 3457 730 3538 imperii
758 3461 1022 3531 oemulos,
1049 3463 1401 3538 Maximum,
1450 3464 1782 3546 Eugenium
1811 3474 1874 3525 et
1899 3462 2297 3542 Arbogasten,
2326 3477 2467 3536 cap·

277 3561 372 3612 tos
401 3555 645 3630 occidit,
685 3568 767 3630 et,
808 3557 1026 3619 Gothis
1065 3562 1281 3641 saepius
1323 3562 1669 3643 profligatis,
1699 3560 1880 3622 otium
1910 3559 2153 3640 imperio
2195 3553 2470 3617 reddidit.

281 3650 494 3712 Cultus
541 3653 664 3714 veri
719 3654 833 3715 Dei
878 3656 1099 3737 ubique
1146 3658 1472 3721 restitutus.
1554 3658 1770 3718 Officia
1805 3667 1869 3718 et
1892 3655 2185 3726 militaria,
2214 3663 2275 3714 et
2302 3650 2469 3732 pala·

278 3746 401 3807 tina
453 3769 525 3810 ac
567 3751 764 3812 civilia
812 3763 1008 3829 aucta,
1057 3757 1372 3838 omniaque
1419 3758 1479 3816 in
1526 3775 1622 3817 1v.
1654 3754 1890 3816 ordines
1924 3751 2239 3831 descripta,
2293 3747 2469 3807 Illus-

277 3844 471 3919 trium,
522 3848 966 3927 spectabilium,
1014 3853 1488 3916 Clarissimorum
1539 3864 1600 3914 et
1648 3848 2240 3913 Perfectissimorum.
2325 3846 2465 3905 393.

281 3938 575 4021 Didymus
606 3942 778 4006 Alex.
806 3946 954 4008 obit.
1042 3951 1333 4012 393·457.
1375 3949 1804 4011 Theodoretus.
1890 3947 2029 4007 394.
2074 3943 2465 4027 Symmachus

278 4040 442 4116 prees.
497 4041 656 4103 Urbi.
763 4045 904 4106 395.
948 4046 1335 4110 Claudianus.
1433 4046 1790 4109 Palladius?
1858 4044 2065 4106 Vibius
2114 4040 2469 4125 sequester?

278 4133 608 4291 gheodosio
663 4139 763 4201 filii
810 4144 1158 4221 succedunt,
1201 4145 1499 4209 Honorius
1543 4147 1603 4207 in
1655 4143 2001 4216 Occidente,
2055 4139 2344 4203 Arcadius
2403 4139 2464 4197 in

339 4244 543 4297 ruente.
