3034 4925
2239 403 2371 475 375

143 574 226 636 ut
255 565 521 635 divites
552 567 936 648 conferrent,
982 571 1096 654 qui
1140 569 1349 635 oneri·
1372 567 1643 636 ferendo
1682 577 1998 653 essent35
2041 589 2373 659 pauperes

146 674 330 738 satis
365 672 690 757 stipendii
722 672 1032 757 pendere,
1083 672 1144 737 si
1191 673 1441 738 liberos
1476 673 1863 739 educarent.
1952 672 2196 759 Itaque
2225 674 2372 742 haec

149 775 586 859 indulgentia
606 774 907 855 Patrum,
933 779 1193 860 asperis
1226 777 1651 861 postmodum
1682 778 1880 842 rebus
1912 776 1981 842 iu
2016 777 2371 843 obsidione

147 898 234 944 ac
265 879 480 957 same,
510 879 683 945 adeo
713 879 1107 946 concordem
1162 881 1497 947 civitatem
1551 881 1785 961 tenuit,
1834 884 1909 945 ut
1956 882 2207 965 regium
2253 901 2370 947 no·

150 1000 311 1047 men
344 999 485 1047 non
511 984 752 1047 summi
785 984 1027 1065 magiS,
1075 1001 1279 1067 quam
1331 984 1566 1063 infimi,
1614 984 1992 1051 horrerent:
2037 1005 2163 1051 nec
2194 984 2374 1070 quis-

151 1103 368 1168 quam
425 1104 605 1150 unus
658 1085 859 1150 malis
918 1087 1216 1152 artibusss
1281 1094 1521 1170 postea
1575 1097 1712 1153 tam
1770 1088 2117 1174 popularis
2169 1094 2372 1168 esset,

156 1207 373 1273 quam
404 1194 548 1255 tum
583 1190 752 1254 bene
777 1188 1166 1274 imperando
1198 1189 1548 1254 universus
1581 1196 1852 1256 senatus
1880 1190 2028 1257 fuit.

242 1291 358 1357 10.
409 1291 589 1358 Cum
615 1293 845 1359 hostes
875 1292 1208 1370 adessent,
1241 1312 1363 1376 pro
1397 1312 1472 1357 se
1519 1294 1846 1379 quisque⁸
1888 1294 1960 1358 in
2004 1293 2234 1360 urbem
2282 1314 2373 1363 ex

158 1393 340 1478 agris
396 1396 814 1481 demigrant:
876 1399 1105 1464 urbem
1155 1398 1380 1481 ipsam
1432 1399 1706 1481 sepiunt
1760 1398 2122 1484 praesidiis.
2210 1397 2374 1465 Alia

156 1498 388 1580 muriS,
426 1498 568 1564 alia
586 1499 819 1565 Tiberi
850 1500 1120 1586 objecto
1145 1499 1537 1566 videbantur
1566 1508 1734 1568 tuta.
1793 1500 1979 1567 Pons
2001 1501 2327 1569 sublicius
2345 1498 2374 1538 ¹²

952 423 1095 471 ms.
1128 417 1222 472 Ἡ.
1270 417 1433 473 cae.
1479 407 1588 473 10.

222 1675 248 1710 ⁹
287 1665 361 1718 Ut
393 1668 452 1719 in
490 1667 600 1719 belli
627 1675 809 1721 sumtus
838 1671 1074 1722 tributum
1101 1671 1384 1735 penderetur
1415 1684 1448 1720 a
1470 1670 1867 1734 locupletioribus,
1884 1669 1968 1735 qai
1997 1672 2062 1721 ad
2088 1673 2374 1736 meadum

163 1747 272 1781 onus
292 1732 418 1783 illud
450 1736 740 1812 sufficerent.

221 1805 246 1831 ²
285 1799 622 1866 Unusquisque
641 1779 905 1866 agrestius·
929 1802 1248 1853 Ramanmm
1268 1806 1495 1867 quantus·
1513 1802 1579 1851 ad
1598 1816 1649 1852 se
1670 1801 1921 1852 attinebat.

1163 1934 1380 1986 NOTAE

172 2009 410 2081 Gamla
447 2031 600 2082 Parti
633 2034 698 2082 du
731 2035 835 2092 «εις
869 2035 913 2083 le
944 2032 1143 2097 pomair-
1175 2033 1234 2082 de
1312 2039 1514 2095 rentur,
1539 2034 1688 2096 longe
1711 2031 1877 2082 viliori
1900 2032 2065 2097 pretio
2091 2033 2229 2097 plebi
2253 2048 2376 2084 ven-

172 2108 335 2158 eendre
373 2110 420 2160 le
455 2109 533 2159 sel
561 2124 624 2159 nu
654 2112 856 2176 peuple3
889 2112 937 2160 ta
968 2111 1134 2161 Ferme
1153 2112 1236 2160 des
1312 2110 1516 2161 ditm-is.
1571 2111 1676 2167 Que
1719 2112 1788 2161 les
1834 2109 2052 2160 Gabene:
2092 2125 2152 2160 ne
2181 2112 2376 2171 fussent

178 2183 406 2236 Gabeues.
444 2185 570 2237 Hoc
600 2202 754 2238 sensu
779 2189 890 2240 Cic.
912 2189 968 2238 in
990 2188 1236 2238 orationi·
1307 2191 1417 2253 plus
1451 2187 1642 2239 baillees
1675 2190 1707 2237 ὰ
1744 2187 1915 2238 Ferme
1951 2202 2050 2237 aux
2085 2188 2397 2248 Porticanu-

173 2259 261 2312 bus
298 2272 421 2327 post
459 2263 710 2322 reditum.
748 2274 802 2315 et
836 2279 932 2331 pro
968 2263 1121 2316 domo
1145 2280 1238 2316 sua
1312 2267 1481 2316 mais&
1510 2267 1594 2315 des
1626 2265 1848 2323 Commis,
1868 2264 1953 2329 qai
1976 2280 2033 2314 ea
2053 2270 2236 2315 emeat
2257 2264 2378 2315 l'ad·

176 2337 302 2390 dixit
328 2340 344 2367 ‘
371 2339 597 2391 arbitria
624 2340 824 2392 funeris
855 2341 1188 2393 solvebantur
1206 2340 1239 2403 3’

178 2420 244 2472 et,
270 2415 534 2469 ‘nondum
566 2424 736 2469 morte
766 2418 1085 2484 complorata
1108 2416 1240 2469 arbi-

178 2493 274 2544 tria
294 2502 543 2559 petentes
566 2493 802 2547 funeris!
823 2495 1043 2562 Hispani
1061 2496 1239 2546 hodie·

183 2584 274 2636 que
298 2569 572 2638 &ectigalia
593 2588 708 2639 quae
735 2588 829 2639 per
853 2573 1119 2638 mancipes
1150 2587 1238 2622 ex-

183 2657 415 2701 creentur
468 2652 707 2721 alvedrios
751 2658 960 2713 vocant,
1013 2650 1238 2705 si.bene

186 2727 398 2778 memini.
432 2728 738 2780 Notandum
762 2736 1022 2793 praeterea
1034 2728 1239 2794 impenso

182 2806 324 2865 pretio
360 2806 531 2872 accipi
567 2807 668 2859 boc
710 2807 826 2859 loco
872 2821 974 2858 non
1013 2821 1108 2872 pro
1148 2806 1240 2858 de-

188 2896 354 2951 penso,
374 2887 486 2938 sive
511 2895 749 2954 erogato,
769 2886 862 2938 sed
887 2902 980 2952 pro
999 2886 1238 2949 immani3

191 2969 334 3027 atque
374 2965 472 3016 boc
516 2981 670 3016 sensu
716 2965 1077 3031 accipiendum
1123 2978 1239 3016 esse

191 3039 314 3100 apud
336 3040 552 3092 eundem
592 3041 703 3092 Cic.
742 3042 829 3092 lib.
867 3054 987 3091 xiv.
1024 3040 1089 3091 ad
1126 3040 1241 3093 Att.

195 3111 281 3177 Ep.
301 3117 378 3166 12.
415 3118 649 3184 quamvis
679 3117 750 3168 ibi
775 3118 930 3169 aliter
953 3118 1240 3170 Manutius.

196 3185 272 3238 Ita
309 3192 608 3246 adverbium
650 3195 857 3259 ivnpease
899 3194 1039 3246 idem
1085 3194 1242 3261 signi-

194 3262 308 3318 ficat
327 3283 388 3320 ac
409 3272 579 3335 valde,
609 3272 962 3323 vehementer.
996 3273 1242 3326 Quintili·

197 3354 307 3394 anus
325 3349 340 3376 ⁴
362 3349 648 3415 impensam
680 3350 933 3417 operam‚'
964 3352 1242 3403 Suetonius

198 3428 248 3469 et
283 3423 489 3478 Tacitus
533 3435 549 3458 ‘
583 3429 981 3493 impensissimas
1022 3427 1244 3493 preces‚'

203 3495 381 3552 Gellius
404 3504 724 3571 ‘impensum
740 3504 1025 3569 damnum,’
1047 3507 1099 3557 in
1123 3521 1246 3557 ean·

203 3570 305 3624 dem
331 3583 637 3633 sententiam
672 3583 872 3633 dixere.
901 3583 1029 3633 Vult
1066 3583 1243 3648 itaque

205 3647 362 3704 Livius
402 3671 435 3708 a
469 3659 664 3710 Senatu
706 3658 849 3724 plebi
889 3659 1244 3724 gratificatum

205 3724 466 3795 decretum.
497 3745 556 3788 nt
574 3738 762 3790 Salium
786 3736 925 3803 apud
950 3738 1150 3789 Ostiam
1173 3738 1239 3788 ab

207 3799 337 3857 Anco
357 3810 554 3864 Marcio
581 3814 854 3879 institutae,
887 3830 1004 3881 quae
1038 3816 1240 3866 redem-

210 3878 382 3934 toribus
418 3889 576 3942 locari
610 3891 866 3950 solebant,
895 3891 1135 3957 quoniam
1176 3891 1243 3943 ab

210 3950 307 4018 his,
327 3961 534 4023 privatis
578 3967 887 4026 hominibus,
931 3975 987 4019 et
1028 3968 1255 4034 privatae,

213 4029 447 4090 duntaxat
465 4043 677 4096 utilitati
693 4045 1055 4109 servientibus,
1076 4044 1249 4097 carius

215 4102 313 4195 huffe
351 4128 545 4172 annona
584 4123 925 4182 vendebatur,
981 4134 1084 4174 non
1140 4138 1247 4174 am·

217 4183 335 4242 ¹³¹¹OE
361 4192 423 4242 ad
454 4195 651 4249 hastam
679 4199 979 4251 locarentur
997 4212 1247 4251 exercen-

222 4258 293 4310 dae
332 4280 361 4316 a
399 4273 697 4339 publicanis.
751 4279 843 4329 sed
884 4280 939 4329 in
983 4278 1248 4345 publicum

222 4348 446 4415 miel‘tae,
486 4355 745 4409 actoribus
785 4354 1005 4423 publicis
1041 4356 1250 4409 manda·

1311 2341 1655 2405 ministraticus,
1686 2346 1733 2391 et
1756 2340 2001 2407 eafisseat
2020 2340 2065 2390 le
2084 2341 2215 2391 debit
2234 2343 2266 2391 ὰ
2287 2341 2378 2392 bon

1313 2419 1499 2471 marche
1520 2434 1618 2470 aux
1638 2417 1811 2483 clepens
1830 2420 1895 2469 da
1912 2417 2086 2482 public.

1383 2506 1404 2553 †
1431 2497 1560 2553 Quia
1577 2497 1803 2560 impenso,
1824 2494 1931 2560 ξω]
1968 2493 2055 2544 Sic
2068 2492 2121 2545 J.
2141 2494 2376 2545 Fr.Gro·

1313 2574 1495 2623 novius
1529 2570 1868 2636 conjiciebat:
1906 2570 2023 2620 salis
2058 2584 2236 2635 quoque
2269 2586 2378 2622 een-

1313 2652 1457 2702 dendi
1497 2649 1769 2705 arbitrium,
1821 2648 1932 2713 quia
1972 2647 2181 2713 inpenso
2220 2651 2380 2713 pretio

1311 2728 1522 2790 venibat,
1545 2729 1596 2778 ia
1610 2726 1844 2791 publicum
1858 2730 2208 2776 mennatum
2223 2729 2379 2777 adem·

1312 2813 1416 2858 tum
1452 2804 1678 2871 privatis.
1735 2803 1962 2854 Ademta
2008 2800 2234 2854 facultas
2272 2805 2380 2869 pri-

1312 2883 1449 2934 vatis
1474 2881 1730 2933 vendendi
1763 2880 1905 2942 salis,
1939 2880 2061 2946 qnia
2085 2881 2239 2932 nimio
2263 2894 2382 2946 pre-

1315 2960 1388 3011 tio
1411 2958 1644 3010 venibat.
1680 2957 1923 3025 Alioquin
1948 2957 2168 3025 intelligi
2186 2967 2343 3025 queat
2362 2975 2379 3010 ε

1313 3039 1366 3089 ia
1401 3038 1639 3104 publicum
1677 3036 1804 3087 omni
1846 3042 2004 3086 sumu
2048 3036 2384 3101 (conficiendi

1316 3116 1438 3167 salis
1462 3114 1745 3179 translato)
1771 3115 2012 3164 «demtum
2041 3113 2251 3179 privatis
2269 3113 2382 3182 (qui

1315 3207 1433 3244 eum
1468 3199 1691 3241 sumtum
1732 3197 1887 3241 antea
1926 3191 2247 3259 tolerabant)
2268 3206 2382 3247 vea-

1317 3271 1460 3322 deadi
1495 3271 1611 3335 ejus
1633 3268 1907 3320 arbitrium.
1960 3266 2064 3321 Vix
2100 3279 2179 3320 est
2212 3278 2268 3322 ut
2295 3286 2383 3321 vo·

1318 3350 1431 3400 cula
1473 3349 1651 3417 aliqua
1694 3362 1796 3398 non
1842 3345 2119 3397 exciderit.
2172 3349 2229 3400 J.
2276 3349 2382 3400 Cle-

1317 3440 1464 3476 ricus.

1382 3502 1403 3538 s
1434 3502 1603 3553 Plebes
1620 3499 1818 3553 liberata
1858 3499 2012 3566 [plebe
2028 3498 2252 3563 liberata]
2285 3498 2384 3549 His

1318 3578 1522 3632 scilicet
1577 3575 1882 3629 levamentis
1939 3575 2004 3625 ad
2059 3574 2386 3624 imminutum

1318 3658 1438 3708 salis
1492 3655 1721 3722 pretium
1777 3651 1991 3714 additis,
2054 3650 2386 3701 demerendae

1357 3735 1479 3786 lebi.
1657 3740 1666 3747 ·

1318 3751 1354 3802 p
1406 3821 1432 3859 s
1479 3811 1636 3862 Malis
1668 3807 1879 3872 artibus]
1930 3807 2039 3857 Per
2077 3805 2294 3857 fraudes
2332 3812 2390 3857 et

1323 3893 1625 3956 largitiones
1656 3904 1774 3941 cum
1805 3887 2022 3938 crimine
2056 3886 2388 3953 conjunctas,

1328 3972 1512 4037 quibus
1535 3966 1790 4020 ambitiosi
1823 3963 2058 4015 homines
2094 3965 2388 4016 tenuiorum

1329 4048 1428 4099 sibi
1451 4048 1690 4112 gratiam,
1711 4050 1766 4095 et
1789 4042 1852 4093 ad
1893 4056 2053 4108 prava
2083 4041 2388 4108 obsequium

1329 4129 1587 4190 quaerunt.

1393 4201 1418 4236 ¹²
1451 4203 1583 4251 Pons
1602 4197 1848 4264 sublicius]
1892 4195 2010 4248 Hoc
2032 4197 2208 4262 ligneo
2232 4201 2390 4259 ponte

1331 4279 1506 4342 unico,
1542 4276 1677 4328 Anci
1711 4274 1902 4326 Marcii
1944 4289 2070 4325 cura
2102 4278 2388 4334 exstructo,

1330 4370 1448 4409 cum
1498 4353 1646 4406 Urbs
1682 4352 2006 4420 jungebatur
2051 4348 2393 4402 Transtiberi-
