3034 4925
549 360 682 428 348
1500 370 1570 417 τ.
1618 363 1813 418 mvn

610 522 757 572 locus
780 518 845 569 ad
865 514 1201 569 habitandum
1225 513 1395 576 datus,
1417 512 1502 579 qui
1527 511 1697 563 dictus
1719 508 1908 561 deinde
1928 507 2130 559 Tuscus
2162 505 2326 557 vicus.
2390 505 2478 557 1⁵.
2513 502 2747 556 Porsena

609 606 807 667 legatos
829 600 1022 652 frustra
1044 600 1208 649 mittit
1229 596 1297 647 de
1324 595 1621 646 reducendo
1655 593 1707 642 in
1746 606 1955 657 regnum
1988 588 2290 653 Tarquinio,
2313 586 2460 653 isque
2483 585 2744 635 exulatum

615 685 727 736 abit
762 683 1035 734 Tusculum
1082 680 1148 729 ad
1193 692 1456 743 generum.
1525 680 1604 725 16.
1640 675 1842 724 Bellum
1888 687 2015 723 cum,
2042 668 2262 721 Sabinis.
2326 667 2493 718 Attus
2539 663 2747 717 Clausus

612 766 848 820 Sabinus,
872 764 956 813 cui
981 770 1160 826 postea
1183 760 1284 826 Ap.
1308 755 1526 809 Claudio
1547 754 1651 806 fuit
1686 756 1867 832 Romm
1888 767 2094 817 nomen,
2128 766 2248 801 eum
2261 764 2457 816 magna
2478 748 2745 800 clientium

613 859 774 898 manu
794 844 862 895 ab
884 838 1088 907 Regillo
1110 845 1320 894 Romam
1347 837 1627 903 transfugit
1662 844 1719 887 et
1753 838 1890 887 inter
1916 835 2109 886 Patres
2132 831 2345 898 legitur.
2413 832 2587 881 Vetus
2609 829 2749 880 Clan-

614 928 702 978 dia
741 926 921 977 tribus.
989 925 1133 974 Mors
1169 922 1386 972 Valerii.
1449 920 1654 970 Bellum
1694 933 1810 969 cum
1852 916 2129 978 Auruncis,
2166 914 2234 965 ad
2267 930 2395 980 quos
2436 911 2682 963 Pometia
2700 918 2752 960 et

618 1010 751 1059 Cora
772 1006 1094 1057 defecerant.
1160 1009 1241 1054 17.
1276 1002 1520 1053 Pometia
1550 1008 1882 1066 oppugnatur
1915 1006 1972 1050 et
2006 998 2244 1048 diruitur.
2313 1001 2393 1046 18.
2431 995 2647 1045 Bellum
2669 993 2752 1043 Sa·

618 1090 754 1141 binis
792 1088 1041 1138 indictum
1080 1094 1134 1136 et
1167 1085 1388 1149 Latinis,
1420 1097 1638 1150 quorum
1677 1089 1819 1134 xxx.
1858 1082 2075 1144 populos
2111 1078 2472 1129 concitaverat
2504 1075 2751 1126 Octavius

620 1170 903 1221 Mamilius.
969 1168 1173 1219 Primus
1194 1153 1419 1216 dictator
1450 1163 1510 1213 T.
1532 1162 1738 1214 Lartius
1762 1163 1844 1211 vel
1866 1162 1980 1213 MA
2011 1162 2267 1211 Valerius.
2308 1159 2517 1209 Tacitae
2540 1156 2752 1207 inducias

619 1267 737 1302 cum
758 1250 975 1301 Sabinis.
1042 1253 1122 1298 19.
1157 1247 1223 1299 Α.
1243 1245 1537 1297 Postumius
1575 1244 1800 1295 dictator
1823 1250 1879 1293 et
1909 1245 1967 1294 Τ.
1986 1243 2223 1294 AEbutins
2254 1242 2506 1308 magister
2530 1240 2755 1306 equitum

618 1333 685 1384 ad
718 1334 886 1383 lacum
926 1331 1181 1396 Regillum
1220 1329 1274 1378 in
1313 1342 1439 1392 agro
1474 1326 1771 1378 Tusculano
1802 1333 2086 1376 occurrunt
2124 1323 2342 1387 Latinis,
2362 1338 2589 1390 quornm
2609 1322 2754 1374 duces

620 1422 741 1465 sunt
762 1414 1076 1478 Tarquinius
1095 1412 1224 1474 Sup.
1246 1409 1461 1474 ejusque
1480 1423 1675 1473 gener3
1708 1415 1764 1458 et
1782 1422 1957 1458 omnes
1977 1405 2144 1458 ferme
2161 1420 2423 1470 proceres,
2440 1411 2639 1471 praeter
2659 1403 2756 1453 dic·

621 1503 843 1545 tatorem
868 1495 1015 1544 Rom.
1039 1493 1396 1542 vulnerantur.
1461 1493 1544 1539 20.
1579 1489 1658 1539 Μ.
1677 1489 1896 1546 Valerii,
1912 1487 2135 1538 Mamilii
2157 1494 2210 1538 et
2233 1488 2299 1538 T.
2323 1487 2590 1538 Hei-minii
2613 1500 2757 1535 mors·

570 1581 581 1587 ‘
621 1575 811 1638 Ingens
842 1574 1140 1622 Latinorum
1177 1571 1368 1621 clades.
1433 1573 1517 1620 21.
1550 1569 1706 1619 AEdes
1743 1569 1954 1619 Saturni
1992 1577 2049 1618 et
2076 1569 2387 1627 Saturnalia.
2453 1567 2757 1635 Tarquinius

619 1656 838 1706 moritur
861 1654 1052 1705 Cumis.
1125 1654 1298 1703 Romae
1322 1650 1488 1701 tribus
1510 1661 1633 1702 xxx.
1655 1649 1830 1701 factas.
1897 1656 1980 1702 22.
2017 1651 2219 1701 Bellum
2243 1665 2358 1702 cum
2380 1650 2618 1701 Volscis.
2650 1649 2757 1698 Ἑω-

623 1737 720 1786 dus
743 1751 860 1786 cum
882 1735 1081 1786 Latinis
1104 1733 1318 1785 factum.

534 1822 640 1868 23.
677 1817 876 1868 Seditio
912 1817 976 1867 ob
1014 1832 1084 1867 aes
1121 1817 1362 1867 alienum.
1398 1806 1516 1869 ’24.
1551 1816 1921 1881 comprimitur
1958 1814 2421 1881 pollicitationibus
2457 1814 2528 1865 P.
2562 1810 2758 1864 Servilii

623 1914 731 1950 cos.
768 1914 829 1949 ac
866 1906 1085 1963 terrore,
1115 1913 1267 1964 quem
1302 1898 1551 1949 adventus
1589 1899 1896 1948 Volscorum
1921 1898 2142 1948 incutit:
2179 1905 2235 1947 et
2263 1911 2440 1947 omnes
2470 1897 2597 1946 nexi
2639 1895 2759 1946 dant

622 1981 846 2032 nomina.
925 1985 1007 2032 25.
1050 1979 1193 2030 Pulsi
1228 1980 1399 2030 hostes
1433 1981 1721 2045 castrisque
1765 1982 1928 2031 exuti.
2003 1981 2193 2030 Suessa
2234 1979 2478 2029 Pometia
2518 1986 2675 2041 capta
2710 1983 2759 2027 et

623 2063 817 2127 praedae
842 2061 981 2112 data.
1044 2065 1127 2111 26.
1162 2061 1305 2111 Victi
1329 2061 1527 2123 Sabini,
1550 2069 1605 2111 et
1625 2075 1745 2112 mox
1780 2060 2025 2111 Aurunci.
2091 2066 2174 2112 27.
2211 2060 2558 2111 Recrudeseit
2578 2058 2761 2109 seditio

623 2143 796 2208 plebis
821 2150 1037 2207 propter
1056 2156 1215 2192 nexos
1235 2142 1300 2192 ob
1327 2156 1399 2190 aes
1423 2143 1666 2205 alienum,
1689 2148 1745 2191 et
1768 2142 1955 2191 malum
1976 2149 2197 2207 angetur
2216 2142 2402 2191 timore
2423 2140 2608 2191 Sabini
2628 2138 2761 2190 belli.

608 2224 900 2274 ‘Dedicatio
921 2223 1047 2273 aedis
1068 2223 1315 2279 Mercurii
1336 2223 1415 2273 M.
1440 2223 1683 2279 Laetorio,
1706 2223 1856 2287 ,primi
1882 2223 1973 2287 pili
1989 2223 2303 2286 centurioni,
2322 2223 2466 2273 data.
2520 2222 2762 2272 Servilius

588 2337 595 2340 „
623 2305 780 2356 fidem
819 2313 1069 2370 praestare
1101 2320 1205 2354 non
1245 2313 1438 2370 potest,
1473 2312 1654 2357 contra
1692 2303 1894 2356 nitente
1930 2304 2035 2370 Ap.
2062 2306 2278 2356 Claudio
2302 2306 2505 2369 collega
2526 2304 2759 2369 omnique
2808 2357 2820 2370 .

620 2385 850 2438 factione
866 2385 1128 2435 nobilium.
1160 2385 1428 2435 Clamores
1442 2385 1643 2450 aperti;
1669 2386 1893 2448 secessio
1913 2387 2222 2453 occultaque
2233 2387 2508 2453 colloquia.
2543 2390 2630 2437 28.
2652 2386 2760 2436 Coe-

625 2477 710 2520 tns
728 2469 970 2519 nocturni
993 2469 1046 2518 in
1082 2467 1320 2533 Esquiliis
1354 2476 1410 2517 et
1435 2467 1718 2518 Aventino.
1783 2469 2087 2533 Trepidatio
2126 2484 2375 2530 novorum
2393 2471 2682 2531 consulum,
2701 2468 2762 2518 A.

620 2551 841 2616 virginii
865 2559 921 2605 et
941 2551 1004 2600 T.
1015 2549 1236 2601 Vetusii.
1306 2549 1570 2600 Clamores
1592 2558 1648 2601 et
1681 2551 1973 2615 indignatio
1997 2551 2236 2603 Patrum.
2302 2553 2531 2605 Delectu
2551 2552 2760 2607 indicto,

622 2633 690 2682 ad
710 2647 901 2685 nomen
921 2645 1073 2683 nemo
1094 2629 1397 2695 respondet.
1461 2628 1552 2685 29.
1576 2631 1792 2696 Repulsi
1830 2632 2060 2695 iictores,
2098 2632 2241 2682 missi
2272 2647 2306 2683 a
2335 2632 2661 2695 consulibus,
2677 2631 2763 2682 de·

622 2714 816 2764 lectum
837 2712 1167 2764 habentibus.
1231 2713 1506 2763 Tumultus
1529 2713 1584 2762 in
1605 2723 1806 2770 senatu,
1828 2722 1885 2764 et
1908 2714 2067 2765 varim
2101 2715 2392 2769 seutentiae·
2454 2718 2540 2765 30.
2568 2712 2762 2770 Volsci.

625 2795 780 2862 AEqui
800 2804 857 2846 et
878 2794 1054 2845 Sabini
1079 2809 1219 2847 arma
1242 2802 1445 2857 parant.
1486 2794 1731 2846 Dictator
1759 2796 1868 2849 Ma>
1900 2797 2145 2847 Valerius
2169 2796 2381 2856 dicitnr,
2406 2797 2488 2847 vir
2507 2796 2759 2847 mansneti

625 2876 838 2941 ingenii.
902 2876 1077 2927 Volsci
1106 2883 1161 2925 et
1182 2876 1347 2941 ‘AEqni
1379 2874 1686 2928 funduntur.
1751 2881 1834 2928 31.
1868 2880 2075 2930 Sabinis
2110 2878 2547 2944 magnainfertnr
2566 2878 2763 2929 clades.

623 2957 863 3008 Valerius
912 2956 1112 3007 frustra
1151 2957 1216 3007 ad
1266 2967 1502 3008 senatum
1531 2957 1705 3011 ‚refert
1737 2958 1804 3009 de
1841 2962 2007 3026 nexis,
2044 2968 2099 3012 et
2138 2961 2404 3011 dictatura
2441 2975 2499 3011 se
2542 2960 2762 3010 abdicat.

626 3041 712 3089 32.
748 3039 1015 3102 Legiones,
1036 3047 1362 3090 sacramento
1385 3040 1612 3091 nondum
1633 3042 1839 3101 solutae,
1863 3042 2014 3093 educi
2050 3057 2115 3093 ex
2152 3043 2301 3092 Urbe
2330 3042 2620 3107 jubentur:
2651 3041 2760 3106 sed,

620 3119 821 3170 Sicinio
841 3128 1073 3182 auctore,
1108 3119 1163 3168 in
1201 3121 1415 3172 Sacrum
1452 3132 1675 3174 montem
1701 3125 1971 3176 secedunt.
2036 3125 2249 3175 Mentes
2273 3124 2444 3189 plebis
2461 3122 2636 3174 flectit
2654 3124 2762 3174 Me·

596 3248 601 3253 .
626 3200 810 3250 nenius
833 3197 1088 3264 Agrippa,
1107 3209 1280 3251 orator
1303 3202 1368 3253 ad
1396 3216 1508 3253 eam
1548 3205 1751 3256 missus.
1818 3210 1901 3256 33.
1937 3206 2097 3257 Plebs
2122 3206 2359 3256 reducta.
2419 3207 2636 3256 Tribuni
2658 3207 2762 3271 ple·

627 3280 710 3332 bis
752 3281 855 3331 duo
895 3290 985 3331 aut
1006 3282 1277 3347 Alliaque,
1320 3285 1436 3348 lege
1479 3294 1699 3346 sacrata,
1735 3287 1920 3338 creati.
1990 3287 2206 3352 Oppida
2240 3288 2547 3338 Volscorum
2591 3290 2763 3351 capta,

627 3363 877 3426 Longula,
902 3362 1130 3414 Polusca
1153 3372 1209 3414 et
1230 3364 1454 3433 Corioli:
1492 3370 1749 3431 posterius
1781 3370 2007 3420 maxime
2046 3370 2106 3421 C.
2123 3368 2314 3420 Marcii
2337 3368 2551 3420 virtute.
2618 3369 2761 3420 Mors

600 3444 879 3495 -Menenii.
1280 3462 1285 3469 ·

562 3530 649 3577 34-
684 3527 890 3585 Caritas
911 3541 1149 3582 annonae.
1214 3531 1276 3583 C.
1303 3531 1537 3585 Marcius
1579 3533 1882 3586 Coriolanus
1916 3543 2101 3586 auctor
2122 3542 2206 3585 est
2227 3535 2451 3599 senatui,
2474 3540 2533 3584 nt
2550 3538 2758 3585 utantur

625 3608 727 3659 hac
749 3609 1019 3660 occasione
1045 3612 1384 3677 recuperandi
1409 3606 1559 3678 jura,
1594 3616 1643 3665 vi
1679 3614 1928 3667 Patribus
1962 3630 1991 3666 a
2028 3616 2183 3681 plebe
2216 3622 2447 3667 extorta.
2509 3621 2592 3668 36.
2620 3615 2758 3667 Hinc

627 3689 678 3739 ei
702 3690 812 3741 dies
840 3689 1033 3747 dicitnr
1055 3708 1085 3741 a
1107 3691 1345 3751 tribunis,
1376 3701 1430 3743 et
1465 3693 1652 3746 absens
1684 3695 1960 3747 damnatus
1994 3696 2049 3746 in
2086 3696 2302 3747 Volscos
2332 3698 2599 3749 exulatum
2634 3695 2758 3757 abit,

627 3769 717 3819 ubi
739 3770 962 3836 hospitio
985 3774 1147 3823 utitur
1168 3772 1306 3825 Attii
1327 3775 1486 3825 Tulli.
1550 3779 1633 3825 36.
1667 3776 1798 3827 Ludi
1824 3777 2002 3842 magni
2035 3777 2387 3828 instaurantur
2413 3778 2480 3828 ob
2513 3778 2757 3828 somnium

629 3849 712 3900 Ti.
734 3850 897 3905 Atinii
920 3853 986 3904 de
1011 3857 1376 3919 praesultatore
1396 3855 1521 3908 Jovi
1554 3856 1780 3922 ingrato,
1811 3858 1878 3908 ad
1910 3857 2049 3924 qnod
2079 3859 2284 3908 senatui
2318 3858 2650 3909 nuntiandum
2673 3857 2762 3907 ille

631 3931 808 3985 morbo
830 3942 885 3987 et
906 3935 998 3987 filii
1021 3945 1188 3988 morte
1211 3938 1555 4002 compellitur.
1621 3942 1704 3991 37.
1736 3940 1936 4004 Volsci,
1975 3941 2063 4007 qui
2096 3939 2334 3993 ludorum
2364 3953 2524 3990 causa
2543 3939 2758 3989 Romam

632 4008 1006 4073 confluxerant,
1029 4027 1238 4073 auctore
1261 4019 1415 4073 Attio
1447 4021 1622 4083 Tullo,
1642 4021 1912 4073 materiam
1936 4021 2057 4072 belli
2079 4026 2367 4087 quaerente,
2395 4029 2631 4086 tanquam
2651 4034 2758 4070 sns-

632 4091 772 4155 pecti
791 4091 1039 4159 homines,
1066 4100 1228 4153 Roma
1249 4101 1504 4153 excedere
1522 4101 1795 4165 jubentur.
1860 4107 1942 4152 38.
1974 4101 2116 4153 Hinc
2147 4103 2338 4153 irarum
2379 4103 2518 4166 pleni
2552 4102 2754 4166 instiga-

634 4171 780 4237 tique
803 4174 868 4222 ab
885 4173 1035 4225 Attio
1056 4179 1303 4233 deficiunt
1327 4198 1358 4233 a
1374 4183 1634 4234 Romanis.
1699 4178 1796 4235 89.
1814 4184 2043 4235 Ducibus
2063 4182 2213 4238 Attio
2231 4182 2382 4233 'runo
2402 4191 2457 4234 et
2477 4184 2541 4233 C.
2560 4181 2754 4232 Marcio

632 4253 911 4307 Coriolano
930 4259 1124 4321 oppida
1147 4261 1390 4315 Romanis
1415 4267 1675 4328 adimunt3
1710 4274 1764 4317 et
1793 4265 1990 4333 frustra
2028 4266 2186 4331 legati
2221 4263 2289 4314 ab
2320 4263 2395 4315 his
2415 4264 2483 4315 ad
2505 4265 2752 4317 Marcium
