3034 4925
1121 413 1146 420 “
1224 420 1369 474 mn.
1417 421 1466 470 1.
1666 358 1679 371 ο
2312 406 2440 473 169

261 568 335 617 41.
365 565 606 631 Tanaquil
642 565 779 616 celat
810 570 1026 614 mortem
1049 563 1240 615 mariti.
1310 563 1522 613 Servius
1554 562 1759 613 Tullius
1782 577 1876 628 per
1899 565 2124 629 speciem
2150 566 2306 630 regiae
2327 567 2442 619 fun·

315 648 496 712 gendae
520 648 641 698 vicis
661 663 777 697 suas
800 646 971 696 firmat
992 661 1140 710 opes,
1168 654 1223 696 et
1250 645 1442 709 primus
1468 646 1659 711 injussu
1696 647 1889 711 populi,
1913 648 2179 699 voluntate
2203 649 2440 713 Patrutn,

319 738 513 793 regnat.
568 730 744 779 Liberi
768 729 898 780 Anci
923 730 1157 779 Suessam
1182 727 1470 778 Pometiam
1502 729 1766 777 exulatum
1791 735 1933 778 eunt.
1998 733 2080 779 ⁴2.
2115 732 2251 781 Dure
2273 732 2442 783 Servii

261 835 268 842 -
317 811 430 861 fitiae
447 812 727 876 juvenibus
750 811 923 875 regiis,
950 812 1104 860 Lucio
1124 816 1181 860 et
1203 807 1392 859 Arunti
1416 810 1730 874 Tarquiniis,
1739 810 2044 874 junguntur.
2096 812 2299 862 Bellum
2325 828 2441 864 cum

315 891 617 943 Veientibus
655 893 871 958 aliisque
916 893 1167 943 Etruscis.
1210 892 1429 942 Census.
1495 895 1580 940 43.
1617 891 1821 942 Classes
1853 903 1909 941 et
1946 895 2197 943 centuriae
2233 894 2442 943 civium.

314 974 536 1024 Comitia
584 974 897 1036 centuriata,
938 982 995 1024 et
1039 970 1267 1037 suffragii
1312 972 1364 1022 in
1407 972 1467 1022 iis
1508 971 1712 1023 ferendi
1759 972 1886 1023 ordo
1928 987 1990 1024 ac
2036 972 2187 1024 ratio.
2241 974 2440 1025 Tribus.

313 1060 389 1106 44.
424 1057 663 1107 Lustrum
702 1056 988 1117 conditum,
1023 1070 1189 1121 eoque
1214 1069 1369 1104 censa
1392 1067 1566 1104 Lxxx.
1591 1055 1748 1104 millia
1770 1054 1978 1105 civium.
2044 1054 2237 1105 Urbem
2260 1057 2443 1121 ampli·

313 1136 431 1186 ficat
464 1137 673 1186 Servius
705 1136 896 1186 additis
941 1136 1160 1186 collibus
1203 1134 1475 1192 Quirinali,
1510 1135 1755 1184 viminali
1795 1142 1849 1184 et
1883 1136 2181 1200 Esquilin03
2223 1150 2440 1202 eamque

314 1233 523 1283 aggere,
543 1218 695 1269 fossis
718 1233 778 1268 ac
801 1233 946 1268 muro
969 1216 1273 1268 circumdat.
1340 1216 1426 1266 lta
1449 1215 1651 1280 profert
1677 1216 2012 1280 pomoerium:
2044 1225 2100 1267 et
2124 1218 2174 1267 iu
2199 1218 2441 1282 Esquiliis
2518 1224 2527 1234 ⁴

310 1299 521 1351 habitat.
585 1304 668 1351 45.
704 1298 1006 1351 Communia
1030 1299 1376 1348 Romanorum
1401 1298 1806 1363 Latinorumque
1830 1312 1994 1362 sacra,
2019 1306 2074 1349 et
2100 1298 2275 1349 fanum
2310 1300 2443 1349 Dia-

310 1396 387 1431 nae
423 1382 601 1431 Romae
639 1389 973 1431 exstructum.
1041 1379 1125 1430 Ab
1148 1380 1260 1444 ejus
1285 1380 1517 1430 antistite
1541 1381 1690 1430 Rom.
1713 1378 2004 1429 immolatur
2027 1379 2139 1437 bos,
2161 1381 2212 1429 in
2233 1379 2440 1431 Sabinis

310 1472 444 1521 nata,
462 1465 608 1513 mirae
629 1462 997 1528 magnitudinis
1019 1476 1081 1513 ac
1098 1462 1310 1528 speciei.
1375 1465 1456 1511 46.
1480 1465 1563 1511 47.
1601 1462 1660 1510 L.
1677 1460 1985 1526 Tarquinius
2001 1468 2059 1511 et
2075 1462 2245 1511 Tullia
2257 1462 2440 1524 minor,

309 1543 465 1594 fratre
490 1560 551 1594 ac
574 1558 747 1593 sorore
771 1542 1083 1608 interfectis,
1097 1543 1394 1608 junguntur
1417 1542 1611 1606 nuptiis
1629 1556 1944 1607 regnumque
1957 1539 2208 1593 affectant
2222 1549 2276 1593 et
2297 1526 2471 1609 iuva-⁶

308 1626 448 1676 dunt.
516 1630 600 1676 48.
640 1626 852 1676 Servius
872 1624 1144 1675 occiditur.
1200 1624 1371 1688 Impia
1393 1630 1450 1674 et
1470 1624 1743 1674 inhumana
1765 1623 1949 1674 Tullia
1969 1622 2219 1692 facinora.
2275 1625 2438 1675 Vicus

312 1708 528 1772 Cyprius
547 1708 716 1757 dictus
738 1707 1054 1758 Sceleratus.
1088 1707 1223 1756 Laus
1237 1706 1421 1758 Servii.

252 1793 326 1839 49.
359 1790 418 1839 L.
442 1789 750 1853 Tarquinius
771 1788 1035 1852 Superbus
1071 1803 1242 1852 neque
1273 1786 1451 1851 populi
1481 1787 1635 1852 jussu
1665 1800 1831 1855 neque
1854 1787 2157 1838 auctoribus
2191 1786 2437 1838 Patribus

307 1879 500 1935 regnat.
555 1871 803 1922 Socerum
825 1870 1091 1934 sepultura
1116 1869 1373 1933 prohibet.
1426 1869 1656 1919 Armatis
1678 1855 1867 1933 corpus
1888 1869 2240 1933 circumsepit.
2298 1868 2440 1931 Reg-

257 1981 264 1990 ·
305 1968 419 2002 num
455 1961 598 2003 metu
638 1959 858 2007 tutatur,
893 1966 990 2000 nec
1024 1959 1257 2002 senatum
1282 1950 1524 2007 consulit,
1559 1951 1650 2000 sed
1683 1950 1857 2001 omnia
1879 1951 2013 2000 solus
2035 1950 2437 2014 domesticisque

305 2036 525 2084 consiliis
570 2035 696 2097 agit.
764 2034 978 2083 Latinos
1023 2045 1303 2096 eorumque
1344 2045 1588 2095 proceres
1635 2031 1731 2081 sibi
1770 2032 2029 2094 conciliat,
2072 2033 2296 2081 maxime
2343 2044 2437 2093 per

305 2129 545 2179 generum
570 2129 735 2177 sunm,
762 2114 1040 2164 Octavium
1085 2112 1371 2162 Mamilium
1405 2095 1768 2163 Tusculanum.
1833 2116 1915 2164 50.
1948 2113 2272 2163 Οοηνοηωηι
2295 2114 2437 2164 Lati-

305 2198 379 2245 nis
402 2196 587 2246 indicit
613 2196 677 2245 ad
711 2196 879 2245 lucum
917 2195 1229 2244 Ferentinae.
1296 2195 1499 2243 Turnus
1539 2192 1835 2243 Herdonius
1873 2194 1924 2243 iu
1965 2208 2137 2258 regem
2171 2193 2436 2245 absentem

307 2285 696 2341 morantemque
723 2275 972 2327 ferociter
994 2276 1272 2338 invehitur,
1295 2280 1376 2325 51.
1397 2282 1453 2325 et
1475 2275 1541 2325 ab
1559 2289 1623 2325 eo
1645 2275 1961 2341 opprimitur
1978 2276 2300 2326 insimulatus
2318 2275 2437 2325 falsi

253 2363 257 2372 “
304 2360 543 2410 criminis.
611 2363 691 2408 52.
730 2359 913 2409 Foedus
938 2373 1055 2409 cum
1082 2358 1284 2408 Latinis
1310 2366 1632 2408 renovatum.
1690 2358 1870 2422 Copiae
1890 2358 1956 2408 ab
1977 2359 2038 2408 iis
2055 2357 2218 2407 missae
2235 2366 2291 2406 et
2309 2359 2438 2407 mix·

245 2437 253 2442 “
304 2449 366 2491 tae
390 2456 506 2492 cum
534 2440 795 2491 Romanis.
863 2444 942 2490 53.
978 2440 1184 2491 Bellum
1228 2453 1344 2489 cum
1378 2437 1598 2495 VolsciS,
1633 2454 1662 2489 e
1695 2439 1878 2504 quibus
1909 2439 2099 2489 Suessa
2122 2438 2362 2488 Pometia
2386 2439 2437 2487 vi

302 2523 519 2586 capitur.
577 2522 734 2572 Gabii
756 2521 952 2572 frustra
973 2522 1280 2586 oppugnati,
1302 2526 1384 2571 54.
1405 2520 1494 2570 sed
1516 2536 1636 2570 mox
1659 2521 1809 2571 Sexti
1826 2520 2092 2585 Tarquinii
2114 2517 2298 2568 fraude
2323 2519 2434 2583 regi

253 2658 256 2661 Α
301 2605 445 2655 Rom.
466 2606 580 2655 sine
601 2602 936 2654 dimicatione
960 2603 1011 2652 in
1036 2618 1239 2653 manum
1268 2602 1465 2654 traditi.
1533 2607 1616 2651 55.
1652 2603 1767 2652 Pax
1806 2616 1923 2650 cum
1957 2601 2136 2666 AEquis
2158 2598 2437 2665 facta,·soe-

302 2687 488 2753 dasque
526 2701 645 2736 cum
682 2686 865 2735 Tuscis
889 2691 1205 2735 renovatum.
1275 2683 1582 2734 AEdificatur
1604 2680 1752 2735 Jovis
1776 2682 2060 2746 Capitolini
2089 2683 2356 2746 templum,
2379 2687 2437 2731 et

301 2768 589 2831 aperientes
621 2766 957 2817 fundamenta
975 2769 1114 2832 ejus,
1139 2767 1191 2816 in
1228 2781 1343 2830 quas
1371 2766 1455 2814 vix
1479 2765 1819 2830 suppeditant
1844 2764 2134 2813 Pometinae
2159 2762 2434 2827 manubias,

300 2857 450 2912 capnt
493 2850 772 2898 humanum
811 2849 1017 2913 integra
1053 2847 1188 2897 facie
1223 2844 1495 2907 effodiunt.
1563 2849 1969 2911 Exangurantur
2012 2844 2134 2896 fana
2168 2846 2220 2895 in
2257 2854 2433 2896 monte

299 2930 523 2996 Tarpeio
540 2946 558 2991 ;
579 2929 671 2980 sed
685 2930 720 2982 J
726 2936 942 2980 uventas
962 2930 1334 2994 Terminusque
1354 2927 1548 2978 moveri
1571 2943 1627 2978 se
1647 2943 1746 2978 non
1766 2928 2053 2993 patiuntur.
2120 2931 2202 2977 56.
2238 2927 2357 2977 Fori
2380 2927 2432 2976 in

297 3014 445 3063 circo.
498 3013 691 3062 Cloaca
714 3011 954 3062 maxima.
1021 3011 1203 3061 Coloni
1248 3010 1475 3075 Signiam
1514 3011 1850 3076 Circeiosque
1893 3008 2123 3059 deducti.
2188 3009 2434 3059 Portenti

299 3109 447 3144 cansa
467 3093 625 3143 Titus
647 3098 702 3143 et
722 3092 897 3143 Aruns
920 3094 1180 3158 Tarquinii
1202 3107 1319 3142 cnm
1340 3093 1397 3142 L.
1415 3092 1450 3144 J
1458 3092 1577 3141 unio
1602 3093 1785 3155 Bruto,
1805 3092 2081 3158 Tarquinia
2099 3106 2277 3143 sorore
2295 3091 2433 3157 regis

300 3182 438 3240 nato,
462 3175 699 3238 Delphos
724 3175 1023 3239 mittuntur,
1046 3182 1101 3223 et
1128 3180 1322 3239 praeter
1346 3175 1446 3237 alia
1477 3174 1820 3236 sciscitantur,
1858 3175 1969 3238 quis
1997 3174 2222 3238 ipsorum
2254 3175 2433 3224 Romo

253 3266 256 3271 ·
299 3265 607 3321 regnaturus
629 3263 786 3306 esset.
846 3254 1040 3320 Pythia
1062 3255 1427 3319 respondente,
1451 3255 1538 3320 qui
1565 3254 1757 3320 primns
1781 3256 2009 3306 osculum
2034 3254 2189 3306 matri
2212 3256 2435 3318 tulisset,

299 3338 502 3404 Brutus,
546 3339 692 3404 qnasi
726 3336 867 3388 forte
904 3339 1192 3401 prolapsus,
1216 3345 1409 3387 terram
1428 3338 1608 3388 osculo
1631 3336 1906 3401 contingit.
1970 3341 2052 3387 57.
2085 3337 2288 3386 Bellum
2312 3352 2432 3387 cum

297 3419 498 3469 Rutulis
542 3426 597 3470 et
635 3419 863 3470 obsessio
900 3417 1112 3468 Ardeae.
1181 3419 1461 3482 Regiorum
1488 3419 1737 3483 juvenum
1765 3420 1833 3469 de
1856 3417 2104 3469 uxoribus
2127 3418 2232 3468 suis
2264 3427 2432 3468 certa·

299 3514 437 3563 men;
471 3502 623 3565 cujus
644 3502 756 3551 laus
777 3515 935 3566 penes
970 3501 1262 3551 Lucretiam
1285 3508 1383 3559 est,
1408 3499 1567 3550 tiliam
1589 3501 1680 3566 Sp.
1709 3501 1962 3557 Lucretii,
1986 3498 2226 3563 praefecti
2252 3499 2437 3562 Urbis,

298 3589 504 3649 nuptam
555 3583 617 3632 L.
662 3582 945 3648 Tarquinio
984 3583 1259 3646 Collatino,
1294 3582 1469 3646 Egerii
1509 3580 1634 3633 filio.
1703 3586 1786 3630 58.
1827 3582 1947 3630 Sex.
1991 3580 2304 3645 Tarquinius
2329 3581 2434 3630 vim

292 3660 451 3726 ,infert
477 3664 759 3728 Lucretiae,
780 3671 836 3715 et
857 3664 992 3729 haec,
1019 3664 1278 3714 arcessitis
1314 3670 1462 3728 patre
1487 3678 1550 3714 ac
1572 3662 1780 3726 marito,
1800 3676 1982 3711 necem
2017 3662 2109 3711 sibi
2135 3662 2426 3713 consciscit.

300 3748 375 3794 59.
409 3746 621 3808 Brutus,
653 3746 892 3796 tribunus
934 3745 1194 3810 Celerum,
1229 3745 1475 3810 populum
1504 3745 1554 3794 in
1579 3745 1725 3795 Urbe
1759 3749 1816 3793 et
1845 3742 2130 3793 exercitum
2161 3743 2212 3792 in
2249 3744 2432 3794 castris

247 3818 254 3825 ”
301 3824 538 3876 adversus
572 3841 745 3890 regem
787 3827 1035 3878 concitat.
1112 3832 1195 3879 60.
1230 3828 1453 3877 Exilium
1477 3826 1775 3891 Tarquiniis
1805 3823 2068 3876 indicitur.
2138 3826 2262 3876 Duo
2293 3829 2439 3891 regis·

301 3905 446 3956 liberi
469 3923 585 3958 cum
620 3915 770 3972 patre
803 3910 1150 3972 commigrant
1189 3908 1444 3969 Caerc,'et
1475 3909 1597 3958 Sex.
1623 3907 1933 3972 Tarquinius
1962 3905 2177 3969 Gabios,
2198 3906 2284 3958 ubi
2311 3924 2430 3960 mox

302 3986 622 4040 interficitur.
681 3990 846 4040 Primi
869 3993 1107 4045 consules
1142 3996 1404 4056 creantur,
1429 3992 1490 4042 L.
1520 3991 1715 4052 Junius
1730 3986 1928 4039 Brutus
1962 3995 2017 4039 et
2039 3989 2097 4039 L.
2121 3990 2430 4058 Tarquinius

304 4068 602 4121 Collatinus.

368 4411 540 4478 Delph.
563 4422 610 4466 et
639 4416 754 4468 Var.
784 4419 912 4469 Clas.
1245 4419 1428 4469 Livius.
1832 4438 1841 4446 ·
2250 4420 2298 4471 Q
