3034 4925
1124 392 1570 444 nis'ronrcae.
2310 383 2443 450 145

263 542 472 604 Burrus
524 545 702 624 prees..
742 555 916 626 praet.
958 544 1135 608 Lusio
1186 546 1360 610 Getoe
1397 557 1459 609 et
1512 547 1690 607 Rufio
1744 546 2012 628 Crispino
2062 549 2440 612 substitutus.

262 642 461 702 51-90.
505 641 836 722 Vologeses
870 663 918 704 1.
959 643 1310 710 Parthorum
1342 666 1468 708 rex.
1552 646 1611 705 ls
1641 644 1755 705 hoc
1794 664 1952 705 anno
1981 646 2280 708 Tiridaten
2323 650 2443 710 fra·

261 751 397 799 trem
418 740 711 802 Armeaioe
738 742 1009 822 imponit,
1037 743 1212 823 pulso
1242 743 1634 804 Rhadamisto
1666 744 1861 817 Ibero,
1884 744 1985 822 qui
2011 756 2249 806 auctore
2277 746 2315 806 J
2323 747 2442 808 ulio

263 835 517 915 Peligna,
573 857 784 919 proqu.
831 840 1256 920 Cappadociae,
1312 842 1538 921 regium
1611 841 1847 921 insigne
1923 852 2230 904 sumserat.
2341 849 2443 906 52.

263 933 506 994 Faustus
537 937 847 1000 Cornelius
884 937 1070 1018 Sylla,
1110 958 1290 1016 gener
1318 938 1574 1011 Claudii,
1621 938 1685 999 L.
1716 939 1951 1000 Salvius
1997 940 2179 1013 Otho,
2215 954 2274 1000 et
2306 942 2442 1001 Ser-

262 1031 418 1094 vilius
448 1032 637 1094 Barea
659 1035 922 1096 Soranus
951 1037 1246 1098 consules.
1302 1037 1715 1100 Mathematici
1741 1057 1813 1098 ex
1839 1037 2010 1099 ltalia
2037 1038 2234 1098 denuo
2263 1039 2442 1118 pulsi.

264 1128 509 1188 Fucinus
554 1130 719 1192 lacus
743 1132 798 1191 'a
836 1131 1091 1192 Claudio
1136 1133 1410 1206 emissus,
1451 1142 1513 1193 et
1562 1134 1916 1195 naumachia
1960 1135 2018 1194 in
2051 1156 2124 1196 eo
2165 1136 2449 1197 exhibita.

264 1225 591 1293 Quadratus
625 1246 789 1306 proc.
830 1229 1017 1308 Syria».
1061 1230 1393 1292 discordias
1432 1231 1585 1291 inber
1614 1230 1900 1292 Galilseos
1926 1233 2444 1308 etSamaritanos,

262 1334 409 1384 ortas
438 1327 773 1388 auctoribus
798 1326 992 1388 Felice
1014 1342 1073 1388 et
1095 1328 1374 1390 Ventidio
1395 1330 1677 1390 Cumano.
1695 1331 2173 1409 procuratoribus
2189 1330 2446 1406 Judoeoe,

264 1423 574 1501 componit,
604 1424 883 1485 damnato
914 1426 1215 1498 Ventidio,
1240 1436 1304 1486 et
1332 1427 1639 1506 provincia
1664 1426 1776 1487 soli
1811 1427 1992 1488 Felici
2021 1428 2260 1490 tradita.
2345 1434 2446 1491 53.

264 1517 412 1578 Nero
447 1519 758 1582 Octaviam
799 1542 1037 1583 uxorem
1070 1524 1262 1595 ducit,
1287 1532 1352 1584 et
1377 1524 1695 1588 Iliensibus
1725 1523 2175 1597 immunitatem,
2205 1525 2451 1588 liberta-

263 1626 372 1676 tem
412 1618 662 1680 Rhodiis
714 1619 936 1680 diserta
982 1623 1248 1688 oratione
1297 1623 1594 1702 impetrat.
1677 1622 1801 1682 Res
1848 1623 1923 1682 ab
1952 1623 2024 1682 A.
2056 1623 2236 1684 Didio
2266 1624 2451 1686 Gallo

260 1732 445 1793 propr.
497 1715 558 1775 in
613 1715 918 1778 Britannia
973 1729 1183 1797 gestae.
1266 1719 1337 1780 T.
1396 1717 1666 1782 Statilius
1714 1719 1945 1780 Taurus
1988 1740 2153 1800 proc.
2212 1721 2457 1795 Africae,

265 1810 422 1890 cujus
445 1811 630 1874 hortis
658 1813 992 1894 Agripp'na
1012 1815 1220 1890 inhiat,
1243 1814 1703 1897 repetundarum
1733 1817 2071 1879 damnatus.
2136 1818 2453 1880 Helvidius

266 1907 492 1968 Priscus
523 1919 806 1988 quoestor,
835 1920 898 1971 et
925 1930 1106 1992 gener
1128 1913 1281 1975 Paeti
1307 1914 2066 1977 Thraseoe.-Onosander.
2151 1920 2253 1978 54.
2286 1916 2452 2002 Mors

268 2005 512 2067 Claudii.

858 2187 1073 2246 54-68.
1119 2186 1280 2248 Nero
1311 2184 1600 2247 Claudius
1631 2186 1851 2248 Caesar.

339 2300 435 2358 54.
480 2298 571 2359 M.
602 2298 824 2360 Junius
852 2300 1092 2362 Silanus
1120 2321 1284 2380 proc.
1316 2300 1477 2362 Asiae
1517 2319 1749 2362 veneno
1775 2300 2092 2366 extinctus.
2181 2303 2295 2364 Cn.
2328 2303 2457 2364 Do·

265 2393 452 2456 mitius
481 2398 771 2471 Corbulo,
801 2417 965 2479 proc.
996 2399 1292 2460 Armeniae
1313 2409 1375 2460 et
1396 2400 1470 2459 ab
1498 2418 1656 2460 anno
1685 2401 1785 2461 60.
1819 2399 1992 2460 simul
2023 2402 2210 2483 Syriae
2239 2400 2453 2462 totius—

268 2512 374 2569 que
424 2495 872 2566 Orientis.--Q.
922 2497 1218 2559 Asconius
1263 2494 1605 2559 Pedianus.
1673 2501 1772 2558 55.
1821 2496 2188 2560 Britannicus
2227 2515 2459 2558 veneno

271 2591 550 2654 sublatus.
638 2594 948 2655 Dissensio
970 2594 1226 2656 Neronis
1251 2614 1386 2655 cum
1410 2606 1596 2655 matre
1617 2594 1694 2653 ob
1726 2592 1908 2653 Actes
1928 2594 2154 2655 libertas
2175 2613 2459 2656 amorem.

268 2686 337 2747 A.
370 2689 620 2752 Fabricii
647 2692 995 2753 Veientonis
1025 2704 1193 2772 proet.
1221 2691 1348 2753 ludi
1377 2692 1703 2753 circenses.
1754 2689 1919 2751 Idem
1948 2711 2021 2752 ex
2047 2691 2221 2752 Italia
2242 2690 2461 2755 deinde

269 2785 487 2862 pulsus.
577 2790 654 2858 Q.
685 2790 921 2851 Curtius
954 2790 1148 2850 Rufus
1189 2808 1353 2870 proc.
1390 2787 1626 2859 Africoe,
1653 2797 1714 2847 et
1742 2786 2063 2866 Vipsanius
2102 2788 2291 2849 Lenas
2319 2788 2461 2847 Sar-

274 2881 638 2947 dinis-M.
670 2887 943 2949 Valerius
975 2887 1227 2948 Probus.
1310 2886 1409 2947 56.
1455 2885 1714 2947 Neronis
1749 2883 2024 2944 libidines
2055 2896 2116 2945 et
2141 2886 2462 2966 grassatio-

273 2999 374 3042 nes
407 2993 736 3047 nocturnae.
821 2986 1156 3047 Histriones
1186 2985 1359 3047 Italia
1387 2983 1564 3064 pulsi.
1647 2983 1927 3063 Potestas
1970 2982 2334 3043 tribunorum
2376 2983 2463 3062 pl.

272 3088 326 3136 et
365 3079 630 3141 sedilium
675 3082 1002 3143 imminuta.
1085 3082 1364 3143 Potentia
1407 3080 1591 3153 Helii,
1642 3079 2052 3161 Epaphroditi,
2103 3079 2462 3159 Doryphori,

272 3173 576 3261 Phaontis,
615 3178 926 3260 Polycleti,
948 3181 1292 3241 libertorum
1330 3178 1607 3250 Neronis,
1638 3177 1817 3258 Spori
1837 3178 2079 3250 exoleti,
2102 3189 2166 3239 et
2190 3176 2464 3257 Tigellini

274 3275 428 3350 prais.
486 3285 660 3355 preet.
744 3277 1133 3339 Obultroaius
1190 3277 1445 3337 Sabinus
1501 3287 1761 3356 questor-
1807 3276 1995 3339 oerarii
2051 3278 2127 3335 ab
2183 3274 2462 3336 Helvidio

277 3368 472 3435 Prisco
503 3376 636 3435 trib.
660 3374 744 3454 pl.
769 3384 1120 3437 accusatus:
1163 3384 1226 3436 et
1244 3394 1390 3435 cura
1415 3373 1604 3435 aerarii
1628 3393 1662 3433 a
1690 3373 2082 3452 quaestoribus
2110 3371 2186 3432 ad
2216 3371 2462 3451 praefec-

275 3478 362 3529 tos
413 3482 473 3530 et
513 3483 773 3550 praetura
815 3471 1050 3533 functos
1096 3470 1407 3533 translata.
1491 3470 1745 3533 Porcius
1786 3471 1999 3531 Festus
2043 3471 2340 3540 Judoeam,
2383 3468 2463 3536 Q.

278 3565 564 3648 Sulpicius
617 3569 966 3629 Camerinus
1007 3569 1291 3649 Pythicas
1336 3569 1618 3642 Africam,
1669 3569 1745 3629 C.
1792 3567 2083 3628 Balbillus
2122 3568 2464 3644 AEgyptum,

280 3664 668 3726 Cossutianus
701 3666 919 3746 Capito
951 3665 1239 3739 Ciliciam,
1270 3665 1501 3745 Epirius
1549 3664 1843 3725 Marullus
1877 3661 2284 3742 Pamphyliam
2314 3659 2466 3723 obti-

278 3774 393 3825 net.
464 3767 564 3825 57.
597 3765 672 3834 Q.
692 3764 984 3825 Veranius
1013 3780 1174 3842 proc.
1206 3761 1549 3831 Britanniae,
1578 3760 1897 3841 Pompeius
1923 3759 2201 3819 Silvanus
2227 3757 2466 3839 Afrieae,

281 3858 340 3918 L.
386 3861 684 3921 Antistius
713 3861 897 3921 Vetus
944 3873 1005 3921 et
1049 3858 1368 3938 Pompeius
1420 3858 1730 3919 Paullinus
1774 3857 2245 3931 Germaniarum,
2276 3855 2467 3919 AElius

283 3957 529 4019 Gracilis
580 3957 793 4020 Galliae
834 3957 1006 4037 Belg.
1091 3960 1191 4019 58.
1234 3958 1566 4036 Vologeses
1607 3967 1673 4016 et
1711 3955 1999 4015 Tiridates
2045 3973 2083 4013 a
2127 3954 2466 4016 Corbulone
2588 4004 2597 4011 s

284 4054 432 4117 victi.
520 4057 593 4117 C.
638 4057 845 4117 Vibius
892 4056 1139 4135 Crispus
1176 4075 1340 4136 proc.
1385 4055 1622 4125 Africae,
1670 4055 1743 4115 C.
1785 4052 2105 4114 Suetonius
2156 4053 2467 4114 Paullians

285 4149 624 4225 Britannioe,
661 4153 946 4215 Curtilius
973 4153 1215 4215 Mancia
1244 4165 1306 4214 et
1334 4154 1569 4215 Dubius
1597 4152 1815 4213 Avitus
1837 4152 2307 4213 Germaniarum.
2377 4150 2466 4211 M.

286 4248 510 4313 Salvius
542 4251 702 4317 Otho
731 4252 792 4311 in
821 4252 1104 4334 Poppaeae
1124 4252 1359 4316 Sabinae
1389 4270 1644 4314 amorem
1667 4249 1892 4334 pellicit
1920 4250 2238 4323 Neronem,
2264 4258 2323 4311 et
2351 4248 2465 4309 Lu·
