3034 4925
549 324 686 396 154
1411 333 1737 386 usum

550 504 786 579 agatur.
864 490 2741 575 Sedrebellionenilitunortsinsyriaocciditurcumfflio.

551 589 1234 667 12⁶0,me
1279 589 2417 670 mmmm,
2470 589 2825 650 etJnlio·

547 693 729 756 Avito
771 686 1318 760 mntdnaeffliae,
1369 687 1849 767 quarm-aior
1896 688 2169 760 Souis,
2214 687 2397 746 Vario
2450 687 2743 748 Marcello

547 799 758 871 nupta,
801 786 1064 859 Avitum,
1104 784 1316 860 minor,
1360 783 2740 858 namm‚nxoeGe-=iinarciani,ssmia·

547 893 1060 965 numpepcrerat.
1139 882 1510 964 Hicpostea
1556 882 1757 943 dictus
1800 881 2261 942 estAlexander
2304 882 2585 955 Severus,
2618 881 2739 954 ino,

546 986 652 1068 qni
677 980 1008 1043 cmc-112
1044 979 1398 1043 credebatur
1439 980 1622 1055 filius,
1660 980 2063 1061 etElagabdi
2094 980 2209 1041 Dei
2236 979 2427 1061 Syrie
2455 978 2737 1042 sacerdos

895 1257 1190 1318 218-222.
1231 1256 1332 1316 M.
1361 1253 1653 1315 Ass-clius
1676 1253 2036 1315 Antonius
2064 1253 2375 1336 Hcgalal

541 1405 594 1448 s.
629 1385 1080 1467 Magabam,
1103 1404 1252 1466 puer
1275 1383 1427 1444 avie
1451 1382 1773 1462 matrisque
1798 1385 2037 1456 virtute,
2064 1385 2290 1445 artibus
2316 1395 2378 1446 et
2420 1381 2739 1462 largitione

540 1502 579 1543 a
603 1483 885 1544 militib-⁸
905 1483 1098 1544 lectus
1126 1483 1470 1562 Imperator,
1499 1481 1604 1560 qui
1628 1480 1809 1541 etiam
1832 1480 2358 1543 Pseudantoninus
2390 1491 2456 1542 et
2494 1489 2736 1561 propter

535 1578 812 1641 libidines
839 1577 1211 1660 Sardanapd
1252 1577 1589 1658 appellatus
1626 1578 2065 1651 esu—Nestor,
2091 1579 2313 1639 Fabius
2338 1576 2735 1658 Agrippinas,

537 1674 737 1748 Picus,
767 1675 1059 1748 Rhianus,
1087 1675 1378 1736 Claudius
1403 1674 1670 1747 Attalus,
1712 1675 2079 1749 Tricciana,
2102 1676 2292 1757 Sylla,
2319 1675 2494 1736 Seius
2524 1672 2731 1744 Caius,

533 1773 888 1834 Valerianus
929 1772 1157 1847 Paetus,
1199 1772 1376 1834 Silius
1422 1772 1712 1846 Messala,
1758 1773 2124 1853 Pomponius
2172 1774 2423 1846 Bassus,
2452 1772 2730 1852 Gannys‚

532 1869 824 1951 Principis
870 1881 1219 1952 preceptor,
1244 1872 1342 1932 cui
1384 1871 1697 1951 imperium
1738 1870 1840 1930 ille
1873 1870 2153 1943 debebat,
2182 1871 2377 1930 Verus
2397 1881 2460 1931 et
2490 1866 2729 1928 Gellius

530 1965 830 2027 Maximus
865 1966 1318 2029 interficiuntur.
1404 1966 1697 2046 Elagabal
1732 1968 1802 2026 fit
1829 1986 2124 2027 summum
2165 1968 2569 2027 Romanorum
2616 1983 2735 2024 nu·-
2800 2001 2805 2008 ·

530 2083 690 2138 men,
715 2074 778 2123 et
820 2063 1146 2144 Imperator
1170 2066 1299 2145 ejus
1328 2065 1632 2126 sacerdos.
1714 2064 2098 2124 circumcisio
2126 2064 2418 2146 Principis
2447 2064 2732 2127 aliorum·

531 2181 669 2241 que,
712 2161 1024 2241 afflig-atio,
1066 2162 1442 2241 saltatioque.
1528 2161 1805 2222 Potentia
1844 2162 2200 2243 Eutychiani
2245 2182 2299 2222 s.
2349 2163 2731 2240 Columnis,

531 2258 825 2319 Hieroclis
851 2267 916 2317 et
937 2259 1165 2320 Aurelii
1193 2258 1430 2319 Eubuli.
1519 2262 1661 2320 220.
1702 2260 2028 2320 Athenoeus
2057 2280 2077 2329 ;
2115 2258 2467 2338 Ammonius
2496 2259 2726 2321 Saccas

524 2355 743 2440 philos.
799 2355 1202 2418 Tertullianus
1262 2357 1411 2420 obit.
1522 2355 1810 2418 Solinus?
1902 2357 2033 2419 Jul.
2085 2355 2480 2437 Obsequens?
2582 2360 2730 2419 221.

523 2452 866 2519 Alexander
911 2453 1306 2519 consobrinus
1354 2454 1649 2537 Principis
1692 2460 1778 2534 (v.
1824 2454 1903 2516 ad
1951 2474 2010 2517 a.
2065 2457 2237 2534 218.)
2296 2456 2373 2516 ab
2415 2474 2490 2515 eo
2538 2453 2733 2538 adop-

526 2562 706 2617 tatur.

1150 2681 1443 2741 222-235.
1485 2679 1833 2741 Alexander
1852 2681 2117 2753 Seuer-s,

524 2793 625 2872 qui
664 2791 915 2854 consilia
967 2793 1304 2853 Mammaeae
1353 2793 1560 2852 matris
1592 2804 1656 2854 et
1702 2793 1945 2853 Domitii
1996 2794 2259 2876 Ulpiani,
2285 2792 2401 2854 JC.
2432 2811 2505 2853 ac
2548 2791 2728 2873 praef.

519 2900 694 2972 proet.
721 2901 963 2951 secutus
988 2891 1143 2950 bene
1183 2900 1417 2969 regnat,
1446 2889 1554 2951 sed
1590 2891 1764 2951 nimis
1809 2890 2084 2971 indulget
2117 2891 2379 2951 avaritie
2415 2889 2624 2949 matris
2664 2900 2733 2950 et

523 2984 870 3047 dominandi
912 2985 1245 3066 cupiditati.
1326 2988 1469 3047 225.
1533 2986 1825 3048 Claudius
1880 2988 2169 3049 AElianus.
2268 2989 2568 3047 226-241.
2608 2987 2727 3045 Ar-

521 3094 794 3143 taxerxes
825 3102 873 3144 1.
915 3081 1228 3160 (Ardschir
1255 3103 1305 3143 s.
1336 3082 1691 3143 Sassanides
1723 3086 1800 3162 1.)
1841 3085 1946 3167 qui
1989 3104 2176 3166 regno
2204 3084 2483 3144 Parthico
2510 3102 2726 3145 everso

519 3176 826 3243 Persicum
871 3179 1145 3251 restituit,
1193 3190 1255 3239 et
1309 3179 1767 3262 Mesopotamioe
1817 3182 2123 3263 Syriaeque
2176 3182 2459 3243 imminet.
2574 3182 2724 3241 228.

520 3274 812 3356 Ulpianus
850 3295 889 3337 a
932 3277 1298 3356 pretorianis
1347 3278 1606 3351 occisus,
1649 3289 1892 3340 auctore
1940 3277 2279 3361 Epagatho.
2393 3277 2536 3337 229.
2604 3276 2725 3338 Dio

520 3372 769 3435 Cassius
806 3392 933 3437 cos.
965 3392 1049 3436 11.
1076 3375 1178 3454 qui
1203 3374 1382 3456 paulo
1410 3388 1552 3456 post
1579 3376 1641 3434 in
1679 3377 1928 3456 patriam
1957 3384 2022 3436 et
2046 3375 2231 3436 otium
2270 3372 2444 3434 redit.
2524 3374 2723 3434 Cura-

518 3480 678 3532 tores
731 3471 906 3532 Urbis
955 3488 1103 3532 xxv.
1151 3491 1224 3533 ex
1272 3472 1685 3533 consularibus
1727 3472 1872 3534 facti
1913 3482 1976 3532 et
2021 3471 2261 3551 negotia
2308 3471 2537 3530 urbana
2580 3490 2725 3530 eum

517 3567 688 3649 praef.
730 3567 874 3629 Urbi
921 3577 1218 3630 curantes.
1323 3569 1600 3628 Praefecti
1642 3579 1815 3649 proet.
1853 3579 2159 3630 senatores
2207 3579 2271 3629 et
2313 3566 2439 3626 Viri
2492 3567 2724 3627 Claris-

518 3665 673 3729 simi.
752 3666 897 3726 230.
943 3664 1278 3726 Herennius
1309 3662 1685 3725 Modestinus
1713 3675 1776 3725 et
1800 3665 2188 3726 Terentianus
2210 3664 2481 3727 Maurus.
2567 3665 2724 3725 233-

522 3763 660 3823 305.
706 3760 1088 3844 Porphyrius.

1236 3888 1380 3948 236.
1409 3889 1559 3950 236.
1600 3888 1983 3953 Maximinus

518 3992 737 4068 Thrax,
764 3995 936 4076 cujus
963 4017 1146 4079 opera
1175 3999 1515 4063 Alexander
1536 4001 1597 4062 in
1625 4001 1875 4063 militum
1905 4000 2195 4062 seditione
2213 4017 2336 4060 una
2359 4018 2501 4060 cum
2525 4008 2725 4060 matre

514 4091 750 4154 occisus
776 4103 906 4157 erat
944 4095 1298 4176 Moguntiae‚
1338 4098 1637 4178 flagitiose
1683 4108 1745 4158 et
1785 4096 2103 4159 crudeliter
2142 4105 2374 4180 regnat,
2405 4105 2471 4157 et
2511 4095 2576 4157 in
2609 4115 2723 4178 op·

512 4191 879 4275 pugnatione
902 4191 1193 4276 Aquileiae
1210 4213 1249 4258 a
1267 4193 1552 4259 militibus
1582 4193 1709 4259 suis
1734 4194 2104 4279 opprimitur.
