3034 4925
576 378 707 444 210
750 404 756 412 ·

1510 392 1579 439 T.
1626 390 1814 440 L1v11

578 556 710 602 non
738 536 1037 615 traditur,
1069 552 1221 600 cum
1243 533 1421 597 haud
1453 533 1655 614 dubie
1684 532 2028 617 aliquanto
2054 550 2368 596 numerus
2396 529 2617 615 major
2635 530 2763 597 hoc

578 639 927 705 mulierum
968 637 1194 714 fuerit,
1236 644 1463 712 aetate,
1490 655 1574 699 an
1605 635 2042 717 dignitatibus
2075 633 2218 698 suis
2247 634 2649 712 virorumve,
2679 653 2763 698 an

582 747 755 807 sorte
801 743 993 806 lectae
1036 741 1193 816 sint,
1232 757 1387 822 quae
1431 738 1704 803 nomina
1744 738 1942 803 curiis
1973 738 2228 801 darent.
2315 737 2580 801 Eodem
2609 743 2768 801 tem-

578 864 742 928 pore
763 852 833 909 et
860 843 1167 907 centuriae
1194 848 1328 906 tres
1358 841 1653 924 equitum
1678 837 1705 876 b
1735 841 2130 923 conscriptae
2151 847 2327 919 sunt,
2350 839 2767 904 Ramnenses

583 947 671 1010 ab
702 944 1037 1022 Romulo,c
1083 946 1169 1009 ab
1211 943 1367 1009 Tito
1410 942 1610 1007 Tatio
1648 941 1984 1007 Titienses
2010 943 2354 1026 appellati.

2441 943 2765 1008 Lucerum

583 1049 875 1113 nominis
934 1054 1003 1112 et
1049 1047 1319 1129 originis
1365 1065 1576 1111 eausa
1621 1044 1888 1110 incerta
1927 1045 2081 1110 est.‘¹
2168 1044 2332 1109 Inde
2382 1065 2517 1110 non
2573 1043 2767 1112 modo

1571 1248 1620 1298 N
1626 1248 1784 1301 01·AE

583 1365 740 1415 Urbis
774 1364 1083 1428 regionibus,
1116 1364 1272 1428 inque
1304 1362 1522 1428 triginta
1553 1378 1640 1412 cu-

584 1443 708 1504 rins,
733 1453 1031 1507 unaquaque
1055 1440 1194 1490 tribu
1215 1440 1264 1489 in
1283 1439 1465 1489 Curias
1480 1439 1640 1489 denas

582 1516 847 1578 distincta,
871 1521 1048 1564 narrat
1066 1514 1347 1579 Dionysius
1372 1514 1645 1571 Halicarn.

585 1592 674 1640 lib.
713 1606 775 1641 n.
825 1593 930 1643 Qui
955 1591 1113 1640 tribui
1149 1592 1338 1655 cuique
1363 1596 1642 1655 preerant,

586 1681 673 1717 eos
710 1668 1001 1730 Tribunos3
1033 1669 1120 1732 qui
1160 1668 1353 1732 Curiae,
1392 1668 1642 1719 Curiones

586 1745 934 1808 appellarunt.
999 1744 1169 1794 Curiae
1193 1760 1366 1795 rursus
1392 1745 1443 1795 in
1470 1747 1642 1795 Decu-

588 1821 689 1870 rias
711 1821 1003 1871 distributae
1038 1830 1177 1879 sunt,
1209 1830 1265 1870 et
1299 1822 1489 1887 cuique
1521 1836 1642 1872 suus

591 1906 818 1961 preerat
866 1899 1116 1949 Decurio.
1195 1899 1459 1961 Ceterum,
1502 1899 1639 1964 quod

588 1975 788 2024 Noster
831 1976 1021 2040 aliique
1075 1974 1329 2040 scribunt,
1374 1984 1642 2039 rapturum

585 2051 789 2102 nomina
814 2051 984 2101 Curiis
1003 2067 1035 2101 a
1058 2050 1282 2101 Romulo
1301 2065 1415 2101 esse
1433 2051 1643 2115 imposi-

586 2135 660 2190 ta,
705 2143 805 2177 non
835 2129 1093 2178 immerito
1125 2136 1322 2193 negant
1364 2128 1641 2192 Dionysius

587 2217 654 2251 ex
675 2204 907 2253 Varrone
938 2209 996 2252 et
1017 2204 1360 2266 Plutarchus3
1397 2211 1505 2253 tum
1528 2204 1642 2253 nliis

587 2280 654 2328 de
697 2281 885 2344 causis,
920 2286 1029 2330 tum
1073 2295 1137 2330 eo
1171 2281 1307 2345 qnod
1336 2281 1505 2331 Curiis
1543 2295 1644 2330 non

587 2357 767 2420 paucis
790 2355 915 2405 data
936 2370 965 2405 e
988 2355 1114 2405 locis
1132 2356 1257 2420 ipsis
1278 2363 1397 2405 sunt
1416 2356 1644 2407 nomina.

650 2431 675 2467 b
732 2432 975 2483 Centurioe
1019 2438 1119 2483 tres
1159 2432 1395 2499 equitum]
1449 2432 1644 2485 Eodem

587 2511 791 2577 quidem
814 2526 931 2561 cnm
956 2510 1127 2561 Curiis
1149 2526 1211 2561 sc
1248 2511 1488 2561 tribubus
1519 2518 1646 2560 tem·

590 2603 716 2652 pore
753 2589 1043 2652 descriptas
1088 2589 1331 2653 Equitum
1370 2588 1645 2639 centurias

585 2665 862 2716 verisimile
907 2665 1179 2716 admodum
1225 2665 1451 2717 videtur.
1541 2665 1644 2716 Sed

588 2753 862 2807 utrumque
895 2742 982 2790 din
1005 2749 1130 2793 ante
1162 2743 1376 2793 ascitum
1413 2743 1467 2792 in
1498 2743 1647 2805 regni

590 2818 898 2888 societatem
929 2818 1138 2868 Tatium
1170 2834 1235 2868 ex
1274 2819 1522 2883 Dionysio
1557 2834 1646 2869 nc-

590 2893 910 2941 cnratissimo
960 2894 1219 2957 scriptore
1260 2892 1456 2943 factum
1512 2900 1646 2944 erat.

589 2966 697 3016 Sub
719 2967 920 3015 initiunt
944 2968 1136 3030 quippe
1158 2967 1251 3017 lib.
1276 2982 1344 3033 n,
1376 2969 1468 3031 ait,
1486 2971 1648 3019 Sens-

591 3050 651 3092 tu
676 3041 981 3103 constituto,
996 3043 1272 3092 Romulum
1291 3050 1558 3094 trecentos
1569 3060 1651 3095 ro·

588 3119 911 3169 bustissimos
955 3134 1021 3169 ex
1062 3119 1397 3170 nobilissimis
1440 3119 1648 3173 familiis

591 3195 824 3245 delectos
853 3196 995 3246 circs
1016 3210 1074 3247 se
1106 3196 1368 3261 habuisse,
1389 3212 1649 3250 commen-

591 3271 743 3322 datos
767 3272 1040 3323 Curiarum
1061 3265 1341 3340 suffragiis,
1371 3275 1530 3326 denos
1554 3292 1651 3342 per

592 3349 819 3413 singulas
857 3350 1056 3402 Curius.
1122 3350 1195 3400 Hi
1235 3351 1447 3403 Celeres
1501 3354 1650 3416 dicti,

590 3426 700 3476 sive
724 3440 756 3474 a
776 3427 1048 3477 celeritate
1069 3427 1361 3492 ministerii,
1376 3429 1488 3479 sive
1504 3446 1535 3479 s
1558 3430 1649 3481 dn·

592 3505 674 3556 cis-
693 3505 770 3554 sui
796 3504 1017 3562 nomine,
1039 3505 1128 3570 qni
1152 3505 1341 3555 Fabius
1363 3508 1519 3557 Celer
1541 3509 1650 3557 ‹lic-

592 3589 696 3632 tus.
731 3582 875 3631 Plut.
897 3587 1071 3630 tamen
1100 3582 1153 3630 in
1189 3582 1410 3633 Romulo
1430 3598 1496 3632 ex
1516 3585 1651 3633 Var-

592 3673 718 3709 rone
774 3658 1069 3707 institutum
1123 3658 1250 3708 illud
1306 3659 1488 3724 refert,
1533 3675 1649 3710 cum

576 3740 808 3800 Nostro,
832 3736 895 3786 sd
922 3744 1124 3801 tempus
1156 3740 1305 3789 asciti
1330 3741 1381 3789 in
1404 3740 1550 3805 regni
1574 3755 1652 3789 so·

593 3814 840 3863 cietatem
856 3814 1015 3863 Tatii.
1062 3814 1229 3864 Porro
1251 3815 1473 3866 diversae
1498 3818 1652 3880 longe

592 3888 803 3939 fuerunt
822 3889 1048 3953 equitnm
1070 3890 1151 3939 hae
1185 3891 1451 3941 Centuriae
1492 3906 1524 3940 a
1562 3906 1654 3955 po-

594 3965 704 4030 puli
742 3965 1023 4031 centuriis,
1060 3983 1189 4033 qnss
1227 3977 1410 4032 postes
1439 3970 1653 4020 Servius

596 4040 794 4089 Tullius
808 4042 1034 4091 instituit
1050 4058 1100 4093 c.
1113 4048 1196 4094 48.
1219 4046 1430 4094 Diversi
1447 4060 1652 4110 quoque

593 4119 649 4168 hi
672 4117 872 4183 equites
908 4119 973 4168 ab
994 4119 1078 4182 iis,
1096 4122 1185 4185 qui
1207 4121 1438 4171 ordinem
1460 4135 1646 4186 eques-

598 4203 738 4247 trem
768 4195 1148 4245 constituerunt
1169 4198 1222 4246 in
1249 4198 1561 4261 Republica.

656 4280 680 4310 ⁶
713 4272 1004 4323 Ramnenses
1024 4272 1084 4324 ab
1106 4270 1330 4334 Romulo]
1365 4274 1496 4326 Qum
1524 4289 1651 4339 τος..

1716 1362 1922 1412 nomina
1964 1361 2188 1411 tribuum
2226 1361 2373 1410 fuere
2410 1375 2477 1409 ex
2518 1358 2771 1421 Varrone,

1717 1439 2015 1496 Plutarcho,
2054 1439 2204 1500 nliis;
2240 1451 2304 1487 ea
2327 1436 2592 1487 Centuriis
2633 1436 2775 1500 equi·

1718 1524 1824 1566 tnm
1863 1516 2036 1567 Livius
2067 1516 2316 1579 assignat.
2384 1515 2520 1564 Haec
2552 1528 2680 1564 vero
2703 1515 2775 1564 iu·

1718 1594 1907 1643 vicemx
1938 1591 2310 1647 conciliaveris,
2365 1591 2409 1640 si
2462 1590 2775 1650 memineris,

1717 1676 1844 1733 quot
1869 1667 2030 1718 tribus
2057 1668 2254 1732 populi,
2286 1666 2505 1716 totidem
2542 1667 2773 1730 equitnm

1718 1747 1995 1797 Centuriss
2031 1743 2207 1806 fuisse,
2243 1744 2435 1808 hasque
2469 1757 2537 1792 ex
2562 1742 2666 1791 illis
2689 1741 2777 1790 de·

1717 1831 1945 1888 cerptss,
1968 1823 2115 1872 denis
2148 1823 2200 1870 in
2223 1821 2449 1885 singulas
2473 1820 2655 1869 Curias
2676 1818 2777 1866 lec·

1719 1903 1804 1950 tis.
1843 1899 1998 1950 Unde
2015 1898 2142 1949 nihil
2165 1898 2369 1959 mirum,
2391 1897 2434 1946 si
2456 1908 2776 1960 unsqna’qne

1719 1977 1968 2027 Centurio
1989 1977 2156 2026 tribus
2190 1990 2296 2024 snae
2326 1973 2632 2024 vocabulum
2657 1972 2780 2020 reti·

1718 2055 1911 2104 nnerit.
1960 2051 2064 2102 Sed
2089 2051 2264 2116 quidni
2286 2049 2551 2113 potuerint
2575 2044 2777 2096 institui

1719 2131 1788 2181 nb
1810 2131 1957 2181 initio
1980 2128 2340 2194 tribus,(quod
2357 2127 2639 2190 Dionysius
2664 2139 2779 2189 pro·

1719 2207 1896 2272 didit,)
1916 2208 2142 2273 itemque
2164 2222 2229 2256 ex
2253 2206 2486 2256 tribubus
2511 2202 2778 2267 decerptae

1721 2286 2021 2336 Centuriae?
2086 2283 2392 2334 Nominibus
2431 2281 2622 2331 deinde
2660 2293 2781 2344 pro-

1721 2362 1846 2426 priis
1866 2369 1987 2426 post
2020 2361 2212 2411 bellum
2242 2358 2488 2409 Sabinum
2513 2355 2782 2420 distingui,

1719 2445 1780 2489 ut
1823 2439 2091 2503 Equitum,
2146 2436 2363 2501 perinde
2413 2449 2474 2485 sc
2523 2433 2779 2484 Tribunm

1722 2516 1927 2581 quidam
1950 2530 1979 2565 s
2003 2515 2223 2565 Romulo
2249 2513 2366 2579 (aiut
2388 2513 2489 2561 slis
2506 2511 2570 2561 de
2592 2509 2781 2574 ansa)

1722 2592 2030 2648 Ramnenses,
2071 2592 2180 2640 sive
2221 2589 2460 2638 mamus
2493 2586 2622 2637 dicti
2668 2585 2780 2635 sue·

1722 2668 1856 2718 rint:
1891 2668 1976 2716 alii
2000 2667 2236 2716 Titienses
2261 2681 2290 2715 s
2320 2666 2440 2715 Tito
2471 2664 2662 2724 Tutio;
2696 2660 2783 2710 slii

1722 2745 1944 2809 denique
1975 2743 2197 2793 Luceres.
2263 2742 2335 2791 Et
2361 2741 2654 2789 Ramnenses
2674 2737 2782 2802 qni·

1722 2820 1841 2870 dem
1865 2835 1931 2869 ex
1954 2818 2175 2869 Albanis
2211 2824 2266 2867 et
2290 2815 2575 2867 Arcadibus
2599 2814 2724 2868 orti,
2746 2811 2783 2861 ii

1722 2896 1891 2958 fuere,
1912 2896 1999 2961 qui
2035 2903 2160 2945 ante
2192 2894 2388 2944 Urbem
2426 2890 2692 2941 conditam
2722 2904 2784 2944 es

1723 2975 1836 3024 locs
1856 2972 2175 3033 incolebant,
2199 2978 2255 3021 et
2291 2984 2407 3019 cnm
2437 2968 2660 3018 Romulo
2684 2967 2786 3015 Ps-

1724 3049 1907 3098 lstinm
1950 3056 2004 3097 et
2047 3047 2264 3098 Coelinm
2309 3051 2532 3095 montem
2575 3043 2781 3092 habits·

1723 3133 1880 3177 rnnt=
1927 3125 2161 3175 Titienses
2203 3138 2268 3174 ex
2312 3121 2513 3173 Sabinis
2550 3119 2693 3178 fere,
2734 3119 2785 3169 in

1725 3201 2020 3265 Capitolino
2049 3206 2104 3250 et
2125 3200 2382 3252 Quirinali
2415 3197 2561 3247 sedes
2590 3196 2785 3245 habue-

1725 3290 1820 3326 rez
1854 3277 2061 3327 Luceres
2095 3275 2280 3339 reliqui
2316 3271 2611 3333 adventitii,
2644 3272 2786 3320 circs

1725 3351 1899 3403 forum
1917 3354 2053 3402 inter
2069 3352 2330 3402 Palatium
2347 3356 2405 3398 et
2421 3347 2755 3411 Cspitolium.

1791 3428 1818 3463 ‘¹
1849 3429 2085 3478 Lucerum
2114 3427 2318 3477 nominis
2351 3431 2402 3475 et
2429 3423 2631 3486 arigium
2648 3436 2788 3472 mss

1728 3507 1911 3556 inemo
1953 3504 2050 3568 est]
2102 3505 2269 3554 Iidem
2310 3504 2595 3553 Lucerem
2637 3500 2784 3551 dicti.

1729 3583 1928 3632 Horum
1952 3582 2202 3646 originem
2236 3580 2488 3629 incertam
2516 3590 2635 3627 esse
2657 3575 2787 3627 dicit

1728 3659 1931 3721 Livins3
1979 3672 2085 3707 non⁴
2125 3657 2251 3721 quis
2281 3655 2422 3704 nulls
2459 3654 2650 3703 tradita
2686 3653 2785 3713 sit3

1728 3736 1820 3785 sed
1855 3736 1974 3799 qnia
2009 3734 2161 3790 aliam
2190 3732 2278 3780 alii
2309 3730 2574 3780 tradentes
2599 3743 2709 3778 rem
2732 3728 2783 3775 in

1728 3810 1939 3860 dubium
1974 3809 2321 3859 adduxerunt.
2395 3806 2611 3861 Plinius,
2641 3804 2784 3855 Plnt.

1727 3885 1980 3937 Asconius
2003 3902 2033 3937 a
2055 3887 2184 3936 Luco
2205 3884 2380 3950 (Asyli
2396 3883 2446 3948 ς)
2459 3884 2628 3933 Varro
2642 3897 2675 3931 ι
2690 3882 2782 3931 ιιι·

1728 3977 1919 4013 cumane
1937 3961 2160 4029 (Tusco)
2194 3962 2282 4027 qni
2306 3960 2522 4010 Romulo
2542 3958 2785 4007 adversm
2812 3971 2819 3976 ·

1727 4040 1940 4089 Tatium
1965 4038 2218 4102 pugnanti
2240 4050 2391 4100 opem
2412 4034 2584 4083 tulisse
2604 4032 2785 4082 fertur·

1730 4115 1837 4166 Alii
1874 4113 2013 4178 apud
2052 4114 2263 4163 Festum
2302 4125 2335 4160 a
2369 4112 2550 4161 Lucere
2595 4108 2781 4159 Ardea

1729 4206 1854 4255 rege
1910 4190 2202 4242 nominatos
2258 4190 2549 4242 voluerunt.
2597 4187 2685 4251 qui
2728 4194 2782 4236 et

1730 4271 1843 4336 ipse
1868 4268 2086 4319 Romulo
2109 4274 2235 4322 tune
2259 4266 2504 4317 auxilinm
2528 4265 2718 4316 tulerit.
