3034 4925
494 361 586 429 36
689 372 1106 426 PRoOEMmM
1156 367 1254 421 DE
1303 369 1492 419 lell
1541 368 1723 419 vrrA
1772 369 1864 419 ΕΤ
1910 369 2274 421 ΗῙΒῬΟΒΙΔ
2325 371 2508 421 Rom.

497 524 806 591 codicum
828 520 1176 606 praecipue
1201 515 1376 583 Mss.
1408 516 1734 596 subsidia,
1763 536 1852 582 ex
1890 517 2259 601 longinquo
2296 517 2591 601 petenda
2609 526 2681 583 et

495 625 871 702 difficulter,
900 623 1004 686 his
1032 620 1458 705 potissimum
1492 620 1903 703 temporibus
1944 620 2360 698 turbulentis,
2404 639 2678 704 compa·

492 727 722 805 tanda,
743 726 994 790 frustra
1016 723 1484 807 circumspexi.
1575 721 1828 787 Omnes
1852 729 2075 786 tamen
2096 722 2362 805 copias,
2394 721 2675 787 aliorum

496 821 1029 915 operaparatas,
1056 825 1396 909 diligenter
1418 827 1490 890 in
1517 845 1657 891 rem
1692 842 1910 889 meam
1931 824 2251 889 converti.

581 931 679 996 Ut
715 949 931 994 rerum
982 934 1388 993 narratarum
1434 947 1695 994 summa
1735 931 1801 992 e't
1846 932 2181 1009 gestarum
2219 931 2482 1010 tempus
2529 926 2674 990 sine

492 1050 678 1098 mora
725 1035 1298 1113 cognoscerentur,
1341 1029 1671 1097 breviaria
1712 1027 2100 1094 concinnavi
2136 1020 2458 1092 librorum
2493 1028 2679 1111 capi,-

493 1140 789 1217 tumque,
847 1137 918 1197 et
953 1132 1023 1196 in
1072 1133 1471 1216 paginarum
1507 1129 2063 1214 inscriptionibus
2116 1147 2426 1194 annorum
2478 1135 2676 1194 notas

492 1236 801 1320 apposui.
890 1233 1286 1316 Fragmenta
1328 1235 1509 1300 Livii
1541 1225 1869 1299 'auctiora
1918 1231 2161 1314 adjeci,
2199 1230 2424 1314 iisque
2453 1249 2679 1295 omnes

486 1336 810 1402 librorum
839 1336 988 1420 ejus
1018 1336 1395 1419 Epitomas,
1451 1337 1544 1400 ob
1589 1353 1829 1400 causas
1869 1353 2074 1419 supra
2110 1338 2532 1411 memorataS,
2573 1331 2677 1396 his

488 1458 652 1504 vero
681 1437 989 1502 Iudicem
1026 1455 1239 1501 rerum
1271 1435 1825 1514 memorabilium,
1869 1436 1942 1500 in
1980 1436 2179 1501 Livio
2222 1443 2291 1500 et
2339 1434 2677 1518 Epitomis

487 1540 858 1617 obviatum,
902 1539 1352 1622 copiosiorem
1399 1539 1509 1619 iis,
1540 1558 1711 1622 quos
1740 1538 1854 1603 alii
1894 1539 2268 1617 confecere,
2310 1540 2377 1602 et
2406 1549 2679 1620 geogra-

486 1639 691 1724 phica
711 1640 950 1724 paucis
998 1641 1465 1720 illustrantem,
1507 1639 1851 1725 subjunxi.
1939 1638 2054 1705 Ad
2083 1641 2334 1706 calcem
2359 1637 2675 1706 editionis

485 1741 691 1825 rejeci
730 1742 1020 1825 insignia
1048 1743 1358 1826 quaedam
1407 1742 1821 1827 antiquitatis
1849 1750 2279 1808 monumenta
2305 1747 2375 1808 et
2414 1742 2676 1807 tabulas

487 1840 1002 1926 chronologicas
1035 1844 1541 1929 historicasque,
1573 1849 1836 1928 aptatas
1868 1844 2087 1922 Livio,
2118 1845 2235 1927 qui
2277 1844 2349 1907 in
2370 1844 2563 1910 annis
2585 1844 2676 1908 ab

489 1941 676 2009 Urbe
698 1944 969 2010 condita
988 1945 1414 2012 numerandis
1437 1966 1572 2011 non
1595 1945 2080 2025 VarronianoS,
2122 1945 2246 2011 sed
2270 1944 2676 2010 Catonianos

484 2045 782 2143 calculos
810 2054 1085 2138 secutus
1116 2055 1265 2131 est3
1310 2048 1492 2133 quod
1536 2052 1722 2132 patet
1745 2065 1836 2113 ex
1857 2046 2197 2132 frequenti
2228 2047 2678 2130 designatione

487 2160 808 2210 annorum
833 2149 1076 2213 111.·33.
1113 2163 1214 2213 ιν.
1238 2152 1302 2215 ’7.
1328 2166 1403 2216 v.
1425 2147 1536 2215 54.
1563 2163 1698 2212 vu.
1719 2147 1828 2213 18.
1860 2164 2099 2214 xxxr.
2121 2151 2184 2214 l.
2209 2150 2274 2214 5.
2303 2150 2411 2215 34.
2432 2150 2543 2213 54.
2595 2149 2676 2213 In

483 2252 766 2328 utraque
789 2267 928 2315 aera
957 2251 1148 2332 multi
1171 2251 1392 2316 adhuc
1423 2249 1588 2315 nodi
1615 2252 2068 2335 reperiuntur,
2087 2271 2257 2334 quos
2282 2250 2677 2331 Glareanus,

484 2344 827 2429 Sigonius,
856 2350 1161 2435 Pighius,
1186 2353 1526 2438 Dodwell,
1544 2352 1822 2437 aliique,
1843 2352 2090 2418 frustra
2112 2353 2429 2438 expedire
2452 2354 2676 2419 conati

483 2452 663 2517 sunt.
753 2452 891 2532 Qui
930 2474 1088 2521 vero
1129 2454 1619 2522 Varronianam
1643 2455 2011 2540 praeferunt
2057 2455 2466 2529 Catonianae,
2503 2455 2673 2522 hanc

481 2549 682 2719 facge
711 2554 800 2721 ad
821 2554 1032 2637 illam,
1055 2557 1315 2626 duobus
1346 2559 1495 2627 scil.
1542 2560 1736 2627 annis
1759 2578 2025 2648 semper
2057 2558 2363 2644 adjectis,
2385 2558 2672 2643 redigere

479 2668 573 2735 po
645 2672 771 2720 run
802 2703 820 2723 .
