3034 4925
2287 425 2417 496 435

217 585 566 652 Romanis
599 587 793 654 auxit
819 587 1129 665 animum,
1181 594 1248 653 et
1278 587 1571 653 turbavit
1597 585 1918 666 VolscoS,
1949 591 2183 671 utpote
2212 595 2413 672 capta

116 739 117 742 η
208 690 421 768 urbe,
481 690 591 753 cui
642 690 729 755 ad
786 690 1118 754 ferendam
1163 709 1360 774 opem
1406 697 1740 756 venerant.
1827 690 1941 755 Ita
1988 690 2121 755 fusi
2167 689 2411 772 Volsci

206 790 565 869 AntiateS,
599 793 852 859 Corioli
882 794 1208 878 oppidum
1234 800 1534 878 captum.
1593 793 2022 877 Tantumque
2053 812 2179 859 sua
2206 792 2408 859 laude

210 895 488 961 obstitit
511 896 706 961 famae
737 898 1080 961 consulisy
1133 896 1459 974 MarciuS,
1506 902 1604 975 ut,
1650 898 1778 961 nisi
1816 896 2037 963 soedus
2083 916 2234 962 cum
2279 896 2409 961 La·

207 995 411 1076 tinis,
457 1000 758 1064 columna
789 1020 971 1065 aenea
997 1001 1429 1085 insculptum,
1469 1006 1896 1065 monumento
1923 1006 2123 1079 esset,
2169 1001 2256 1065 ab
2285 1000 2407 1084 Sp.

208 1098 466 1167 Cassio
496 1121 649 1181 uno,
682 1105 841 1187 quia
872 1105 1129 1187 collega
1157 1100 1419 1180 fuerat,⁶
1452 1104 1730 1180 aictum,
1758 1103 2152 1168 Postumum
2178 1102 2408 1168 Comi-

202 1204 403 1269 nium
435 1207 671 1271 bellum
703 1208 990 1291 gessisse
1022 1227 1173 1272 cum
1208 1206 1505 1283 VolsciS,
1539 1206 1851 1271 memoria
1879 1205 2215 1271 cessisset.
2270 1205 2405 1274 Eo·

200 1305 368 1371 dem
401 1328 579 1374 anno
610 1309 912 1396 Agrippa
945 1309 1297 1375 Menenius
1325 1309 1627 1387 moritur,
1658 1309 1759 1374 vir
1786 1310 1961 1373 omni
1991 1310 2129 1374 vita
2156 1309 2405 1394 pariter

198 1410 536 1477 Patribus
593 1434 676 1479 ac
730 1414 914 1499 plebi
964 1433 1203 1493 carus;
1247 1417 1405 1496 post
1445 1412 1901 1477 secessionem
1958 1411 2174 1477 carior
2223 1412 2403 1496 plebi

194 1515 462 1580 factus.
538 1516 724 1583 Huic
766 1517 1109 1602 interpreti
1140 1516 1524 1600 arbitroque
1571 1514 1948 1580 concordiae
1986 1514 2259 1593 civium,
2306 1514 2401 1578 le·

194 1625 373 1699 gato
400 1618 671 1684 Patrum
697 1619 780 1686 ad
804 1620 1092 1705 plebem,
1123 1618 1456 1683 reductori
1480 1617 1703 1702 plebis
1731 1617 2054 1690 Romanae
2078 1617 2146 1681 in
2166 1618 2397 1681 urbem

1088 1722 1353 1789 Extulit
1389 1742 1538 1788 eum
1578 1721 1771 1807 plebs
1802 1721 2225 1786 sextantibus
2256 1720 2398 1784 col·

1009 442 1152 490 mn.
1186 439 1288 491 -ιι,
1336 441 1498 490 car.
1542 426 1652 491 34.

194 1728 475 1786 sumtus
506 1722 714 1788 funeri
745 1723 1002 1790 defuit.³

193 1822 372 1888 latis
402 1824 471 1889 in
500 1811 777 1911 capita.⁸

292 1924 407 1991 34.
441 1926 771 1996 Consules
801 1929 1042 1996 deinde
1072 1930 1154 1994 Τ.
1183 1928 1552 2012 Geganius,
1581 1927 1666 1992 P.
1697 1926 2038 1993 Minucius
2062 1935 2086 1977 ⁷
2110 1923 2135 1961 b
2176 1926 2395 1991 facti.-

196 2026 312 2093 Eo
354 2032 582 2111 anno,⁸
643 2054 795 2099 cum
840 2041 907 2100 et
950 2033 1113 2096 foris
1160 2034 1388 2116 quieta
1442 2032 1670 2096 omnia
1717 2049 1759 2095 a
1803 2029 1982 2094 bello
2037 2035 2281 2106 essent,
2328 2034 2395 2093 et

196 2131 389 2197 domi
438 2142 669 2202 sanata
715 2137 1075 2215 discordia,
1121 2135 1302 2202 aliud
1353 2134 1572 2200 multo
1618 2133 1884 2217 gravius
1930 2131 2176 2197 malum
2226 2131 2391 2196 civi-

194 2240 406 2300 tatem
454 2239 740 2305 invasit:
787 2242 1031 2306 caritas
1087 2241 1372 2325 primum
1427 2246 1758 2315 annonae,‘²
1807 2254 1896 2300 ex
1948 2235 2215 2301 incultis
2272 2254 2390 2320 pet

1124 2405 1239 2427 Um
1244 2405 1329 2426 ‘O‘
1330 2405 1482 2428 ‘0000

196 2510 462 2556 terrorem
490 2508 610 2558 oriri
644 2510 809 2560 solet!
844 2511 1321 2573 vaering.1’rimum
1351 2515 1484 2560 ortus
1505 2509 1555 2558 in
1581 2513 1781 2559 textum
1816 2504 2017 2571 recepit
2040 2503 2389 2569 Kreyssigins.

192 2575 300 2620 ——6
333 2572 564 2624 Gronov.
597 2574 808 2640 Doujat.
840 2578 1070 2626 Crevier.
1088 2576 1326 2636 affuerat.

262 2640 294 2685 7
332 2636 419 2687 ΑΙ.
453 2640 707 2691 Minatiu-
708 2646 804 2691 -8
840 2643 995 2707 vulg.
1026 2642 1357 2707 ῃίιωοηιιιὶι
1377 2642 1499 2693 bella
1519 2643 1689 2691 essent.
1692 2638 1834 2689 —9‘
1854 2636 2122 2695 Quantum
2140 2635 2193 2685 ia
2214 2634 2390 2686 Sicilie

1187 2794 1233 2843 N
1240 2792 1399 2844 0⁹1·AE

196 2905 203 2913 ·
258 2894 283 2930 5
317 2886 420 2938 Sua
456 2889 593 2940 laude
627 2890 814 2942 obstitit
835 2891 990 2951 samoe
1023 2890 1250 2955 consulis]
1332 2906 1397 2941 eo
1440 2897 1677 2953 tempore
1720 2887 1916 2938 assibus
1951 2881 2267 2934 nostratibus
2303 2885 2386 2931 1³.

192 2963 368 3028 Major
401 2964 564 3027 gloria
600 2967 846 3017 minorem
881 2967 1158 3017 obscurat:
1193 2978 1250 3019 et
1330 2982 1392 3018 ac
1430 2967 1643 3017 dimidio
1681 2963 2051 3030 respondebat,
2083 2959 2216 3011 utin
2241 2959 2387 3009 Pm-

191 3054 482 3105 cognomen
507 3043 760 3093 Coriolani
790 3044 988 3093 Marcio
1012 3044 1248 3107 inditum,

190 3132 293 3168 non
341 3118 627 3177 Postumio,
670 3119 794 3170 satis
841 3122 1010 3185 arguit
1055 3122 1245 3185 primas

187 3193 347 3244 fnisse
379 3195 566 3245 Marcii
599 3207 775 3261 partes
809 3199 858 3247 in
891 3201 1244 3262 expugnandis

190 3270 430 3323 Coriolis.
496 3272 593 3322 Ille
618 3282 789 3324 tamen
825 3290 891 3325 ex
930 3279 1086 3326 totins
1119 3279 1241 3329 belli

186 3349 413 3399 victoria
442 3365 721 3415 cognomen
745 3353 975 3405 Aurunci
1006 3357 1245 3408 retulisse

187 3426 417 3477 videtur.

251 3504 509 3554 ‘Sumtus
541 3505 714 3567 sunni
759 3507 934 3573 weit]
985 3510 1149 3561 Tanta
1190 3511 1243 3561 in

184 3582 300 3632 viro
343 3584 599 3633 consulari
647 3592 942 3649 paupertas,
992 3588 1244 3639 invictum

184 3657 433 3708 adversus
471 3661 737 3711 avaritiam
778 3664 998 3713 animum
1032 3664 1242 3715 demon-

184 3740 378 3797 strans,
424 3735 641 3798 plurima
680 3737 861 3789 Romoe
899 3747 1053 3804 atque
1085 3739 1244 3790 Athe-

181 3811 262 3860 nis
297 3809 456 3861 habet
491 3814 750 3877 exempla,
772 3828 886 3879 quae
912 3814 1085 3865 videre
1117 3815 1245 3866 licet

184 3886 381 3937 Valerii
424 3887 570 3938 Max.
615 3888 705 3938 lib.
748 3903 829 3939 ιν.
895 3890 1037 3942 Quid
1081 3892 1243 3956 igitur

182 3965 388 4022 mirum,
426 3964 468 4014 si
504 3966 743 4016 mortales
778 3974 983 4017 ceteros
1022 3969 1239 4032 imperio

185 4055 278 4091 suo
309 4039 648 4105 subjecerint,
680 4043 769 4107 qui
810 4057 865 4093 se
905 4044 1053 4109 primi
1092 4045 1238 4095 vicis-

184 4124 322 4177 sent,
343 4131 563 4183 suasque
586 4119 902 4183 cupiditates
916 4120 1169 4172 haberent
1186 4123 1239 4171 in

184 4195 487 4260 potestate?

1327 3045 1424 3097 fat.
1446 3045 1672 3096 ostendi.

1356 3150 1361 3153 ·
1394 3120 1726 3186 Sextantibus]
1756 3118 1933 3170 Sextis
1968 3116 2095 3166 assis
2127 3111 2386 3178 partibus,

1326 3214 1418 3250 seu
1441 3197 1829 3251 duabusunciis
1854 3194 1987 3244 siris.
2019 3194 2077 3242 J.
2102 3192 2331 3242 Clericus.

1387 3277 1411 3312 δ
1448 3277 1504 3326 Τ.
1521 3275 1787 3339 Geganius,
1802 3272 1869 3322 P.
1882 3269 2145 3333 Minucius]
2170 3269 2255 3318 Illi
2272 3269 2387 3318 Ma-

1325 3356 1503 3412 cerini,
1527 3356 1645 3405 hnic
1670 3349 1921 3417 Augurini
1956 3349 2259 3412 cognomina
2291 3345 2383 3395 ad-

1324 3431 1455 3481 dunt
1477 3426 1595 3480 fasti
1618 3428 1793 3479 Greci
1815 3432 1871 3477 et
1891 3425 2025 3475 liber
2047 3423 2346 3487 cuspiniani
2364 3437 2380 3470 ε

1325 3518 1540 3572 quornm
1567 3507 1709 3569 prins
1730 3501 2102 3566 Gemini-um,
2121 3497 2380 3563 posterius

1323 3583 1671 3634 Minuciorum
1704 3591 1990 3644 cognomen
2025 3575 2141 3625 fuit.
2208 3572 2381 3637 Gega-

1323 3662 1524 3710 niorum
1547 3657 1790 3708 familiam
1812 3654 1993 3704 Tullus
2015 3650 2269 3702 Hostilius
2290 3647 2380 3698 At-

1324 3738 1392 3789 ba
1429 3735 1788 3795 transtulerat,
1824 3732 1901 3782 uti
1933 3731 2022 3780 lib.
2065 3742 2104 3793 ι.
2143 3740 2259 3790 cap.
2295 3729 2377 3775 80.

1323 3814 1652 3864 observatum
1693 3817 1789 3861 est.
1853 3809 1934 3858 Ex
1962 3820 2025 3857 ea
2061 3805 2257 3869 primus
2296 3801 2379 3853 inc

1323 3892 1476 3945 Titus
1493 3889 1674 3939 consul
1696 3885 1815 3937 fuit.

1384 3967 1414 3999 ·
1450 3966 1515 4017 Α.
1541 3966 1608 4015 U.
1631 3965 1691 4014 C.
1712 3967 1829 4012 201.

1381 4053 1403 4080 ⁶
1439 4034 1634 4094 Gai-itin
1654 4039 1857 4105 primum
1872 4032 2093 4098 anam]
2125 4033 2260 4085 Haec
2278 4031 2381 4085 fru-

1321 4136 1440 4187 gum
1480 4118 1697 4185 penuria
1728 4130 1794 4166 ex
1828 4115 1966 4177 agris
1998 4112 2065 4162 ob
2099 4111 2266 4177 plebis
2297 4125 2377 4160 se·

1317 4196 1605 4248 cessionem
1648 4191 1860 4243 incultis
1911 4189 2250 4256 proculdubio
2291 4193 2374 4238 est

248 4279 273 4305 ⁸
301 4270 614 4321 &stanam
627 4272 1078 4340 σοῑιαιίεἰιιοαρίία]
1110 4276 1238 4325 Sex·
1317 4284 1453 4325 orta.
1521 4271 1680 4322 Plebs
1703 4270 1839 4321 enim
1878 4284 1910 4318 a
1949 4267 2180 4333 patriciis
2203 4278 2371 4315 seces-

186 4355 298 4400 tsus
320 4355 402 4399 est
425 4357 576 4399 sexta
598 4363 718 4413 pars
742 4350 1130 4418 assis-Romani,
1148 4355 1238 4419 qui
1317 4356 1458 4402 serat
1498 4355 1622 4403 ante
1664 4345 2031 4414 equinoctium
2074 4340 2372 4395 autumnale
