<?xml version="1.0" encoding="UTF-8"?>
<!DOCTYPE html PUBLIC "-//W3C//DTD XHTML 1.0 Transitional//EN"
    "http://www.w3.org/TR/xhtml1/DTD/xhtml1-transitional.dtd">
<html xmlns="http://www.w3.org/1999/xhtml" xml:lang="en" lang="en">
 <head>
  <title>
</title>
<meta http-equiv="Content-Type" content="text/html;charset=utf-8" />
  <meta name='ocr-system' content='tesseract 3.04.00' />
  <meta name='ocr-capabilities' content='ocr_page ocr_carea ocr_par ocr_line ocrx_word'/>
</head>
<body>
  <div class='ocr_page' id='page_1' title='image "./tliviipatavinih23unkngoog_0320.png"; bbox 0 0 3034 4925; ppageno 0'>
   <div class='ocr_carea' id='block_1_1' title="bbox 503 365 1752 434">
    <p class='ocr_par' dir='ltr' id='par_1_1' title="bbox 503 365 1752 434">
     <span class='ocr_line' id='line_1_1' title="bbox 503 365 1752 434; baseline -0.005 0"><span class='ocrx_word' id='word_1_1' title='bbox 503 365 634 434; x_wconf 77' lang='lat'>224</span> <span class='ocrx_word' id='word_1_2' title='bbox 1441 383 1512 432; x_wconf 77' lang='lat' dir='ltr'>T.</span> <span class='ocrx_word' id='word_1_3' title='bbox 1566 380 1752 430; x_wconf 74' lang='lat' dir='ltr'>mvn</span> 
     </span>
    </p>
   </div>
   <div class='ocr_carea' id='block_1_2' title="bbox 506 518 2726 1747">
    <p class='ocr_par' dir='ltr' id='par_1_2' title="bbox 506 518 2726 1747">
     <span class='ocr_line' id='line_1_2' title="bbox 509 518 2711 611; baseline -0.001 -19"><span class='ocrx_word' id='word_1_4' title='bbox 509 529 664 592; x_wconf 74' lang='lat' dir='ltr'>set&#39;l</span> <span class='ocrx_word' id='word_1_5' title='bbox 753 527 1013 611; x_wconf 85' lang='lat' dir='ltr'>Suopte</span> <span class='ocrx_word' id='word_1_6' title='bbox 1034 527 1232 609; x_wconf 83' lang='lat' dir='ltr'>igitur</span> <span class='ocrx_word' id='word_1_7' title='bbox 1250 526 1510 610; x_wconf 84' lang='lat' dir='ltr'>ingenio</span> <span class='ocrx_word' id='word_1_8' title='bbox 1542 526 1982 610; x_wconf 82' lang='lat' dir='ltr'>temperatum</span> <span class='ocrx_word' id='word_1_9' title='bbox 2016 525 2309 590; x_wconf 88' lang='lat' dir='ltr'>animum</span> <span class='ocrx_word' id='word_1_10' title='bbox 2342 518 2711 590; x_wconf 77' lang='lat' dir='ltr'>virtutibus</span> 
     </span>
     <span class='ocr_line' id='line_1_3' title="bbox 506 610 2711 713; baseline -0.001 -19"><span class='ocrx_word' id='word_1_11' title='bbox 506 610 722 694; x_wconf 77' lang='lat' dir='ltr'>fuisse</span> <span class='ocrx_word' id='word_1_12' title='bbox 765 631 1003 713; x_wconf 90' lang='lat' dir='ltr'>opinor</span> <span class='ocrx_word' id='word_1_13' title='bbox 1050 630 1303 712; x_wconf 78' lang='lat' dir='ltr'>magis3</span> <span class='ocrx_word' id='word_1_14' title='bbox 1356 632 1888 713; x_wconf 86' lang='lat' dir='ltr'>instructumque</span> <span class='ocrx_word' id='word_1_15' title='bbox 1942 646 2070 693; x_wconf 91' lang='lat' dir='ltr'>non</span> <span class='ocrx_word' id='word_1_16' title='bbox 2134 636 2274 695; x_wconf 84' lang='lat' dir='ltr'>tam</span> <span class='ocrx_word' id='word_1_17' title='bbox 2336 629 2711 712; x_wconf 80' lang='lat' dir='ltr'>peregrinis</span> 
     </span>
     <span class='ocr_line' id='line_1_4' title="bbox 509 730 2710 817; baseline -0.002 -19"><span class='ocrx_word' id='word_1_18' title='bbox 509 735 789 812; x_wconf 61' lang='lat' dir='ltr'>artibus»,</span> <span class='ocrx_word' id='word_1_19' title='bbox 821 754 1021 817; x_wconf 87' lang='lat' dir='ltr'>qnam</span> <span class='ocrx_word' id='word_1_20' title='bbox 1052 732 1411 817; x_wconf 83' lang='lat' dir='ltr'>disciplina</span> <span class='ocrx_word' id='word_1_21' title='bbox 1440 734 1673 797; x_wconf 88' lang='lat' dir='ltr'>tetrica</span> <span class='ocrx_word' id='word_1_22' title='bbox 1700 752 1782 797; x_wconf 89' lang='lat' dir='ltr'>ac</span> <span class='ocrx_word' id='word_1_23' title='bbox 1812 730 2034 796; x_wconf 75' lang='lat' dir='ltr'>tristi⁰</span> <span class='ocrx_word' id='word_1_24' title='bbox 2079 740 2376 796; x_wconf 86' lang='lat' dir='ltr'>veterum</span> <span class='ocrx_word' id='word_1_25' title='bbox 2421 731 2710 795; x_wconf 88' lang='lat' dir='ltr'>Sabino-</span> 
     </span>
     <span class='ocr_line' id='line_1_5' title="bbox 507 833 2713 920; baseline -0.001 -20"><span class='ocrx_word' id='word_1_26' title='bbox 507 855 676 900; x_wconf 87' lang='lat' dir='ltr'>rum.</span> <span class='ocrx_word' id='word_1_27' title='bbox 766 835 923 914; x_wconf 88' lang='lat' dir='ltr'>Quo</span> <span class='ocrx_word' id='word_1_28' title='bbox 951 856 1183 919; x_wconf 79' lang='lat' dir='ltr'><strong>genere</strong></span> <span class='ocrx_word' id='word_1_29' title='bbox 1214 837 1465 901; x_wconf 88' lang='lat' dir='ltr'>nullum</span> <span class='ocrx_word' id='word_1_30' title='bbox 1498 835 1833 920; x_wconf 85' lang='lat' dir='ltr'>quondam</span> <span class='ocrx_word' id='word_1_31' title='bbox 1861 834 2315 917; x_wconf 88' lang='lat' dir='ltr'>incorruptius</span> <span class='ocrx_word' id='word_1_32' title='bbox 2339 833 2491 901; x_wconf 88' lang='lat' dir='ltr'>fuit.</span> <span class='ocrx_word' id='word_1_33' title='bbox 2565 833 2713 898; x_wconf 89' lang='lat' dir='ltr'>Au-</span> 
     </span>
     <span class='ocr_line' id='line_1_6' title="bbox 511 929 2714 1022; baseline -0 -21"><span class='ocrx_word' id='word_1_34' title='bbox 511 937 653 1004; x_wconf 90' lang='lat' dir='ltr'>dito</span> <span class='ocrx_word' id='word_1_35' title='bbox 699 942 963 1004; x_wconf 91' lang='lat' dir='ltr'>nomine</span> <span class='ocrx_word' id='word_1_36' title='bbox 1015 939 1282 1017; x_wconf 80' lang='lat' dir='ltr'>Numae,</span> <span class='ocrx_word' id='word_1_37' title='bbox 1329 929 1566 1005; x_wconf 81' lang='lat' dir='ltr'>Patres</span> <span class='ocrx_word' id='word_1_38' title='bbox 1611 939 1928 1017; x_wconf 86' lang='lat' dir='ltr'>Romani,</span> <span class='ocrx_word' id='word_1_39' title='bbox 1972 957 2352 1022; x_wconf 83' lang='lat' dir='ltr'><strong>quanquam</strong></span> <span class='ocrx_word' id='word_1_40' title='bbox 2397 936 2714 1002; x_wconf 88' lang='lat' dir='ltr'>inclinari</span> 
     </span>
     <span class='ocr_line' id='line_1_7' title="bbox 514 1040 2712 1126; baseline -0.002 -22"><span class='ocrx_word' id='word_1_41' title='bbox 514 1061 686 1124; x_wconf 88' lang='lat' dir='ltr'>opes</span> <span class='ocrx_word' id='word_1_42' title='bbox 742 1041 830 1106; x_wconf 85' lang='lat' dir='ltr'>ad</span> <span class='ocrx_word' id='word_1_43' title='bbox 890 1043 1201 1121; x_wconf 77' lang='lat' dir='ltr'>SabinOS,</span> <span class='ocrx_word' id='word_1_44' title='bbox 1264 1063 1417 1126; x_wconf 86' lang='lat' dir='ltr'>rege</span> <span class='ocrx_word' id='word_1_45' title='bbox 1475 1043 1626 1107; x_wconf 89' lang='lat' dir='ltr'>inde</span> <span class='ocrx_word' id='word_1_46' title='bbox 1683 1046 1926 1120; x_wconf 85' lang='lat' dir='ltr'>sumto,</span> <span class='ocrx_word' id='word_1_47' title='bbox 1978 1040 2408 1118; x_wconf 78' lang='lat' dir='ltr'>videbantur,</span> <span class='ocrx_word' id='word_1_48' title='bbox 2459 1046 2712 1115; x_wconf 83' lang='lat' dir='ltr'>tamen,</span> 
     </span>
     <span class='ocr_line' id='line_1_8' title="bbox 511 1142 2719 1230; baseline -0.001 -22"><span class='ocrx_word' id='word_1_49' title='bbox 511 1146 726 1229; x_wconf 83' lang='lat' dir='ltr'>neque</span> <span class='ocrx_word' id='word_1_50' title='bbox 768 1165 842 1209; x_wconf 92' lang='lat' dir='ltr'>se</span> <span class='ocrx_word' id='word_1_51' title='bbox 886 1147 1267 1230; x_wconf 83' lang='lat' dir='ltr'>quisquam,</span> <span class='ocrx_word' id='word_1_52' title='bbox 1311 1166 1437 1211; x_wconf 88' lang='lat' dir='ltr'>nec</span> <span class='ocrx_word' id='word_1_53' title='bbox 1486 1145 1811 1210; x_wconf 82' lang='lat' dir='ltr'>factionis</span> <span class='ocrx_word' id='word_1_54' title='bbox 1842 1164 1982 1209; x_wconf 86' lang='lat' dir='ltr'>suae</span> <span class='ocrx_word' id='word_1_55' title='bbox 2011 1143 2241 1222; x_wconf 87' lang='lat' dir='ltr'>alium,</span> <span class='ocrx_word' id='word_1_56' title='bbox 2270 1162 2394 1207; x_wconf 90' lang='lat' dir='ltr'>nec</span> <span class='ocrx_word' id='word_1_57' title='bbox 2426 1142 2719 1226; x_wconf 82' lang='lat' dir='ltr'>denique</span> 
     </span>
     <span class='ocr_line' id='line_1_9' title="bbox 512 1243 2718 1333; baseline -0.002 -21"><span class='ocrx_word' id='word_1_58' title='bbox 512 1248 793 1312; x_wconf 89' lang='lat' dir='ltr'>Patrum</span> <span class='ocrx_word' id='word_1_59' title='bbox 840 1254 954 1313; x_wconf 87' lang='lat' dir='ltr'>aut</span> <span class='ocrx_word' id='word_1_60' title='bbox 993 1250 1242 1313; x_wconf 87' lang='lat' dir='ltr'>civium</span> <span class='ocrx_word' id='word_1_61' title='bbox 1290 1267 1678 1333; x_wconf 83' lang='lat' dir='ltr'><strong>quenquam</strong></span> <span class='ocrx_word' id='word_1_62' title='bbox 1726 1247 2033 1330; x_wconf 77' lang='lat' dir='ltr'>praeferre</span> <span class='ocrx_word' id='word_1_63' title='bbox 2079 1245 2180 1310; x_wconf 91' lang='lat' dir='ltr'>illi</span> <span class='ocrx_word' id='word_1_64' title='bbox 2210 1248 2356 1311; x_wconf 88' lang='lat' dir='ltr'>viro</span> <span class='ocrx_word' id='word_1_65' title='bbox 2410 1246 2588 1323; x_wconf 87' lang='lat' dir='ltr'>ausi,</span> <span class='ocrx_word' id='word_1_66' title='bbox 2631 1243 2718 1309; x_wconf 88' lang='lat' dir='ltr'>ad</span> 
     </span>
     <span class='ocr_line' id='line_1_10' title="bbox 512 1347 2722 1436; baseline -0.002 -21"><span class='ocrx_word' id='word_1_67' title='bbox 512 1371 713 1416; x_wconf 87' lang='lat' dir='ltr'>unum</span> <span class='ocrx_word' id='word_1_68' title='bbox 743 1371 980 1416; x_wconf 88' lang='lat' dir='ltr'>omnes</span> <span class='ocrx_word' id='word_1_69' title='bbox 1015 1351 1260 1418; x_wconf 78' lang='lat' dir='ltr'>Numae</span> <span class='ocrx_word' id='word_1_70' title='bbox 1309 1351 1653 1436; x_wconf 87' lang='lat' dir='ltr'>Pompilio</span> <span class='ocrx_word' id='word_1_71' title='bbox 1699 1369 1970 1432; x_wconf 86' lang='lat' dir='ltr'>regnum</span> <span class='ocrx_word' id='word_1_72' title='bbox 2019 1347 2443 1414; x_wconf 87' lang='lat' dir='ltr'>deferendum</span> <span class='ocrx_word' id='word_1_73' title='bbox 2494 1348 2722 1412; x_wconf 88' lang='lat' dir='ltr'>decer-</span> 
     </span>
     <span class='ocr_line' id='line_1_11' title="bbox 514 1450 2723 1534; baseline -0.002 -15"><span class='ocrx_word' id='word_1_74' title='bbox 514 1460 726 1519; x_wconf 86' lang='lat' dir='ltr'>nunt.⁰</span> <span class='ocrx_word' id='word_1_75' title='bbox 815 1453 1149 1532; x_wconf 82' lang='lat' dir='ltr'>Accitus,p</span> <span class='ocrx_word' id='word_1_76' title='bbox 1194 1456 1372 1519; x_wconf 86' lang='lat' dir='ltr'>sicut</span> <span class='ocrx_word' id='word_1_77' title='bbox 1404 1453 1738 1519; x_wconf 86' lang='lat' dir='ltr'>Romulus</span> <span class='ocrx_word' id='word_1_78' title='bbox 1769 1457 2097 1534; x_wconf 85' lang='lat' dir='ltr'>augurato</span> <span class='ocrx_word' id='word_1_79' title='bbox 2131 1450 2294 1515; x_wconf 90' lang='lat' dir='ltr'>urbe</span> <span class='ocrx_word' id='word_1_80' title='bbox 2323 1450 2723 1516; x_wconf 80' lang='lat' dir='ltr'>condendaq</span> 
     </span>
     <span class='ocr_line' id='line_1_12' title="bbox 514 1551 2726 1640; baseline -0.002 -19"><span class='ocrx_word' id='word_1_81' title='bbox 514 1576 788 1638; x_wconf 83' lang='lat' dir='ltr'>regnum</span> <span class='ocrx_word' id='word_1_82' title='bbox 834 1556 1115 1640; x_wconf 88' lang='lat' dir='ltr'>adeptus</span> <span class='ocrx_word' id='word_1_83' title='bbox 1160 1565 1353 1635; x_wconf 74' lang='lat' dir='ltr'>est,’⁷</span> <span class='ocrx_word' id='word_1_84' title='bbox 1400 1559 1482 1620; x_wconf 88' lang='lat' dir='ltr'>de</span> <span class='ocrx_word' id='word_1_85' title='bbox 1530 1576 1603 1620; x_wconf 88' lang='lat' dir='ltr'>se</span> <span class='ocrx_word' id='word_1_86' title='bbox 1650 1572 1920 1640; x_wconf 90' lang='lat' dir='ltr'>quoque</span> <span class='ocrx_word' id='word_1_87' title='bbox 1964 1554 2151 1618; x_wconf 87' lang='lat' dir='ltr'>Deos</span> <span class='ocrx_word' id='word_1_88' title='bbox 2190 1553 2456 1617; x_wconf 86' lang='lat' dir='ltr'>consuli</span> <span class='ocrx_word' id='word_1_89' title='bbox 2490 1551 2726 1636; x_wconf 87' lang='lat' dir='ltr'>jussit.</span> 
     </span>
     <span class='ocr_line' id='line_1_13' title="bbox 520 1653 2726 1747; baseline -0.003 -24"><span class='ocrx_word' id='word_1_90' title='bbox 520 1658 688 1723; x_wconf 89' lang='lat' dir='ltr'>Inde</span> <span class='ocrx_word' id='word_1_91' title='bbox 736 1659 822 1723; x_wconf 86' lang='lat' dir='ltr'>ab</span> <span class='ocrx_word' id='word_1_92' title='bbox 877 1678 1124 1741; x_wconf 80' lang='lat' dir='ltr'><strong>augure</strong></span> <span class='ocrx_word' id='word_1_93' title='bbox 1173 1659 1316 1747; x_wconf 89' lang='lat' dir='ltr'>(cui</span> <span class='ocrx_word' id='word_1_94' title='bbox 1366 1656 1633 1738; x_wconf 91' lang='lat' dir='ltr'>deinde,</span> <span class='ocrx_word' id='word_1_95' title='bbox 1684 1658 1950 1723; x_wconf 89' lang='lat' dir='ltr'>honoris</span> <span class='ocrx_word' id='word_1_96' title='bbox 1993 1676 2172 1739; x_wconf 81' lang='lat' dir='ltr'>erge,</span> <span class='ocrx_word' id='word_1_97' title='bbox 2210 1653 2608 1740; x_wconf 75' lang='lat' dir='ltr'>publicum⁸</span> <span class='ocrx_word' id='word_1_98' title='bbox 2649 1653 2726 1717; x_wconf 85' lang='lat' dir='ltr'>id</span> 
     </span>
    </p>
   </div>
   <div class='ocr_carea' id='block_1_3' title="bbox 583 1823 1432 1907">
    <p class='ocr_par' dir='ltr' id='par_1_3' title="bbox 583 1823 1432 1907">
     <span class='ocr_line' id='line_1_14' title="bbox 583 1823 1432 1907; baseline 0.006 -35"><span class='ocrx_word' id='word_1_99' title='bbox 583 1830 608 1855; x_wconf 80' lang='lat'>²</span> <span class='ocrx_word' id='word_1_100' title='bbox 652 1823 756 1880; x_wconf 81' lang='lat' dir='ltr'>Quo</span> <span class='ocrx_word' id='word_1_101' title='bbox 778 1829 983 1890; x_wconf 75' lang='lat' dir='ltr'>tempore</span> <span class='ocrx_word' id='word_1_102' title='bbox 1003 1827 1113 1876; x_wconf 78' lang='lat' dir='ltr'>urbs</span> <span class='ocrx_word' id='word_1_103' title='bbox 1131 1827 1432 1907; x_wconf 61' lang='lat' dir='ltr'>condfbalur.</span> 
     </span>
    </p>
   </div>
   <div class='ocr_carea' id='block_1_4' title="bbox 1432 1955 1812 1978">
    <p class='ocr_par' dir='ltr' id='par_1_4' title="bbox 1432 1955 1812 1978">
     <span class='ocr_line' id='line_1_15' title="bbox 1432 1955 1812 1978; baseline 0.003 -3"><span class='ocrx_word' id='word_1_104' title='bbox 1432 1955 1812 1978; x_wconf 60' lang='lat' dir='ltr'>‘maome</span> 
     </span>
    </p>
   </div>
   <div class='ocr_carea' id='block_1_5' title="bbox 521 2032 2737 2171">
    <p class='ocr_par' dir='ltr' id='par_1_5' title="bbox 521 2032 2737 2171">
     <span class='ocr_line' id='line_1_16' title="bbox 522 2032 2735 2105; baseline 0.002 -20"><span class='ocrx_word' id='word_1_105' title='bbox 522 2032 657 2085; x_wconf 82' lang='lat' dir='ltr'>Edd.</span> <span class='ocrx_word' id='word_1_106' title='bbox 687 2049 717 2084; x_wconf 88' lang='lat' dir='ltr'>a</span> <span class='ocrx_word' id='word_1_107' title='bbox 750 2036 926 2100; x_wconf 73' lang='lat' dir='ltr'>Sigon.</span> <span class='ocrx_word' id='word_1_108' title='bbox 963 2039 1029 2090; x_wconf 82' lang='lat' dir='ltr'>ad</span> <span class='ocrx_word' id='word_1_109' title='bbox 1065 2041 1229 2092; x_wconf 82' lang='lat' dir='ltr'>Drak.</span> <span class='ocrx_word' id='word_1_110' title='bbox 1298 2041 1418 2091; x_wconf 81' lang='lat' dir='ltr'>vid.</span> <span class='ocrx_word' id='word_1_111' title='bbox 1454 2043 1585 2092; x_wconf 86' lang='lat' dir='ltr'>Not.</span> <span class='ocrx_word' id='word_1_112' title='bbox 1617 2042 1839 2091; x_wconf 64' lang='lat' dir='ltr'>Van—7</span> <span class='ocrx_word' id='word_1_113' title='bbox 1875 2040 2022 2105; x_wconf 88' lang='lat' dir='ltr'>Conj.</span> <span class='ocrx_word' id='word_1_114' title='bbox 2057 2041 2247 2089; x_wconf 78' lang='lat' dir='ltr'>Bauer.</span> <span class='ocrx_word' id='word_1_115' title='bbox 2288 2041 2486 2104; x_wconf 69' lang='lat' dir='ltr'>adeptus</span> <span class='ocrx_word' id='word_1_116' title='bbox 2514 2043 2735 2089; x_wconf 71' lang='lat' dir='ltr'>met.—</span> 
     </span>
     <span class='ocr_line' id='line_1_17' title="bbox 521 2101 2737 2171; baseline -0 -18"><span class='ocrx_word' id='word_1_117' title='bbox 521 2105 555 2149; x_wconf 84' lang='lat'>8</span> <span class='ocrx_word' id='word_1_118' title='bbox 587 2107 603 2129; x_wconf 88' lang='lat'>‘</span> <span class='ocrx_word' id='word_1_119' title='bbox 624 2101 837 2153; x_wconf 77' lang='lat' dir='ltr'>Honoris</span> <span class='ocrx_word' id='word_1_120' title='bbox 851 2106 1037 2171; x_wconf 58' lang='lat' dir='ltr'>mutia,</span> <span class='ocrx_word' id='word_1_121' title='bbox 1053 2108 1307 2169; x_wconf 76' lang='lat' dir='ltr'>publicum.</span> <span class='ocrx_word' id='word_1_122' title='bbox 1352 2109 1488 2157; x_wconf 88' lang='lat' dir='ltr'>Flor.</span> <span class='ocrx_word' id='word_1_123' title='bbox 1509 2117 1563 2161; x_wconf 69' lang='lat' dir='ltr'>es</span> <span class='ocrx_word' id='word_1_124' title='bbox 1589 2108 1764 2157; x_wconf 88' lang='lat' dir='ltr'>Helm.</span> <span class='ocrx_word' id='word_1_125' title='bbox 1823 2107 1972 2157; x_wconf 67' lang='lat' dir='ltr'>honor</span> <span class='ocrx_word' id='word_1_126' title='bbox 2001 2120 2119 2167; x_wconf 76' lang='lat' dir='ltr'>erga</span> <span class='ocrx_word' id='word_1_127' title='bbox 2148 2105 2404 2169; x_wconf 75' lang='lat' dir='ltr'>publicum.</span> <span class='ocrx_word' id='word_1_128' title='bbox 2458 2106 2605 2155; x_wconf 75' lang='lat' dir='ltr'>nott.</span> <span class='ocrx_word' id='word_1_129' title='bbox 2641 2103 2737 2152; x_wconf 76' lang='grc' dir='ltr'><strong><em>Ιιο-</em></strong></span> 
     </span>
    </p>
   </div>
   <div class='ocr_carea' id='block_1_6' title="bbox 1508 2256 1727 2308">
    <p class='ocr_par' dir='ltr' id='par_1_6' title="bbox 1508 2256 1727 2308">
     <span class='ocr_line' id='line_1_18' title="bbox 1508 2256 1727 2308; baseline -0.014 0"><span class='ocrx_word' id='word_1_130' title='bbox 1508 2256 1727 2308; x_wconf 69' lang='lat' dir='ltr'>NOTA-3</span> 
     </span>
    </p>
   </div>
   <div class='ocr_carea' id='block_1_7' title="bbox 2957 72 2981 1411">
    <p class='ocr_par' dir='ltr' id='par_1_7' title="bbox 2957 72 2981 1411">
     <span class='ocr_line' id='line_1_19' title="bbox 2957 72 2981 1411; baseline 0 0"><span class='ocrx_word' id='word_1_131' title='bbox 2957 72 2981 1411; x_wconf 95' lang='lat' dir='ltr'> </span> 
     </span>
    </p>
   </div>
   <div class='ocr_carea' id='block_1_8' title="bbox 520 2347 1603 4340">
    <p class='ocr_par' dir='ltr' id='par_1_8' title="bbox 520 2347 1591 2954">
     <span class='ocr_line' id='line_1_20' title="bbox 523 2347 1581 2419; baseline 0.009 -22"><span class='ocrx_word' id='word_1_132' title='bbox 523 2347 601 2397; x_wconf 84' lang='lat' dir='ltr'>uti</span> <span class='ocrx_word' id='word_1_133' title='bbox 640 2356 842 2400; x_wconf 84' lang='lat' dir='ltr'>constat</span> <span class='ocrx_word' id='word_1_134' title='bbox 867 2366 931 2402; x_wconf 86' lang='lat' dir='ltr'>ex</span> <span class='ocrx_word' id='word_1_135' title='bbox 953 2353 1189 2404; x_wconf 84' lang='lat' dir='ltr'>Varrone</span> <span class='ocrx_word' id='word_1_136' title='bbox 1212 2355 1245 2402; x_wconf 87' lang='lat' dir='ltr'>l.</span> <span class='ocrx_word' id='word_1_137' title='bbox 1269 2369 1345 2406; x_wconf 80' lang='lat' dir='ltr'>vr.</span> <span class='ocrx_word' id='word_1_138' title='bbox 1368 2355 1432 2404; x_wconf 91' lang='lat' dir='ltr'>de</span> <span class='ocrx_word' id='word_1_139' title='bbox 1454 2356 1581 2419; x_wconf 83' lang='lat' dir='ltr'>ling.</span> 
     </span>
     <span class='ocr_line' id='line_1_21' title="bbox 521 2422 1584 2485; baseline 0.008 -11"><span class='ocrx_word' id='word_1_140' title='bbox 521 2422 647 2475; x_wconf 86' lang='lat' dir='ltr'>Lat.</span> <span class='ocrx_word' id='word_1_141' title='bbox 670 2426 921 2479; x_wconf 79' lang='lat' dir='ltr'>Strabone</span> <span class='ocrx_word' id='word_1_142' title='bbox 957 2430 1049 2481; x_wconf 86' lang='lat' dir='ltr'>lib.</span> <span class='ocrx_word' id='word_1_143' title='bbox 1085 2445 1140 2482; x_wconf 86' lang='lat' dir='ltr'>v.</span> <span class='ocrx_word' id='word_1_144' title='bbox 1174 2439 1229 2482; x_wconf 91' lang='lat' dir='ltr'>et</span> <span class='ocrx_word' id='word_1_145' title='bbox 1257 2445 1337 2485; x_wconf 81' lang='lat' dir='ltr'>vr.</span> <span class='ocrx_word' id='word_1_146' title='bbox 1371 2431 1584 2484; x_wconf 83' lang='lat' dir='ltr'>Justino</span> 
     </span>
     <span class='ocr_line' id='line_1_22' title="bbox 520 2499 1584 2572; baseline 0.008 -22"><span class='ocrx_word' id='word_1_147' title='bbox 520 2499 616 2550; x_wconf 87' lang='lat' dir='ltr'>lib.</span> <span class='ocrx_word' id='word_1_148' title='bbox 653 2516 824 2555; x_wconf 82' lang='lat' dir='ltr'>xxm.</span> <span class='ocrx_word' id='word_1_149' title='bbox 890 2507 1046 2564; x_wconf 84' lang='lat' dir='ltr'>Quin,</span> <span class='ocrx_word' id='word_1_150' title='bbox 1083 2508 1183 2559; x_wconf 83' lang='lat' dir='ltr'>hoc</span> <span class='ocrx_word' id='word_1_151' title='bbox 1220 2510 1399 2559; x_wconf 88' lang='lat' dir='ltr'>eodem</span> <span class='ocrx_word' id='word_1_152' title='bbox 1428 2516 1584 2572; x_wconf 84' lang='lat' dir='ltr'>teste,</span> 
     </span>
     <span class='ocr_line' id='line_1_23' title="bbox 524 2576 1585 2647; baseline 0.008 -19"><span class='ocrx_word' id='word_1_153' title='bbox 524 2576 720 2628; x_wconf 83' lang='lat' dir='ltr'>Lucani</span> <span class='ocrx_word' id='word_1_154' title='bbox 761 2580 943 2631; x_wconf 85' lang='lat' dir='ltr'>iisdem</span> <span class='ocrx_word' id='word_1_155' title='bbox 985 2584 1185 2647; x_wconf 82' lang='lat' dir='ltr'>legibus</span> <span class='ocrx_word' id='word_1_156' title='bbox 1231 2586 1419 2636; x_wconf 78' lang='lat' dir='ltr'>liberos</span> <span class='ocrx_word' id='word_1_157' title='bbox 1463 2601 1585 2636; x_wconf 87' lang='lat' dir='ltr'>suos</span> 
     </span>
     <span class='ocr_line' id='line_1_24' title="bbox 521 2654 1585 2728; baseline 0.011 -25"><span class='ocrx_word' id='word_1_158' title='bbox 521 2654 882 2719; x_wconf 79' lang='lat' dir='ltr'>instituebant,</span> <span class='ocrx_word' id='word_1_159' title='bbox 926 2662 1109 2726; x_wconf 86' lang='lat' dir='ltr'>quibus</span> <span class='ocrx_word' id='word_1_160' title='bbox 1152 2665 1393 2728; x_wconf 78' lang='lat' dir='ltr'>Spartani</span> <span class='ocrx_word' id='word_1_161' title='bbox 1406 2684 1422 2727; x_wconf 90' lang='lat'>;</span> <span class='ocrx_word' id='word_1_162' title='bbox 1483 2667 1585 2715; x_wconf 86' lang='lat' dir='ltr'>En·</span> 
     </span>
     <span class='ocr_line' id='line_1_25' title="bbox 523 2732 1591 2801; baseline 0.01 -20"><span class='ocrx_word' id='word_1_163' title='bbox 523 2732 741 2800; x_wconf 84' lang='lat' dir='ltr'>niusqne</span> <span class='ocrx_word' id='word_1_164' title='bbox 774 2740 913 2801; x_wconf 88' lang='lat' dir='ltr'>apud</span> <span class='ocrx_word' id='word_1_165' title='bbox 960 2739 1169 2791; x_wconf 79' lang='lat' dir='ltr'>Festum</span> <span class='ocrx_word' id='word_1_166' title='bbox 1203 2744 1454 2794; x_wconf 79' lang='lat' dir='ltr'>Brutates</span> <span class='ocrx_word' id='word_1_167' title='bbox 1498 2744 1591 2792; x_wconf 81' lang='lat' dir='ltr'>Bi·</span> 
     </span>
     <span class='ocr_line' id='line_1_26' title="bbox 522 2810 1589 2880; baseline 0.012 -21"><span class='ocrx_word' id='word_1_168' title='bbox 522 2810 712 2873; x_wconf 67' lang='lat' dir='ltr'>lingua</span> <span class='ocrx_word' id='word_1_169' title='bbox 733 2815 885 2880; x_wconf 85' lang='lat' dir='ltr'>dixit,</span> <span class='ocrx_word' id='word_1_170' title='bbox 906 2818 1029 2880; x_wconf 89' lang='lat' dir='ltr'>quia</span> <span class='ocrx_word' id='word_1_171' title='bbox 1049 2819 1224 2871; x_wconf 87' lang='lat' dir='ltr'>Brutii</span> <span class='ocrx_word' id='word_1_172' title='bbox 1245 2829 1300 2871; x_wconf 88' lang='lat' dir='ltr'>et</span> <span class='ocrx_word' id='word_1_173' title='bbox 1321 2821 1509 2871; x_wconf 83' lang='lat' dir='ltr'>Graece</span> <span class='ocrx_word' id='word_1_174' title='bbox 1531 2829 1589 2871; x_wconf 89' lang='lat' dir='ltr'>et</span> 
     </span>
     <span class='ocr_line' id='line_1_27' title="bbox 529 2888 1140 2954; baseline 0.015 -17"><span class='ocrx_word' id='word_1_175' title='bbox 529 2888 673 2938; x_wconf 84' lang='lat' dir='ltr'>Osce</span> <span class='ocrx_word' id='word_1_176' title='bbox 698 2892 836 2954; x_wconf 88' lang='lat' dir='ltr'>loqui</span> <span class='ocrx_word' id='word_1_177' title='bbox 860 2893 997 2942; x_wconf 85' lang='lat' dir='ltr'>soliti</span> <span class='ocrx_word' id='word_1_178' title='bbox 1020 2895 1140 2946; x_wconf 88' lang='lat' dir='ltr'>sint.</span> 
     </span>
    </p>

    <p class='ocr_par' dir='ltr' id='par_1_9' title="bbox 530 2966 1593 3265">
     <span class='ocr_line' id='line_1_28' title="bbox 594 2966 1589 3036; baseline 0.006 -21"><span class='ocrx_word' id='word_1_179' title='bbox 594 2972 619 2997; x_wconf 83' lang='lat'>¹¹</span> <span class='ocrx_word' id='word_1_180' title='bbox 652 2966 926 3031; x_wconf 75' lang='lat' dir='ltr'>Disciplina</span> <span class='ocrx_word' id='word_1_181' title='bbox 969 2971 1142 3032; x_wconf 57' lang='lat' dir='ltr'>tetrica</span> <span class='ocrx_word' id='word_1_182' title='bbox 1167 2985 1224 3019; x_wconf 80' lang='lat' dir='ltr'>ac</span> <span class='ocrx_word' id='word_1_183' title='bbox 1257 2971 1416 3036; x_wconf 75' lang='lat' dir='ltr'>tristi]</span> <span class='ocrx_word' id='word_1_184' title='bbox 1466 2972 1589 3022; x_wconf 89' lang='lat' dir='ltr'>Non</span> 
     </span>
     <span class='ocr_line' id='line_1_29' title="bbox 531 3044 1593 3112; baseline 0.011 -24"><span class='ocrx_word' id='word_1_185' title='bbox 531 3044 766 3105; x_wconf 87' lang='lat' dir='ltr'>querula,</span> <span class='ocrx_word' id='word_1_186' title='bbox 787 3045 877 3093; x_wconf 82' lang='lat' dir='ltr'>sed</span> <span class='ocrx_word' id='word_1_187' title='bbox 915 3061 1129 3096; x_wconf 82' lang='lat' dir='ltr'>severa:</span> <span class='ocrx_word' id='word_1_188' title='bbox 1180 3047 1244 3096; x_wconf 88' lang='lat' dir='ltr'>ad</span> <span class='ocrx_word' id='word_1_189' title='bbox 1275 3064 1426 3112; x_wconf 87' lang='lat' dir='ltr'>quam</span> <span class='ocrx_word' id='word_1_190' title='bbox 1463 3050 1593 3099; x_wconf 87' lang='lat' dir='ltr'>allu-</span> 
     </span>
     <span class='ocr_line' id='line_1_30' title="bbox 530 3115 1593 3185; baseline 0.009 -19"><span class='ocrx_word' id='word_1_191' title='bbox 530 3116 663 3168; x_wconf 87' lang='lat' dir='ltr'>dens</span> <span class='ocrx_word' id='word_1_192' title='bbox 698 3115 944 3185; x_wconf 73' lang='lat' dir='ltr'>Virgilius</span> <span class='ocrx_word' id='word_1_193' title='bbox 994 3138 1116 3173; x_wconf 75' lang='lat' dir='ltr'>vru-</span> <span class='ocrx_word' id='word_1_194' title='bbox 1154 3125 1351 3174; x_wconf 81' lang='lat' dir='ltr'>AEneid.</span> <span class='ocrx_word' id='word_1_195' title='bbox 1387 3127 1593 3176; x_wconf 82' lang='lat' dir='ltr'>‘Tatio-</span> 
     </span>
     <span class='ocr_line' id='line_1_31' title="bbox 532 3198 1386 3265; baseline 0.009 -22"><span class='ocrx_word' id='word_1_196' title='bbox 532 3198 787 3259; x_wconf 75' lang='lat' dir='ltr'>que‘seni‚</span> <span class='ocrx_word' id='word_1_197' title='bbox 809 3198 1133 3265; x_wconf 84' lang='lat' dir='ltr'>Curibusque</span> <span class='ocrx_word' id='word_1_198' title='bbox 1157 3202 1386 3252; x_wconf 75' lang='lat' dir='ltr'>severis-⁹</span> 
     </span>
    </p>

    <p class='ocr_par' dir='ltr' id='par_1_10' title="bbox 530 3274 1603 4340">
     <span class='ocr_line' id='line_1_32' title="bbox 597 3274 1591 3348; baseline 0.006 -25"><span class='ocrx_word' id='word_1_199' title='bbox 597 3281 622 3305; x_wconf 88' lang='lat'>⁰</span> <span class='ocrx_word' id='word_1_200' title='bbox 676 3274 898 3338; x_wconf 75' lang='lat' dir='ltr'>Regnum</span> <span class='ocrx_word' id='word_1_201' title='bbox 952 3277 1255 3338; x_wconf 78' lang='lat' dir='ltr'>deferendum</span> <span class='ocrx_word' id='word_1_202' title='bbox 1312 3282 1591 3348; x_wconf 76' lang='lat' dir='ltr'>decernunt]</span> 
     </span>
     <span class='ocr_line' id='line_1_33' title="bbox 532 3348 1593 3422; baseline 0.008 -24"><span class='ocrx_word' id='word_1_203' title='bbox 532 3348 823 3415; x_wconf 82' lang='lat' dir='ltr'>Postquam</span> <span class='ocrx_word' id='word_1_204' title='bbox 868 3354 1002 3417; x_wconf 79' lang='lat' dir='ltr'>regis</span> <span class='ocrx_word' id='word_1_205' title='bbox 1041 3353 1333 3418; x_wconf 75' lang='lat' dir='ltr'>designatio</span> <span class='ocrx_word' id='word_1_206' title='bbox 1371 3371 1401 3405; x_wconf 84' lang='lat' dir='ltr'>a</span> <span class='ocrx_word' id='word_1_207' title='bbox 1440 3358 1593 3422; x_wconf 80' lang='lat' dir='ltr'>plebe</span> 
     </span>
     <span class='ocr_line' id='line_1_34' title="bbox 531 3424 1595 3496; baseline 0.008 -21"><span class='ocrx_word' id='word_1_208' title='bbox 531 3424 599 3475; x_wconf 79' lang='lat' dir='ltr'>ad</span> <span class='ocrx_word' id='word_1_209' title='bbox 632 3426 883 3478; x_wconf 81' lang='lat' dir='ltr'>Senatum</span> <span class='ocrx_word' id='word_1_210' title='bbox 920 3428 1120 3493; x_wconf 82' lang='lat' dir='ltr'>rejecta</span> <span class='ocrx_word' id='word_1_211' title='bbox 1156 3438 1257 3493; x_wconf 89' lang='lat' dir='ltr'>est,</span> <span class='ocrx_word' id='word_1_212' title='bbox 1287 3432 1472 3496; x_wconf 81' lang='lat' dir='ltr'>ingens</span> <span class='ocrx_word' id='word_1_213' title='bbox 1493 3432 1595 3483; x_wconf 84' lang='lat' dir='ltr'>fuit</span> 
     </span>
     <span class='ocr_line' id='line_1_35' title="bbox 530 3501 1594 3560; baseline 0.008 -9"><span class='ocrx_word' id='word_1_214' title='bbox 530 3501 670 3552; x_wconf 84' lang='lat' dir='ltr'>inter</span> <span class='ocrx_word' id='word_1_215' title='bbox 693 3513 899 3554; x_wconf 85' lang='lat' dir='ltr'>veteres</span> <span class='ocrx_word' id='word_1_216' title='bbox 919 3512 975 3555; x_wconf 85' lang='lat' dir='ltr'>et</span> <span class='ocrx_word' id='word_1_217' title='bbox 997 3520 1158 3557; x_wconf 84' lang='lat' dir='ltr'>novos</span> <span class='ocrx_word' id='word_1_218' title='bbox 1178 3508 1459 3560; x_wconf 77' lang='lat' dir='ltr'>Senatores</span> <span class='ocrx_word' id='word_1_219' title='bbox 1471 3524 1594 3559; x_wconf 91' lang='lat' dir='ltr'>con·</span> 
     </span>
     <span class='ocr_line' id='line_1_36' title="bbox 532 3581 1594 3636; baseline 0.008 -9"><span class='ocrx_word' id='word_1_220' title='bbox 532 3581 719 3630; x_wconf 88' lang='lat' dir='ltr'>tentio.</span> <span class='ocrx_word' id='word_1_221' title='bbox 764 3581 994 3631; x_wconf 80' lang='lat' dir='ltr'>Tandem</span> <span class='ocrx_word' id='word_1_222' title='bbox 1016 3583 1133 3632; x_wconf 84' lang='lat' dir='ltr'>novi</span> <span class='ocrx_word' id='word_1_223' title='bbox 1157 3584 1289 3634; x_wconf 80' lang='lat' dir='ltr'>hanc</span> <span class='ocrx_word' id='word_1_224' title='bbox 1312 3584 1594 3636; x_wconf 84' lang='lat' dir='ltr'>Veteribus</span> 
     </span>
     <span class='ocr_line' id='line_1_37' title="bbox 533 3656 1597 3726; baseline 0.007 -21"><span class='ocrx_word' id='word_1_225' title='bbox 533 3656 881 3708; x_wconf 87' lang='lat' dir='ltr'>conditionem</span> <span class='ocrx_word' id='word_1_226' title='bbox 908 3658 1156 3723; x_wconf 84' lang='lat' dir='ltr'>tulerunt,</span> <span class='ocrx_word' id='word_1_227' title='bbox 1179 3669 1235 3710; x_wconf 90' lang='lat' dir='ltr'>ut</span> <span class='ocrx_word' id='word_1_228' title='bbox 1261 3662 1343 3711; x_wconf 78' lang='lat' dir='ltr'>vel</span> <span class='ocrx_word' id='word_1_229' title='bbox 1371 3662 1470 3726; x_wconf 86' lang='lat' dir='ltr'>ipsi</span> <span class='ocrx_word' id='word_1_230' title='bbox 1490 3664 1597 3712; x_wconf 76' lang='lat' dir='ltr'>Ve-</span> 
     </span>
     <span class='ocr_line' id='line_1_38' title="bbox 537 3734 1600 3803; baseline 0.008 -23"><span class='ocrx_word' id='word_1_231' title='bbox 537 3739 677 3782; x_wconf 88' lang='lat' dir='ltr'>teres</span> <span class='ocrx_word' id='word_1_232' title='bbox 721 3748 787 3783; x_wconf 82' lang='lat' dir='ltr'>ex</span> <span class='ocrx_word' id='word_1_233' title='bbox 822 3734 1046 3799; x_wconf 86' lang='lat' dir='ltr'>Sabinis,</span> <span class='ocrx_word' id='word_1_234' title='bbox 1090 3737 1172 3786; x_wconf 84' lang='lat' dir='ltr'>vel</span> <span class='ocrx_word' id='word_1_235' title='bbox 1214 3737 1264 3787; x_wconf 88' lang='lat' dir='ltr'>hi</span> <span class='ocrx_word' id='word_1_236' title='bbox 1301 3752 1368 3787; x_wconf 87' lang='lat' dir='ltr'>ex</span> <span class='ocrx_word' id='word_1_237' title='bbox 1411 3739 1600 3803; x_wconf 75' lang='lat' dir='ltr'>priscis</span> 
     </span>
     <span class='ocr_line' id='line_1_39' title="bbox 536 3808 1598 3879; baseline 0.01 -23"><span class='ocrx_word' id='word_1_238' title='bbox 536 3808 799 3868; x_wconf 85' lang='lat' dir='ltr'>Romanis,</span> <span class='ocrx_word' id='word_1_239' title='bbox 833 3815 1008 3862; x_wconf 87' lang='lat' dir='ltr'>neutri</span> <span class='ocrx_word' id='word_1_240' title='bbox 1046 3827 1109 3862; x_wconf 82' lang='lat' dir='ltr'>ex</span> <span class='ocrx_word' id='word_1_241' title='bbox 1146 3829 1239 3865; x_wconf 87' lang='lat' dir='ltr'>suo</span> <span class='ocrx_word' id='word_1_242' title='bbox 1269 3829 1488 3879; x_wconf 87' lang='lat' dir='ltr'>corpore</span> <span class='ocrx_word' id='word_1_243' title='bbox 1515 3831 1598 3866; x_wconf 91' lang='lat' dir='ltr'>re·</span> 
     </span>
     <span class='ocr_line' id='line_1_40' title="bbox 538 3886 1599 3956; baseline 0.009 -23"><span class='ocrx_word' id='word_1_244' title='bbox 538 3898 656 3948; x_wconf 83' lang='lat' dir='ltr'>gem</span> <span class='ocrx_word' id='word_1_245' title='bbox 680 3886 937 3939; x_wconf 89' lang='lat' dir='ltr'>dicerent.</span> <span class='ocrx_word' id='word_1_246' title='bbox 1005 3889 1245 3956; x_wconf 86' lang='lat' dir='ltr'>Accepta</span> <span class='ocrx_word' id='word_1_247' title='bbox 1280 3892 1443 3956; x_wconf 81' lang='lat' dir='ltr'>priori</span> <span class='ocrx_word' id='word_1_248' title='bbox 1475 3907 1599 3943; x_wconf 85' lang='lat' dir='ltr'>con·</span> 
     </span>
     <span class='ocr_line' id='line_1_41' title="bbox 538 3961 1598 4020; baseline 0.01 -11"><span class='ocrx_word' id='word_1_249' title='bbox 538 3961 738 4012; x_wconf 83' lang='lat' dir='ltr'>ditione</span> <span class='ocrx_word' id='word_1_250' title='bbox 807 3973 1014 4017; x_wconf 82' lang='lat' dir='ltr'>veteres</span> <span class='ocrx_word' id='word_1_251' title='bbox 1071 3969 1122 4017; x_wconf 90' lang='lat' dir='ltr'>in</span> <span class='ocrx_word' id='word_1_252' title='bbox 1180 3969 1406 4019; x_wconf 88' lang='lat' dir='ltr'>Numam</span> <span class='ocrx_word' id='word_1_253' title='bbox 1475 3985 1598 4020; x_wconf 89' lang='lat' dir='ltr'>con·</span> 
     </span>
     <span class='ocr_line' id='line_1_42' title="bbox 540 4045 1602 4112; baseline 0.009 -25"><span class='ocrx_word' id='word_1_254' title='bbox 540 4050 837 4106; x_wconf 82' lang='lat' dir='ltr'>senserunt,</span> <span class='ocrx_word' id='word_1_255' title='bbox 882 4045 1131 4095; x_wconf 85' lang='lat' dir='ltr'>Sabinum</span> <span class='ocrx_word' id='word_1_256' title='bbox 1183 4046 1390 4112; x_wconf 88' lang='lat' dir='ltr'>quidem</span> <span class='ocrx_word' id='word_1_257' title='bbox 1434 4048 1602 4110; x_wconf 85' lang='lat' dir='ltr'>illum,</span> 
     </span>
     <span class='ocr_line' id='line_1_43' title="bbox 539 4115 1603 4189; baseline 0.01 -25"><span class='ocrx_word' id='word_1_258' title='bbox 539 4115 634 4165; x_wconf 82' lang='lat' dir='ltr'>sed</span> <span class='ocrx_word' id='word_1_259' title='bbox 653 4131 754 4168; x_wconf 88' lang='lat' dir='ltr'>non</span> <span class='ocrx_word' id='word_1_260' title='bbox 778 4135 844 4170; x_wconf 87' lang='lat' dir='ltr'>ex</span> <span class='ocrx_word' id='word_1_261' title='bbox 867 4136 1048 4172; x_wconf 88' lang='lat' dir='ltr'>eorum</span> <span class='ocrx_word' id='word_1_262' title='bbox 1073 4137 1284 4175; x_wconf 88' lang='lat' dir='ltr'>numero</span> <span class='ocrx_word' id='word_1_263' title='bbox 1309 4124 1395 4189; x_wconf 90' lang='lat' dir='ltr'>qui</span> <span class='ocrx_word' id='word_1_264' title='bbox 1421 4125 1603 4175; x_wconf 78' lang='lat' dir='ltr'>Romae</span> 
     </span>
     <span class='ocr_line' id='line_1_44' title="bbox 541 4197 1603 4259; baseline 0.007 -17"><span class='ocrx_word' id='word_1_265' title='bbox 541 4203 715 4259; x_wconf 81' lang='lat' dir='ltr'>erant,</span> <span class='ocrx_word' id='word_1_266' title='bbox 747 4211 844 4248; x_wconf 85' lang='lat' dir='ltr'>nec</span> <span class='ocrx_word' id='word_1_267' title='bbox 880 4197 1093 4249; x_wconf 80' lang='lat' dir='ltr'>factioni</span> <span class='ocrx_word' id='word_1_268' title='bbox 1130 4201 1362 4251; x_wconf 66' lang='lat' dir='ltr'>adversae</span> <span class='ocrx_word' id='word_1_269' title='bbox 1402 4202 1603 4251; x_wconf 82' lang='lat' dir='ltr'>immix-</span> 
     </span>
     <span class='ocr_line' id='line_1_45' title="bbox 543 4272 1599 4340; baseline 0.008 -21"><span class='ocrx_word' id='word_1_270' title='bbox 543 4275 686 4335; x_wconf 84' lang='lat' dir='ltr'>tum;</span> <span class='ocrx_word' id='word_1_271' title='bbox 742 4272 830 4340; x_wconf 83' lang='lat' dir='ltr'>qui</span> <span class='ocrx_word' id='word_1_272' title='bbox 873 4274 1197 4327; x_wconf 85' lang='lat' dir='ltr'>nibilominus</span> <span class='ocrx_word' id='word_1_273' title='bbox 1241 4275 1308 4328; x_wconf 90' lang='lat' dir='ltr'>ob</span> <span class='ocrx_word' id='word_1_274' title='bbox 1351 4276 1599 4327; x_wconf 78' lang='lat' dir='ltr'>virtutem</span> 
     </span>
    </p>
   </div>
   <div class='ocr_carea' id='block_1_9' title="bbox 1663 2350 2759 4263">
    <p class='ocr_par' dir='ltr' id='par_1_11' title="bbox 1663 2350 2745 2638">
     <span class='ocr_line' id='line_1_46' title="bbox 1663 2350 2741 2416; baseline -0.006 -12"><span class='ocrx_word' id='word_1_275' title='bbox 1663 2355 1901 2408; x_wconf 83' lang='lat' dir='ltr'>eximiam</span> <span class='ocrx_word' id='word_1_276' title='bbox 1924 2351 2160 2403; x_wconf 81' lang='lat' dir='ltr'>omnibus</span> <span class='ocrx_word' id='word_1_277' title='bbox 2185 2350 2432 2416; x_wconf 88' lang='lat' dir='ltr'>probatus</span> <span class='ocrx_word' id='word_1_278' title='bbox 2453 2355 2551 2399; x_wconf 79' lang='lat' dir='ltr'>est.</span> <span class='ocrx_word' id='word_1_279' title='bbox 2588 2350 2741 2399; x_wconf 80' lang='lat' dir='ltr'>Eum</span> 
     </span>
     <span class='ocr_line' id='line_1_47' title="bbox 1664 2426 2743 2497; baseline -0.005 -15"><span class='ocrx_word' id='word_1_280' title='bbox 1664 2432 1839 2497; x_wconf 84' lang='lat' dir='ltr'>itaque</span> <span class='ocrx_word' id='word_1_281' title='bbox 1875 2445 2050 2494; x_wconf 86' lang='lat' dir='ltr'>regem</span> <span class='ocrx_word' id='word_1_282' title='bbox 2080 2444 2174 2494; x_wconf 88' lang='lat' dir='ltr'>pro</span> <span class='ocrx_word' id='word_1_283' title='bbox 2211 2426 2456 2478; x_wconf 88' lang='lat' dir='ltr'>concione</span> <span class='ocrx_word' id='word_1_284' title='bbox 2495 2440 2743 2486; x_wconf 83' lang='lat' dir='ltr'>pronun·</span> 
     </span>
     <span class='ocr_line' id='line_1_48' title="bbox 1666 2502 2745 2570; baseline -0.007 -11"><span class='ocrx_word' id='word_1_285' title='bbox 1666 2510 1818 2559; x_wconf 85' lang='lat' dir='ltr'>tiavit</span> <span class='ocrx_word' id='word_1_286' title='bbox 1859 2508 2092 2562; x_wconf 85' lang='lat' dir='ltr'>interrex</span> <span class='ocrx_word' id='word_1_287' title='bbox 2130 2505 2346 2570; x_wconf 89' lang='lat' dir='ltr'>Spurius</span> <span class='ocrx_word' id='word_1_288' title='bbox 2381 2502 2615 2565; x_wconf 82' lang='lat' dir='ltr'>Vettius,</span> <span class='ocrx_word' id='word_1_289' title='bbox 2654 2517 2745 2551; x_wconf 79' lang='lat' dir='ltr'>ex</span> 
     </span>
     <span class='ocr_line' id='line_1_49' title="bbox 1665 2587 1839 2638; baseline 0.017 -2"><span class='ocrx_word' id='word_1_290' title='bbox 1665 2587 1839 2638; x_wconf 78' lang='lat' dir='ltr'>Plut..</span> 
     </span>
    </p>

    <p class='ocr_par' dir='ltr' id='par_1_12' title="bbox 1668 2655 2754 3416">
     <span class='ocr_line' id='line_1_50' title="bbox 1731 2655 2746 2726; baseline -0.005 -16"><span class='ocrx_word' id='word_1_291' title='bbox 1731 2670 1758 2705; x_wconf 77' lang='grc' dir='ltr'><strong>Ρ</strong></span> <span class='ocrx_word' id='word_1_292' title='bbox 1789 2660 2007 2726; x_wconf 73' lang='grc' dir='ltr'>Δοσίιαε]</span> <span class='ocrx_word' id='word_1_293' title='bbox 2043 2658 2218 2723; x_wconf 86' lang='lat' dir='ltr'>Hujus</span> <span class='ocrx_word' id='word_1_294' title='bbox 2239 2656 2509 2721; x_wconf 76' lang='lat' dir='ltr'>legationis</span> <span class='ocrx_word' id='word_1_295' title='bbox 2529 2655 2746 2719; x_wconf 80' lang='lat' dir='ltr'>princi-</span> 
     </span>
     <span class='ocr_line' id='line_1_51' title="bbox 1670 2737 2748 2804; baseline -0.004 -15"><span class='ocrx_word' id='word_1_296' title='bbox 1670 2755 1763 2804; x_wconf 89' lang='lat' dir='ltr'>pes</span> <span class='ocrx_word' id='word_1_297' title='bbox 1799 2739 1972 2792; x_wconf 79' lang='lat' dir='ltr'>Julius</span> <span class='ocrx_word' id='word_1_298' title='bbox 2013 2737 2269 2787; x_wconf 83' lang='lat' dir='ltr'>Proculus</span> <span class='ocrx_word' id='word_1_299' title='bbox 2306 2748 2338 2785; x_wconf 93' lang='lat' dir='ltr'>e</span> <span class='ocrx_word' id='word_1_300' title='bbox 2375 2743 2632 2796; x_wconf 85' lang='lat' dir='ltr'>veterum,</span> <span class='ocrx_word' id='word_1_301' title='bbox 2676 2744 2748 2785; x_wconf 80' lang='lat' dir='ltr'>et</span> 
     </span>
     <span class='ocr_line' id='line_1_52' title="bbox 1668 2808 2753 2866; baseline -0.005 0"><span class='ocrx_word' id='word_1_302' title='bbox 1668 2816 1890 2866; x_wconf 76' lang='lat' dir='ltr'>Volesus</span> <span class='ocrx_word' id='word_1_303' title='bbox 1912 2808 1941 2865; x_wconf 85' lang='lat' dir='ltr'>e</span> <span class='ocrx_word' id='word_1_304' title='bbox 1959 2826 2205 2863; x_wconf 81' lang='lat' dir='ltr'>novorum</span> <span class='ocrx_word' id='word_1_305' title='bbox 2225 2812 2524 2861; x_wconf 86' lang='lat' dir='ltr'>Senatorum</span> <span class='ocrx_word' id='word_1_306' title='bbox 2548 2824 2753 2861; x_wconf 78' lang='lat' dir='ltr'>nume·</span> 
     </span>
     <span class='ocr_line' id='line_1_53' title="bbox 1671 2888 2751 2957; baseline -0.005 -13"><span class='ocrx_word' id='word_1_307' title='bbox 1671 2909 1746 2952; x_wconf 88' lang='lat' dir='ltr'>ro,</span> <span class='ocrx_word' id='word_1_308' title='bbox 1769 2908 1875 2943; x_wconf 74' lang='lat' dir='ltr'>sua·</span> <span class='ocrx_word' id='word_1_309' title='bbox 1907 2893 2127 2957; x_wconf 87' lang='lat' dir='ltr'>quisque</span> <span class='ocrx_word' id='word_1_310' title='bbox 2149 2888 2391 2953; x_wconf 65' lang='lat' dir='ltr'>factionis</span> <span class='ocrx_word' id='word_1_311' title='bbox 2414 2889 2590 2938; x_wconf 86' lang='lat' dir='ltr'>duces.</span> <span class='ocrx_word' id='word_1_312' title='bbox 2624 2889 2751 2939; x_wconf 81' lang='lat' dir='ltr'>Eo·</span> 
     </span>
     <span class='ocr_line' id='line_1_54' title="bbox 1670 2969 2751 3040; baseline -0.006 -17"><span class='ocrx_word' id='word_1_313' title='bbox 1670 2988 1782 3023; x_wconf 88' lang='lat' dir='ltr'>rum</span> <span class='ocrx_word' id='word_1_314' title='bbox 1819 2970 2089 3036; x_wconf 78' lang='lat' dir='ltr'>postulatis</span> <span class='ocrx_word' id='word_1_315' title='bbox 2125 2983 2225 3040; x_wconf 71' lang='lat' dir='ltr'>non</span> <span class='ocrx_word' id='word_1_316' title='bbox 2256 2969 2431 3018; x_wconf 85' lang='lat' dir='ltr'>statim</span> <span class='ocrx_word' id='word_1_317' title='bbox 2456 2981 2751 3017; x_wconf 67' lang='lat' dir='ltr'>assensum</span> 
     </span>
     <span class='ocr_line' id='line_1_55' title="bbox 1672 3042 2752 3111; baseline -0.006 -12"><span class='ocrx_word' id='word_1_318' title='bbox 1672 3050 1844 3099; x_wconf 87' lang='lat' dir='ltr'>Numa</span> <span class='ocrx_word' id='word_1_319' title='bbox 1889 3045 2137 3111; x_wconf 66' lang='lat' dir='ltr'>praebuit,</span> <span class='ocrx_word' id='word_1_320' title='bbox 2191 3044 2336 3108; x_wconf 84' lang='lat' dir='ltr'>regni</span> <span class='ocrx_word' id='word_1_321' title='bbox 2384 3042 2752 3108; x_wconf 78' lang='lat' dir='ltr'>incommoda,</span> 
     </span>
     <span class='ocr_line' id='line_1_56' title="bbox 1675 3118 2754 3189; baseline -0.004 -17"><span class='ocrx_word' id='word_1_322' title='bbox 1675 3123 1859 3189; x_wconf 82' lang='lat' dir='ltr'>privati</span> <span class='ocrx_word' id='word_1_323' title='bbox 1896 3122 1985 3172; x_wconf 80' lang='lat' dir='ltr'>otii</span> <span class='ocrx_word' id='word_1_324' title='bbox 2009 3119 2358 3181; x_wconf 82' lang='lat' dir='ltr'>dulcedinem,</span> <span class='ocrx_word' id='word_1_325' title='bbox 2382 3118 2587 3183; x_wconf 87' lang='lat' dir='ltr'>aliaque</span> <span class='ocrx_word' id='word_1_326' title='bbox 2608 3133 2754 3169; x_wconf 74' lang='lat' dir='ltr'>can·</span> 
     </span>
     <span class='ocr_line' id='line_1_57' title="bbox 1674 3195 2754 3261; baseline -0.008 -11"><span class='ocrx_word' id='word_1_327' title='bbox 1674 3209 1856 3250; x_wconf 83' lang='lat' dir='ltr'>satus:</span> <span class='ocrx_word' id='word_1_328' title='bbox 1915 3199 2080 3247; x_wconf 85' lang='lat' dir='ltr'>donec</span> <span class='ocrx_word' id='word_1_329' title='bbox 2124 3196 2287 3261; x_wconf 85' lang='lat' dir='ltr'>patris</span> <span class='ocrx_word' id='word_1_330' title='bbox 2357 3195 2633 3260; x_wconf 80' lang='lat' dir='ltr'>fratrisque</span> <span class='ocrx_word' id='word_1_331' title='bbox 2686 3205 2754 3247; x_wconf 69' lang='lat' dir='ltr'>et</span> 
     </span>
     <span class='ocr_line' id='line_1_58' title="bbox 1675 3272 2752 3327; baseline -0.002 0"><span class='ocrx_word' id='word_1_332' title='bbox 1675 3277 1859 3327; x_wconf 85' lang='lat' dir='ltr'>Marcii</span> <span class='ocrx_word' id='word_1_333' title='bbox 1880 3274 2069 3326; x_wconf 85' lang='lat' dir='ltr'>sodalis</span> <span class='ocrx_word' id='word_1_334' title='bbox 2095 3273 2256 3324; x_wconf 89' lang='lat' dir='ltr'>intimi</span> <span class='ocrx_word' id='word_1_335' title='bbox 2281 3272 2752 3325; x_wconf 78' lang='lat' dir='ltr'>adhortationibus</span> 
     </span>
     <span class='ocr_line' id='line_1_59' title="bbox 1675 3348 2607 3416; baseline -0.006 -12"><span class='ocrx_word' id='word_1_336' title='bbox 1675 3351 2053 3416; x_wconf 83' lang='lat' dir='ltr'>suscipiendum</span> <span class='ocrx_word' id='word_1_337' title='bbox 2076 3350 2176 3400; x_wconf 90' lang='lat' dir='ltr'>sibi</span> <span class='ocrx_word' id='word_1_338' title='bbox 2200 3366 2328 3400; x_wconf 84' lang='lat' dir='ltr'>onus</span> <span class='ocrx_word' id='word_1_339' title='bbox 2351 3348 2607 3400; x_wconf 83' lang='lat' dir='ltr'>decrevit.</span> 
     </span>
    </p>

    <p class='ocr_par' dir='ltr' id='par_1_13' title="bbox 1677 3427 2759 4263">
     <span class='ocr_line' id='line_1_60' title="bbox 1738 3427 2750 3491; baseline 0 -17"><span class='ocrx_word' id='word_1_340' title='bbox 1738 3439 1763 3474; x_wconf 75' lang='grc' dir='ltr'>«ι</span> <span class='ocrx_word' id='word_1_341' title='bbox 1797 3428 2048 3491; x_wconf 68' lang='lat' dir='ltr'>Aug-arato</span> <span class='ocrx_word' id='word_1_342' title='bbox 2080 3427 2193 3477; x_wconf 78' lang='lat' dir='ltr'>urbe</span> <span class='ocrx_word' id='word_1_343' title='bbox 2221 3427 2483 3491; x_wconf 75' lang='lat' dir='ltr'>condenda]</span> <span class='ocrx_word' id='word_1_344' title='bbox 2519 3427 2572 3477; x_wconf 91' lang='lat' dir='ltr'>N</span> <span class='ocrx_word' id='word_1_345' title='bbox 2578 3441 2643 3475; x_wconf 89' lang='lat' dir='ltr'>on</span> <span class='ocrx_word' id='word_1_346' title='bbox 2672 3427 2750 3478; x_wconf 77' lang='lat' dir='ltr'>de</span> 
     </span>
     <span class='ocr_line' id='line_1_61' title="bbox 1677 3504 2753 3567; baseline -0.003 -10"><span class='ocrx_word' id='word_1_347' title='bbox 1677 3505 1806 3557; x_wconf 85' lang='lat' dir='ltr'>urbe</span> <span class='ocrx_word' id='word_1_348' title='bbox 1830 3506 1981 3554; x_wconf 84' lang='lat' dir='ltr'>modo</span> <span class='ocrx_word' id='word_1_349' title='bbox 2003 3504 2294 3563; x_wconf 81' lang='lat' dir='ltr'>condenda,</span> <span class='ocrx_word' id='word_1_350' title='bbox 2309 3511 2584 3567; x_wconf 83' lang='lat' dir='ltr'>antequam</span> <span class='ocrx_word' id='word_1_351' title='bbox 2604 3506 2753 3554; x_wconf 85' lang='lat' dir='ltr'>muri</span> 
     </span>
     <span class='ocr_line' id='line_1_62' title="bbox 1677 3578 2753 3647; baseline -0.004 -14"><span class='ocrx_word' id='word_1_352' title='bbox 1677 3584 2101 3647; x_wconf 83' lang='lat' dir='ltr'>designarentur,</span> <span class='ocrx_word' id='word_1_353' title='bbox 2127 3579 2221 3629; x_wconf 86' lang='lat' dir='ltr'>sed</span> <span class='ocrx_word' id='word_1_354' title='bbox 2250 3578 2315 3630; x_wconf 87' lang='lat' dir='ltr'>de</span> <span class='ocrx_word' id='word_1_355' title='bbox 2349 3594 2511 3642; x_wconf 82' lang='lat' dir='ltr'>regno</span> <span class='ocrx_word' id='word_1_356' title='bbox 2531 3594 2753 3643; x_wconf 84' lang='lat' dir='ltr'>qnoque</span> 
     </span>
     <span class='ocr_line' id='line_1_63' title="bbox 1677 3657 2755 3725; baseline -0.004 -14"><span class='ocrx_word' id='word_1_357' title='bbox 1677 3659 2015 3725; x_wconf 83' lang='lat' dir='ltr'>capessendo,</span> <span class='ocrx_word' id='word_1_358' title='bbox 2066 3659 2185 3707; x_wconf 88' lang='lat' dir='ltr'>dum</span> <span class='ocrx_word' id='word_1_359' title='bbox 2231 3657 2351 3706; x_wconf 84' lang='lat' dir='ltr'>urbs</span> <span class='ocrx_word' id='word_1_360' title='bbox 2401 3657 2755 3721; x_wconf 86' lang='lat' dir='ltr'>conderetur,</span> 
     </span>
     <span class='ocr_line' id='line_1_64' title="bbox 1678 3732 2754 3800; baseline -0.003 -14"><span class='ocrx_word' id='word_1_361' title='bbox 1678 3739 1788 3787; x_wconf 78' lang='lat' dir='ltr'>sive</span> <span class='ocrx_word' id='word_1_362' title='bbox 1826 3743 2098 3800; x_wconf 85' lang='lat' dir='ltr'>postquam</span> <span class='ocrx_word' id='word_1_363' title='bbox 2138 3732 2292 3782; x_wconf 88' lang='lat' dir='ltr'>condi</span> <span class='ocrx_word' id='word_1_364' title='bbox 2325 3740 2577 3796; x_wconf 79' lang='lat' dir='ltr'>coeperst,</span> <span class='ocrx_word' id='word_1_365' title='bbox 2601 3734 2754 3785; x_wconf 83' lang='lat' dir='ltr'>Deos</span> 
     </span>
     <span class='ocr_line' id='line_1_65' title="bbox 1680 3809 2752 3875; baseline -0.003 -12"><span class='ocrx_word' id='word_1_366' title='bbox 1680 3813 1897 3875; x_wconf 75' lang='lat' dir='ltr'>augurio</span> <span class='ocrx_word' id='word_1_367' title='bbox 1906 3810 2105 3860; x_wconf 88' lang='lat' dir='ltr'>consuli</span> <span class='ocrx_word' id='word_1_368' title='bbox 2123 3809 2288 3859; x_wconf 86' lang='lat' dir='ltr'>voluit</span> <span class='ocrx_word' id='word_1_369' title='bbox 2305 3809 2552 3857; x_wconf 88' lang='lat' dir='ltr'>Romulus</span> <span class='ocrx_word' id='word_1_370' title='bbox 2568 3827 2587 3873; x_wconf 90' lang='lat'>;</span> <span class='ocrx_word' id='word_1_371' title='bbox 2603 3814 2752 3875; x_wconf 85' lang='lat' dir='ltr'>quod</span> 
     </span>
     <span class='ocr_line' id='line_1_66' title="bbox 1680 3884 2755 3954; baseline -0.002 -14"><span class='ocrx_word' id='word_1_372' title='bbox 1680 3888 1958 3954; x_wconf 82' lang='lat' dir='ltr'>Dionysius</span> <span class='ocrx_word' id='word_1_373' title='bbox 2013 3885 2221 3949; x_wconf 85' lang='lat' dir='ltr'>scribit,</span> <span class='ocrx_word' id='word_1_374' title='bbox 2276 3884 2470 3946; x_wconf 86' lang='lat' dir='ltr'>Livius,</span> <span class='ocrx_word' id='word_1_375' title='bbox 2505 3898 2572 3935; x_wconf 88' lang='lat' dir='ltr'>eo</span> <span class='ocrx_word' id='word_1_376' title='bbox 2625 3886 2755 3939; x_wconf 89' lang='lat' dir='ltr'>loco</span> 
     </span>
     <span class='ocr_line' id='line_1_67' title="bbox 1680 3960 2750 4032; baseline -0.001 -16"><span class='ocrx_word' id='word_1_377' title='bbox 1680 3964 2100 4032; x_wconf 69' lang='lat' dir='ltr'>praetermissum,</span> <span class='ocrx_word' id='word_1_378' title='bbox 2120 3963 2202 4013; x_wconf 85' lang='lat' dir='ltr'>hic</span> <span class='ocrx_word' id='word_1_379' title='bbox 2223 3960 2415 4011; x_wconf 86' lang='lat' dir='ltr'>reddit.</span> <span class='ocrx_word' id='word_1_380' title='bbox 2453 3962 2590 4012; x_wconf 88' lang='lat' dir='ltr'>Nam</span> <span class='ocrx_word' id='word_1_381' title='bbox 2613 3964 2750 4015; x_wconf 85' lang='lat' dir='ltr'>illud</span> 
     </span>
     <span class='ocr_line' id='line_1_68' title="bbox 1682 4042 2756 4106; baseline -0.01 -11"><span class='ocrx_word' id='word_1_382' title='bbox 1682 4048 1915 4106; x_wconf 75' lang='lat' dir='ltr'>augurato</span> <span class='ocrx_word' id='word_1_383' title='bbox 1946 4055 2145 4104; x_wconf 76' lang='lat' dir='ltr'>regnum</span> <span class='ocrx_word' id='word_1_384' title='bbox 2176 4042 2374 4103; x_wconf 76' lang='lat' dir='ltr'>adeptus</span> <span class='ocrx_word' id='word_1_385' title='bbox 2402 4045 2496 4095; x_wconf 78' lang='lat' dir='ltr'>est,</span> <span class='ocrx_word' id='word_1_386' title='bbox 2542 4042 2610 4091; x_wconf 84' lang='lat' dir='ltr'>ad</span> <span class='ocrx_word' id='word_1_387' title='bbox 2648 4043 2756 4092; x_wconf 71' lang='lat' dir='ltr'>Ro.</span> 
     </span>
     <span class='ocr_line' id='line_1_69' title="bbox 1685 4116 2759 4184; baseline -0.006 -14"><span class='ocrx_word' id='word_1_388' title='bbox 1685 4123 1878 4170; x_wconf 83' lang='lat' dir='ltr'>mulum</span> <span class='ocrx_word' id='word_1_389' title='bbox 1922 4117 2105 4168; x_wconf 84' lang='lat' dir='ltr'>referri</span> <span class='ocrx_word' id='word_1_390' title='bbox 2142 4116 2340 4176; x_wconf 84' lang='lat' dir='ltr'>debet;</span> <span class='ocrx_word' id='word_1_391' title='bbox 2374 4131 2492 4179; x_wconf 84' lang='lat' dir='ltr'>qnae</span> <span class='ocrx_word' id='word_1_392' title='bbox 2528 4132 2759 4184; x_wconf 70' lang='lat' dir='ltr'>sequun-</span> 
     </span>
     <span class='ocr_line' id='line_1_70' title="bbox 1686 4194 2509 4263; baseline -0.006 -15"><span class='ocrx_word' id='word_1_393' title='bbox 1686 4204 1789 4254; x_wconf 86' lang='lat' dir='ltr'>tur,</span> <span class='ocrx_word' id='word_1_394' title='bbox 1812 4198 1871 4247; x_wconf 82' lang='lat' dir='ltr'>de</span> <span class='ocrx_word' id='word_1_395' title='bbox 1891 4210 1942 4246; x_wconf 81' lang='lat' dir='ltr'>se</span> <span class='ocrx_word' id='word_1_396' title='bbox 1961 4210 2155 4263; x_wconf 80' lang='lat' dir='ltr'>quoque,</span> <span class='ocrx_word' id='word_1_397' title='bbox 2174 4194 2238 4244; x_wconf 89' lang='lat' dir='ltr'>ad</span> <span class='ocrx_word' id='word_1_398' title='bbox 2264 4194 2509 4245; x_wconf 80' lang='lat' dir='ltr'>Numam.</span> 
     </span>
    </p>
   </div>
   <div class='ocr_carea' id='block_1_10' title="bbox 2967 4272 2979 4841">
    <p class='ocr_par' dir='ltr' id='par_1_14' title="bbox 2967 4272 2979 4841">
     <span class='ocr_line' id='line_1_71' title="bbox 2967 4272 2979 4841; baseline 0 0"><span class='ocrx_word' id='word_1_399' title='bbox 2967 4272 2979 4841; x_wconf 95' lang='lat' dir='ltr'> </span> 
     </span>
    </p>
   </div>
  </div>
 </body>
</html>
