3034 4925
2294 355 2427 425 345

188 510 366 575 vius
426 507 617 576 fieret
637 528 678 598 ς,
717 508 1087 595 eodemque
1134 512 1275 577 fere
1323 515 1642 600 tempore,
1706 515 1993 581 diversis
2047 516 2423 599 itineribus,

189 611 477 678 Brutus
506 612 825 693 Ardeam,
851 614 1258 700 Tarquinius
1282 615 1600 697 Romam,
1621 626 1957 684 venerunt.
2043 619 2420 706 Tarquinio

186 716 477 781 clausae
538 725 781 801 portae,
833 718 1246 804 exiliumque
1307 721 1669 788 indictum:
1733 723 2154 788 liberatorem
2208 724 2419 790 Urbis

189 818 369 884 laeta
403 828 634 885 castra
675 839 1044 924 aooepere;
1091 823 1454 908 exactique
1500 824 1659 892 inde
1707 825 1901 890 liberi
1947 827 2172 910 regis-'r
2264 827 2423 892 Duo

190 929 481 1007 patrem
509 925 724 1016 secuti
750 933 928 1001 sunt,
952 926 1071 1009 qui
1099 926 1450 992 exulatum
1482 925 1674 992 Caere
1703 929 1776 993 in
1820 921 2145 994 Etruscos
2182 928 2421 995 ierunt.

197 1025 381 1089 Sex.
416 1025 853 1110 Tarquinius,
872 1026 1156 1106 Gabios,
1189 1035 1510 1111 tanquam
1536 1029 1606 1093 in
1629 1047 1823 1093 suum
1845 1049 2133 1112 regnum,
2156 1032 2426 1115 profec-

1024 339 1170 416 1011'32
1223 367 1274 417 1.
1326 369 1491 419 oar.
1533 353 1645 420 60.

200 1133 351 1208 tuS,
390 1129 487 1193 ab
516 1131 844 1196 ultoribus
873 1136 1174 1196 veterum
1203 1131 1641 1209 simultatum,
1667 1152 1836 1218 quas
1864 1132 1994 1197 sibi
2039 1133 2186 1217 ipse
2215 1135 2422 1200 coedi-

198 1231 336 1296 bus
368 1234 773 1319 rapinisque
816 1235 1225 1313 conciverat,
1268 1242 1372 1301 est
1402 1234 1818 1301 interfectus.
1905 1234 1984 1300 L.
2016 1229 2424 1321 Tarquinius

205 1333 574 1418 Superbus
619 1338 909 1421 regnavit
959 1357 1173 1403 annos
1219 1340 1511 1423 quinque
1563 1344 1632 1403 et
1673 1336 1959 1423 viginti.b
2045 1339 2425 1424 Regnatum

204 1436 466 1502 Romae
498 1440 589 1504 ab
620 1441 895 1507 condita
921 1443 1081 1507 urbe
1110 1442 1195 1507 ad
1244 1443 1595 1508 liberatam
1645 1461 1851 1506 annos
1891 1441 2216 1507 ducentos
2256 1462 2423 1529 qua-

209 1538 533 1625 draginta
579 1552 918 1629 quatuor.c
1008 1545 1168 1611 Duo
1200 1541 1558 1636 consulesd
1601 1544 1761 1610 inde
1791 1545 2085 1611 comitiis
2137 1547 2422 1612 centuri-

1218 1714 1439 1766 NOTAE

210 1814 291 1858 tra
318 1808 668 1900 pgofeetionis
699 1825 800 1862 nou
836 1812 1069 1864 meminit
1094 1812 1287 1879 Diony·

213 1887 348 1950 sius3
381 1888 483 1938 sed
518 1897 708 1940 eontra
730 1892 914 1943 scribit
946 1908 978 1942 a
1018 1890 1287 1956 praefectis

215 1972 537 2029 castrorum,
562 1968 768 2031 repulso
788 1969 1091 2034 Tarquinio,
1113 1971 1198 2034 qui
1223 1971 1288 2019 ab

214 2043 474 2093 mnibus
521 2043 684 2094 Urbis
727 2045 976 2110 rejectus,
1019 2046 1072 2096 iu
1113 2054 1291 2096 eastra

219 2119 468 2177 redierat,
508 2129 688 2184 psetss
714 2123 767 2171 iu
801 2122 1097 2188 quindecim
1130 2137 1289 2173 annos

218 2208 332 2245 eum
357 2196 685 2247 Ardeatibus
703 2199 953 2255 inducias,
980 2199 1289 2249 exercitum·

221 2285 319 2334 que
360 2272 685 2324 reductum:
721 2290 838 2340 quae
873 2276 1025 2325 Bruti
1065 2277 1289 2326 consulis

221 2355 392 2410 partes
414 2357 575 2400 erant
590 2350 706 2400 siin
729 2352 915 2401 eastris
934 2350 1139 2402 fuisset.

282 2435 308 2482 l·
325 2428 724 2493 &antiquitatis
747 2429 886 2482 liberi
917 2429 1067 2495 regis]
1092 2430 1289 2481 Mirum

227 2509 304 2553 est
346 2505 554 2555 Livium
592 2522 695 2557 uon
727 2507 918 2558 dixisse
954 2507 1290 2572 Tarquinium

226 2579 407 2647 ipsum,
431 2583 584 2633 Urbe
608 2578 894 2644 exdusum,
934 2586 987 2635 iu
1004 2592 1182 2636 castra
1211 2599 1291 2634 re·

227 2657 334 2708 dire
367 2668 642 2725 conatum,
678 2663 944 2714 exclusum
982 2677 1189 2729 qnoque
1229 2663 1293 2713 iis

230 2732 415 2800 fuisse3
448 2745 564 2789 tum
588 2740 744 2790 etiam
778 2742 1060 2804 Romanos,
1095 2739 1294 2790 foedere

231 2825 341 2863 eum
385 2814 714 2866 Ardeatibus
757 2816 919 2880 facto,
973 2818 1293 2868 obsidionem

234 2890 457 2963 solvisse.
481 2893 591 2943 Sed
614 2896 800 2944 multas
817 2895 944 2944 alias
956 2894 1294 2945 circumstan-

233 2965 326 3016 tias
347 2971 413 3018 sb
434 2984 500 3021 eo
522 2972 737 3022 omissas
750 2970 1090 3037 ex'Dionysio
1107 2972 1294 3037 liquet,

237 3057 379 3107 quem
402 3047 509 3098 adi.
537 3049 594 3101 J.
610 3049 841 3099 Clericus.
1144 3102 1149 3105 .

295 3119 318 3154 '³
351 3123 570 3190 Quinque
589 3132 639 3176 et
661 3125 864 3190 viginti]
895 3125 983 3176 Ita
1005 3125 1291 3191 Dionysius

239 3205 289 3246 et
307 3199 533 3252 Solinus.
565 3202 642 3253 At
662 3203 916 3253 Eusebius
939 3211 996 3253 et
1019 3203 1291 3255 Cassiodo-

198 3340 203 3345 .
241 3285 339 3336 rus,
391 3278 480 3344 qui
525 3279 715 3330 Servio
758 3281 932 3330 Tullio
984 3277 1293 3329 decennium

243 3350 487 3420 adimunt,
531 3357 771 3421 Superbo
812 3357 1094 3422 Tarquinio
1133 3369 1293 3405 annos

244 3428 502 3492 miguant
523 3446 698 3484 xxxv.
729 3433 822 3483 sed
847 3434 1080 3483 ultimum
1105 3446 1293 3482 annum

244 3501 526 3560 inchoatum
549 3510 805 3561 duntaxat
839 3508 1000 3560 fuisse
1022 3510 1291 3560 existimo:

246 3591 351 3632 eum
385 3598 466 3635 xx.
500 3588 620 3637 Kal.
663 3587 837 3637 Maias
881 3586 1133 3637 indictum
1169 3586 1297 3635 Tar-

249 3656 411 3718 quinio
433 3661 874 3728 ejusque-familiar
888 3662 1048 3714 fuerit
1070 3663 1299 3726 exilium,

249 3735 322 3789 cui
346 3749 524 3798 postea
546 3741 650 3790 diei
688 3742 971 3806 ascriptum
1009 3746 1090 3790 est
1127 3738 1298 3790 Fastis

253 3812 566 3879 regifugium.

309 3894 330 3920 ⁶
359 3890 597 3945 Ducentos
623 3895 943 3958 quadraginta
974 3892 1200 3958 quatuor]
1234 3893 1297 3944 Iu

252 3958 339 4010 1¹00
360 3970 559 4034 quoque
593 3986 840 4022 annorum
873 3986 1086 4022 numero
1107 3985 1299 4022 couve-

257 4036 391 4089 uiunt
425 4045 635 4112 Dionys.
656 4054 726 4097 ‘et
766 4049 955 4099 Livius.
988 4049 1183 4097 Verum
1203 4048 1297 4098 So·

256 4110 394 4173 limis,
428 4120 616 4173 Sextus
658 4121 841 4182 Rufus,
885 4124 1185 4189 Eutropius,
1225 4124 1297 4172 D.

262 4185 558 4254 Augustinus
591 4208 648 4250 et
683 4201 921 4264 Orosius,
945 4205 1062 4252 24⁸.
1093 4208 1295 4251 tautum

263 4270 391 4316 aunis
422 4272 590 4324 Romal
619 4283 894 4344 regnatum
914 4275 1074 4328 fuisse
1099 4278 1295 4328 volunt.

379 4349 547 4416 Decple.
569 4363 615 4406 et
641 4357 757 4411 Var.
780 4358 910 4411 Clas.

1247 4356 1432 4406 Livius.

1368 1816 1503 1867 Qun
1544 1804 1662 1864 dua
1702 1813 1973 1864 sententio
2017 1811 2155 1863 baud
2200 1826 2338 1876 segre
2370 1812 2425 1862 in

1367 1890 1695 1941 concordiem
1717 1889 2057 1954 adducentur,
2080 1890 2122 1939 si
2141 1889 2427 1939 seeundum
2520 1912 2529 1924 ·

1367 1968 1458 2017 hos
1496 1974 1820 2017 numeremus
1851 1981 2013 2017 anuos
2046 1971 2165 2017 2⁴8.
2200 1969 2431 2032 eomple-

1369 2050 1481 2094 tosz
1519 2045 1771 2094 Nostrum
1807 2051 1978 2093 autem
2014 2058 2129 2093 eum
2167 2044 2428 2110 Dionysio

1369 2121 1444 2172 sie
1486 2120 1851 2185 intelligamus,
1902 2127 1962 2169 ut
2016 2126 2232 2185 quartus
2273 2134 2433 2184 supra

1370 2198 1623 2248 ducentos
1665 2206 1728 2246 et
1774 2196 2134 2261 quadragenos
2188 2197 2432 2263 inceptus

1368 2274 1550 2336 fuerit,
1569 2288 1685 2325 cum
1710 2274 1910 2335 regnari
1927 2272 2148 2321 desitum
2170 2280 2269 2321 est.

1432 2350 1459 2385 ἅ
1509 2350 1624 2401 Duo
1665 2349 1898 2413 causales]
1951 2347 2095 2398 Dieti
2149 2355 2271 2398 suut
2318 2362 2429 2397 m·

1368 2430 1492 2480 sales
1526 2442 1557 2481 a
1589 2425 1916 2482 consulendo,
1951 2425 2059 2475 sive
2096 2424 2233 2491 quod
2273 2424 2434 2489 pluri·

1372 2520 1513 2556 mum
1548 2504 1682 2568 reip.
1715 2501 2061 2563 consulerent,
2081 2501 2169 2567 (ut
2202 2501 2432 2564 Pompo-

1373 2582 1490 2632 nius
1531 2576 1960 2641 Juriscomnltus}
1973 2585 2093 2641 post
2124 2576 2432 2627 Ciceronem

1376 2659 1449 2708 ait
1472 2655 1517 2722 ς)
1552 2658 1682 2719 sive,
1712 2668 1778 2705 ex
1800 2646 2049 2704 Varronis
2070 2653 2346 2714 sententis,
2366 2665 2432 2702 eo

1377 2733 1514 2800 quod
1569 2733 1898 2784 consulerent
1951 2731 2217 2794 populum,
2276 2729 2431 2793 eujus

1373 2812 1573 2876 injussu
1610 2811 1738 2859 niltil
1774 2798 2010 2873 agebaut'
2039 2805 2180 2872 quod
2223 2804 2434 2870 suajnis

1373 2898 1515 2939 esset
1557 2887 1831 2946 momenti3
1885 2891 1946 2935 at
1992 2882 2085 2946 Sp.
2138 2882 2434 2932 Postumius

1373 2965 1661 3015 disserebat
1693 2971 1969 3026 antequam
2005 2959 2319 3011 Samnitibus
2339 2958 2435 3008 de·

1371 3043 1587 3093 deretur
1623 3040 1761 3107 apud
1800 3040 2047 3091 Nostrum
2084 3037 2177 3089 lib.
2212 3050 2289 3088 rx.
2310 3050 2433 3100 cap.

1371 3125 1420 3170 8.
1457 3119 1615 3169 Initio
1639 3125 1892 3182 pretores
1922 3128 2126 3181 quoque
2147 3112 2277 3163 dicti
2298 3119 2438 3174 suut,

1370 3196 1599 3261 generali
1638 3194 2032 3257 magistratuum
2065 3190 2436 3254 appellatione,

1374 3272 1511 3340 qnod
1530 3276 1838 3337 preessent,
1857 3267 1939 3318 vel
1956 3266 2204 3332 praeirent
2224 3267 2435 3331 populo,

1374 3351 1450 3401 uti
1467 3347 1800 3400 manifestum
1820 3352 1901 3395 est
1917 3359 1980 3393 ex
1996 3344 2254 3407 Varrone,
2270 3343 2436 3392 Sexto

1374 3427 1650 3491 Pompeio,
1672 3424 1896 3485 Zonara,
1917 3419 2142 3484 Apuleio
2163 3430 2219 3469 et
2241 3418 2439 3469 Novel-

1374 3505 1439 3555 lis
1456 3501 1761 3556 Justiniani.
1792 3497 2035 3551 Judicum
2059 3496 2215 3546 etiam
2232 3494 2438 3545 nomine

1378 3579 1664 3645 appellatos
1690 3575 1851 3627 fuisse
1874 3573 2115 3624 eonsules
2134 3572 2322 3636 conjici
2347 3584 2438 3635 po·-

1377 3664 1488 3708 test
1508 3671 1578 3706 ex
1604 3658 1719 3720 lege
1742 3667 1895 3719 quam
1920 3648 2086 3699 refert
2115 3648 2228 3698 Cic.
2250 3661 2338 3698 ut.
2371 3648 2438 3696 de
2535 3654 2540 3657 ·

1379 3732 1565 3799 Legib.
1587 3746 1704 3798 quae
1738 3730 1965 3794 ipsorum
2000 3732 2311 3788 potestatem
2349 3738 2439 3774 ex-

1378 3813 1569 3877 plieat:
1606 3811 1621 3839 ‘
1647 3807 1815 3873 Regio
1852 3804 2069 3870 imperio
2108 3804 2211 3853 duo
2250 3811 2440 3854 sunto:

1376 3889 1514 3954 iique
1551 3885 1849 3951 praeeundo,
1878 3879 2187 3946 judicando,
2225 3889 2281 3931 et
2318 3896 2440 3931 con·

1376 3964 1615 4026 sulendo,
1653 3957 2167 4026 praetores,judiees,
2200 3958 2440 4007 eonsules

1375 4042 1721 4107 appellantur.
1755 4035 1962 4087 Militiae
1983 4049 2233 4085 summum
2247 4037 2336 4101 jus
2354 4036 2441 4084 ba·-

1374 4119 1558 4179 bento‚
1600 4113 1794 4166 nemini
1838 4122 2075 4177 pareuto.
2129 4112 2264 4163 Ollis
2299 4114 2440 4163 salus

1378 4195 1555 4260 populi
1576 4206 1816 4258 suprema
1839 4191 1923 4240 lex
1944 4189 2092 4240 esto.'
2126 4189 2299 4241 Greci
2316 4203 2452 4237 nonu

1375 4286 1637 4338 nunquam
1655 4266 1972 4339 φτροβούιωω,
2005 4276 2094 4318 aut
2125 4263 2445 4397 συςβὲλουσ,
