3034 4925
549 428 688 496 234
1495 432 1562 480 τ.
1613 427 1801 479 mvn

555 612 683 678 que
714 587 984 665 Manes,
1032 591 1108 650 ut
1152 582 1331 648 idem
1363 578 1691 669 Pontifelr
1711 571 2055 650 edoceretg
2100 580 2393 652 quaeque
2408 551 2748 644 prodigia,

552 690 948 761 fulminibus
1006 690 1230 754 alio've
1280 704 1415 770 quo
1464 684 1613 747 visu
1633 687 1687 729 ¹⁷
1729 678 1961 750 missa,
2008 669 2505 751 susciperentur
2549 667 2751 753 atque

556 791 1011 863 curarentur.¹⁸
1035 799 1078 828 ¹¹²
1164 790 1277 855 Ad
1318 808 1399 854 ea
1436 781 1772 851 elicienda
1802 797 1892 843 ex
1922 772 2257 840 mentibus
2288 764 2558 840 divium,
2582 756 2754 831 Jovi

555 898 775 964 Elicio
793 905 821 932 ¹²
863 914 1046 960 aram
1090 893 1157 957 in
1196 890 1526 956 Aventino
1570 882 1852 960 dicavit,
1882 879 2236 959 Deumque
2264 864 2608 937 consuluit
2636 880 2754 927 au-

556 1001 790 1086 guriiS,
823 1018 977 1083 quae
1008 993 1447 1079 suscipienda
1475 992 1752 1055 essent.⁰

641 1104 754 1170 21.
813 1101 928 1167 Ad
973 1101 1119 1185 heec
1173 1095 1614 1164 consultanda
1674 1076 2288 1174 procurandaque!
2329 1068 2756 1139 multitudine

376 1257 381 1261 .
483 1271 489 1275 ,
558 1209 738 1274 omni
782 1205 922 1272 a‘vi
960 1208 1027 1268 et
1053 1202 1269 1270 ,armis
1311 1204 1660 1271 conversa,
1708 1197 1778 1257 et
1823 1186 2026 1255 animi
2056 1178 2313 1267 aliquid
2344 1173 2610 1260 agendo
2642 1189 2757 1250 oq-

555 1309 1019 1393 cupatierant,
1053 1311 1124 1370 et
1162 1305 1460 1369 Deorum
1488 1297 1773 1364 assidua
1801 1291 2094 1358 insidens
2136 1278 2321 1362 cura,
2352 1298 2507 1346 eum
2552 1275 2753 1341 intet-

541 1433 709 1479 -esse
754 1412 955 1476 rebus
1005 1408 1320 1473 humanis
1352 1405 1631 1470 coeleste
1670 1392 2331 1464 numenvvidereturss
2362 1402 2459 1448 ea
2497 1380 2757 1464 pietate

556 1515 850 1579 omnium
894 1517 1169 1597 pectora
1208 1509 1563 1585 imbuerat,
1593 1510 1673 1570 ut
1710 1502 1875 1568 fides
1905 1517 1986 1564 ac
2022 1487 2758 1580 jusjurandumsprox-

555 1617 692 1681 imo
742 1615 970 1697 legum
1019 1632 1101 1678 ae
1150 1630 1501 1697 poenarum
1546 1611 1856 1685 metu,¹⁹¹²
1900 1599 2237 1666 civitatem
2260 1590 2581 1674 regerent.
2671 1579 2759 1646 Et

614 1798 648 1842 s
671 1799 993 1850 Deliberanda
1012 1803 1061 1848 et
1082 1801 1309 1860 curanda,
1327 1779 1411 1848 seit
1432 1797 1689 1860 expianda.

618 1872 647 1906 ἱ
679 1864 909 1916 Divinum
929 1879 1097 1933 numen
1118 1863 1255 1914 rebus
1275 1862 1492 1913 humanis
1507 1861 1636 1911 velut
1655 1870 1862 1923 presens
1880 1855 2057 1907 aduae·

1474 1996 1833 2021 “mnu

619 2094 683 2139 1⁷
717 2089 861 2166 {Pro
884 2091 1006 2149 visu,
1031 2089 1168 2155 quod
1194 2086 1649 2141 Drakenborehius
1675 2081 1865 2132 Aldum
1905 2083 2120 2135 secutus
2159 2072 2455 2134 receperat»
2491 2062 2617 2114 dedi
2639 2061 2761 2122 ”3⁸⁰2

556 2154 771 2231 quod-m
792 2156 1048 2205 nonnuliis
1070 2153 1222 2206 codd.
1250 2162 1305 2204 et
1330 2155 1465 2217 plur.
1492 2151 1626 2201 Edd.
1648 2155 1778 2205 vett.
1816 2144 2102 2195 exhibitum
2138 2147 2234 2188 est.
2303 2131 2592 2185 Confirmat
2625 2130 2758 2176 hane

550 2219 683 2294 ieet.
704 2228 842 2269 inter
864 2221 963 2270 alia
984 2222 1132 2270 locus
1156 2217 1273 2269 infr.
1297 2231 1463 2268 xxxi.
1487 2220 1568 2266 12.
1601 2216 1618 2245 ‘
1639 2213 1799 2263 Foeda
1825 2209 1997 2259 omnia
2022 2215 2077 2256 et
2113 2200 2388 2261 deformia,
2429 2193 2760 2256 errantisque

551 2294 609 2332 ‘m
634 2284 825 2335 alienos
845 2284 1002 2335 foetus
1023 2292 1226 2334 naturae
1239 2284 1378 2332 visa?
1391 2283 1406 2306 '
1422 2280 1664 2341 Doering.
1695 2278 1810 2329 Viso
1829 2277 1953 2325 dant
1972 2279 2026 2323 et
2047 2272 2277 2322 Gronov.
2297 2262 2508 2326 Doujat.
2521 2258 2759 2308 Crevier.

496 2386 505 2393 -
551 2351 685 2397 —18
723 2351 805 2398 Ex
829 2351 946 2400 cod.
971 2350 1122 2402 Harl.
1145 2354 1195 2400 2.
1219 2352 1589 2411 procurarentur
1611 2343 1742 2406 legit
1761 2340 1960 2391 StrothL
1983 2335 2119 2404 quod
2140 2342 2196 2384 et
2221 2331 2351 2394 conj.
2371 2329 2607 2378 Gronov,

620 2415 684 2462 19
714 2414 909 2465 ‘Forte
929 2415 1034 2481 leg.
1067 2414 1351 2479 proxime..
1372 2416 1598 2474 .mem‚
1636 2422 1788 2475 quam
1832 2404 2032 2456 Mureti
2071 2400 2419 2462 conjecturam
2465 2388 2759 2454 probarunt

555 2477 785 2530 Gronov.
809 2480 979 2530 Drak.
1006 2487 1061 2530 et
1082 2481 1275 2530 Bauer.
1297 2480 1378 2528 vel
1398 2477 1664 2541 perculsam
1679 2472 1899 2537 proxime
1921 2485 2011 2519 sen
2034 2467 2203 2529 simpl.
2235 2461 2495 2527 percomta
2520 2455 2684 2515 ΕΜ
2701 2466 2758 2500 ⁰⁶

550 2557 601 2604 p.
623 2548 754 2606 metu
774 2544 1021 2594 civitatem
1035 2560 1053 2595 .-
1086 2559 1204 2595 nam
1227 2545 1280 2593 in
1318 2544 1494 2594 multis
1524 2541 1574 2589 M
1581 2554 1650 2589 ss.
1684 2539 1874 2601 legitur
1890 2534 2113 2598 propulso
2135 2544 2228 2594 pro
2246 2520 2499 2591 mxima:
2514 2521 2758 2582 ‚Rupert

552 2606 784 2680 Broxime
805 2614 982 2661 metum
996 2609 1127 2676 legit
1136 2609 1376 2679 Crevier.
1409 2606 1663 2680 Deering.
1681 2602 2006 2670 scribendum
2029 2602 2180 2663 putat
2193 2591 2414 2659 proxima
2429 2590 2466 2638 l.
2485 2602 2534 2635 a.
2547 2600 2602 2649 p.
2615 2587 2761 2633 mein.

1549 2716 1765 2771 No'rAE

618 2827 654 2853 ¹¹²
699 2819 1067 2884 Susciperentur
1119 2826 1260 2886 atque
1308 2816 1618 2883 curarentur]

553 2892 920 2972 Suscipinnfur
954 2897 1194 2962 prodigia
1225 2911 1341 2961 quae
1365 2912 1460 2961 pro
1483 2893 1619 2945 veris

553 2967 799 3033 prodigiis
826 2971 1189 3024 admittuntur.
1256 2972 1411 3030 Quod
1442 2978 1618 3021 autem

556 3043 851 3097 Gronovius
876 3056 1042 3115 notat,
1059 3050 1407 3114 prodigiorum
1430 3063 1618 3112 procu-

555 3123 789 3174 rationes
830 3124 953 3183 dici,
987 3142 1090 3177 non
1124 3128 1439 3189 curationes,
1474 3126 1616 3176 ideo·

556 3210 656 3262 que
679 3200 932 3265 seriptum
955 3199 1091 3252 forte
1123 3201 1282 3253 fuisse
1307 3217 1640 3265 procurarem--

554 3279 656 3361 ὑπίν,
696 3275 749 3324 id
785 3277 992 3341 quidem
1044 3277 1171 3328 satis
1207 3278 1485 3329 verisimile
1517 3286 1619 3342 est,

555 3363 602 3398 si
637 3363 699 3399 ea
733 3365 880 3400 mens
919 3352 1071 3402 Livio
1106 3352 1227 3417 fuit,
1266 3360 1325 3403 ut
1356 3353 1619 3418 expianda

552 3424 793 3491 prodigia
847 3429 1137 3492 exprimere
1181 3428 1422 3480 voluerit.
1510 3428 1615 3478 Sed

552 3498 693 3550 forte
735 3501 788 3550 id
833 3507 1034 3552 tantum
1089 3504 1273 3561 voluit,
1327 3504 1615 3555 Pontifices

554 3577 749 3627 consuli
773 3576 1032 3643 debuisse,
1068 3592 1183 3644 quae
1222 3579 1457 3645 prodigia
1477 3580 1615 3630 acci·

553 3653 746 3741 pienda
785 3659 976 3711 essent,
1012 3663 1252 3734 tauquam
1289 3671 1429 3713 vera,
1458 3664 1616 3728 atque

552 3734 631 3778 :ta
655 3742 757 3777 non
782 3729 1110 3793 negligenda.
1503 3735 1510 3744 '

620 3809 645 3835 ¹¹
665 3805 782 3854 Jovi
803 3807 985 3872 Elicio]
1008 3806 1192 3859 Artem
1208 3808 1356 3860 Jovis
1375 3807 1618 3859 eliciendi
1645 3855 1649 3864 ,

554 3878 624 3928 de
662 3883 790 3931 coelo
828 3882 1073 3934 didicisse
1114 3885 1287 3935 Numa
1320 3890 1561 3933 narratur
1584 3898 1618 3933 a

554 3955 736 4006 Fauno
759 3965 815 4008 et
831 3959 980 4025 Pico,
1000 3960 1064 4009 ad
1084 3958 1281 4011 fontem
1304 3975 1404 4026 quo
1427 3973 1617 4010 eonve-

552 4035 668 4084 nire
694 4037 947 4103 solebant,
981 4041 1101 4089 vino
1130 4041 1398 4104 mulsoque
1434 4038 1617 4103 sopitis

558 4110 828 4176 captisque
869 4128 963 4176 per
1002 4114 1274 4166 duodecim
1303 4115 1526 4180 juvenes
1560 4115 1617 4165 in

556 4186 758 4237 insidiis
796 4188 1106 4241 collocatos:
1140 4190 1329 4242 dieitur
1364 4192 1551 4242 deinde
1585 4206 1620 4241 a

557 4263 691 4315 Jove
716 4263 981 4315 sacrificiis
1004 4265 1183 4317 elicito
1213 4274 1371 4333 atque
1394 4271 1617 4319 evocato

1697 2803 2317 2882 quaesivissexproeurandi
2330 2796 2563 2851 fulminis
2576 2794 2735 2845 ritum
2749 2810 2763 2840 x

1701 2908 1803 2960 qua
1826 2892 1892 2942 de
1915 2906 1970 2940 re
1993 2884 2306 2950 Arnob.·lib.
2330 2894 2385 2930 v,
2750 2914 2759 2923 .

1760 2979 1784 3006 ⁰
1819 2970 1939 3026 Quoe
1965 2963 2258 3029 mcipiendu
2279 2955 2457 3019 essent]
2507 2952 2638 3004 Quae
2664 2947 2763 2999 sci·

1694 3048 1823 3099 licet
1846 3042 2098 3110 prodigia.

1760 3131 1787 3166 Ρ
1819 3119 2052 3171 Proximo
2075 3117 2232 3177 legum
2250 3126 2305 3160 ac
2338 3119 2585 3173 poenarnm
2603 3097 2762 3162 metu]

1696 3199 1802 3251 Alii
1845 3198 2028 3248 aliter:
2081 3205 2185 3243 non
2230 3184 2513 3252 rejicienda
2557 3177 2764 3228 Mureti

1695 3276 2018 3339 conjectura,
2051 3267 2294 3334 legentis,
2336 3261 2557 3327 proxime
2588 3258 2763 3319 legent,

1694 3368 1750 3402 ac
1766 3363 2009 3416 poenarum
2029 3350 2203 3395 metum
2218 3359 2235 3391 .·
2259 3356 2290 3391 a
2311 3352 2413 3404 quo
2436 3348 2589 3386 seusu
2612 3331 2764 3380 mini-

1696 3443 1779 3478 me
1796 3424 1996 3494 recedi-t
2004 3423 2232 3483 Tanaqu.
2246 3415 2433 3475 Faber,
2448 3406 2767 3466 rescribens,

1690 3502 1908 3568 proxime
1935 3500 2091 3561 legum
2109 3512 2165 3546 ae
2195 3504 2439 3572 Μαι-ψη
2458 3491 2633 3535 metum
2649 3499 2668 3532 ε
2703 3487 2764 3531 ut

1693 3577 1907 3641 proxime
1928 3575 1996 3642 sit
2018 3568 2337 3640 praepositio,
2357 3572 2516 3629 atque
2539 3561 2625 3610 hie
2644 3572 2761 3606 sen·

1696 3666 1782 3701 sus
1821 3651 1909 3714 sit,
1947 3640 2008 3700 ut
2043 3648 2118 3700 vis
2155 3644 2276 3695 fidei
2316 3647 2372 3690 et
2405 3632 2760 3703 jurisjurandi

1696 3728 1931 3794 proxime
1952 3725 2229 3776 accederet
2250 3718 2314 3770 ad
2343 3713 2626 3765 efficaciam
2652 3708 2760 3759 for-

1696 3803 1904 3855 midinis
1917 3818 1982 3852 ex
1997 3801 2163 3867 poenis
2183 3812 2277 3862 per
2295 3795 2436 3857 leges
2456 3784 2759 3855 propositis.

1697 3880 1798 3931 His
1820 3879 2055 3930 omnibus
2076 3872 2393 3940 significatur
2410 3867 2475 3917 ad
2496 3860 2756 3929 regendos

1697 3960 1841 4008 cives
1882 3953 2185 4007 tantundem
2223 3961 2390 4015 prope
2425 3952 2552 3994 tune
2579 3941 2756 3990 Roma

1697 4033 1918 4084 valuisse
1941 4030 2096 4080 fidem
2119 4034 2174 4077 et
2188 4019 2580 4089 Jusjuraudmn,
2596 4026 2757 4081 quan-

1698 4116 1809 4178 tum
1847 4108 1977 4159 alibi
2012 4107 2155 4169 leges
2190 4108 2246 4151 et
2280 4095 2557 4163 supplicia.
2624 4091 2755 4142 Qua

1696 4181 1901 4254 quidem
1933 4182 2192 4234 sententia
2214 4178 2423 4238 Numae,
2448 4179 2607 4236 atque
2623 4167 2757 4218 adeo

1694 4261 1906 4336 Saturni
1929 4274 2089 4327 regno
2112 4257 2269 4321 digna
2292 4257 2407 4316 est;
2439 4261 2578 4311 eum,
2599 4252 2652 4295 ut
2675 4250 2755 4293 est
