3034 4925
558 371 689 437 1⁰6
1502 389 1597 437 ‘u
1610 390 1701 438 nu
1717 388 1823 438 ιε

556 525 750 605 paniis
791 537 853 599 et
893 525 1094 588 Gallia
1134 525 1364 606 Cisalp.
1411 534 1617 606 gestae.
1706 527 2147 587 Foeneratorurn
2194 527 2353 587 fraus
2399 535 2462 588 et
2514 530 2762 591 avaritia

557 625 866 693 coercitae„

716 805 793 865 U.
826 803 899 865 C.
931 806 1073 865 560.
1156 803 1231 861 A.
1264 803 1336 862 C.
1372 803 1505 862 192.
1590 801 1689 864 Ol.
1719 821 1967 864 cxnvn.
2002 804 2058 865 1.
2131 804 2225 880 (L.
2254 823 2444 867 xxxv.
2481 806 2606 880 10.)

634 919 715 980 L.
748 920 1040 992 Quintius
1067 917 1467 990 Flamininus,
1502 917 1610 978 Cu.
1645 920 1958 980 Domitius
1984 918 2439 981 Ahenobarbus.
2516 920 2757 982 Bellum

550 1019 627 1078 ab
654 1016 972 1089 Antiocho,
1001 1015 1233 1077 Nabide
1260 1025 1322 1074 et
1348 1014 1563 1074 AEtolis
1593 1028 1856 1095 paratur.
1941 1015 2199 1098 Hispani
2229 1025 2290 1077 et
2319 1014 2482 1076 Galli
2512 1017 2759 1080 devicti.

546 1115 906 1176 -Artaxias
939 1132 986 1174 1.

681 1316 757 1377 U.
788 1316 863 1378 C.
893 1317 1038 1375 561.
1121 1316 1196 1375 A.
1229 1313 1302 1374 C.
1339 1314 1476 1373 191.
1563 1312 1662 1374 Ol.
1695 1331 1947 1373 chvu.
1978 1315 2038 1373 2.
2104 1313 2200 1391 (L.
2231 1334 2420 1376 xxxv.
2451 1316 2584 1389 24.)

622 1448 710 1506 P.
744 1446 1053 1507 Cornelius
1076 1445 1275 1526 Scipio
1304 1445 1549 1515 Nasica,
1579 1444 1702 1503 Μ’.
1724 1443 1964 1504 Acilius
1994 1444 2264 1505 Glabrio.
2309 1445 2749 1526 Philopoemen.

540 1543 730 1603 Nabis
781 1546 855 1603 ab
914 1544 1278 1602 Alexameno
1327 1542 1735 1602 fraudulenter
1785 1543 2150 1602 interficitur.
2261 1542 2619 1618 Antiochus,
2674 1545 2743 1605 in

540 1641 829 1702 Graeciam
882 1642 1107 1701 accitus
1154 1644 1228 1701 ab
1258 1641 1493 1711 AEtolis,
1521 1659 1703 1719 opera
1729 1640 2041 1712 Thoantis,
2064 1640 2355 1721 ,principis
2387 1643 2743 1719 AEtolorum,

536 1739 757 1799 multos
802 1739 1050 1799 Graecos
1098 1740 1205 1799 sibi
1248 1740 1548 1812 conciliat,
1595 1738 1984 1820 repudiatque
2034 1738 2391 1800 Hannibalis
2433 1742 2684 1823 consilia
2718 1763 2738 1804 z

534 1838 641 1898 sed
667 1839 858 1898 victus
901 1841 975 1897 ab
1004 1838 1192 1898 Acilio
1235 1838 1312 1897 ad
1339 1838 1768 1918 Thermopylas
1801 1836 2101 1917 Ephesum
2146 1839 2509 1900 transmittit.
2594 1841 2744 1902 Phi-

529 1937 751 2018 lippus,
779 1937 974 1997 socius
1005 1937 1180 1996 Rom.
1210 1937 1655 2017 oppugnatione
1684 1934 1905 1995 Lamiae
1935 1935 2221 1995 absistere
2242 1935 2509 2016 jubetur.
2566 1939 2742 1999 AEto-

527 2035 719 2094 lorum
768 2034 948 2094 animi
993 2034 1364 2114 franguntur.
1452 2035 1602 2108 Boii,
1634 2034 1877 2113 Ligures
1926 2042 1987 2092 et
2029 2033 2284 2114 Hispani
2311 2033 2476 2104 victi.
2560 2035 2634 2095 A.
2658 2036 2741 2098 C.

536 2135 824 2193 191-159.
866 2132 1197 2193 TerentiuS.

646 2335 724 2395 U.
756 2335 829 2395 C.
860 2336 999 2395 562.
1082 2292 1158 2396 A.
1191 2333 1265 2394 C.
1301 2336 1438 2394 190.
1524 2332 1625 2395 Ol.
1659 2352 1912 2426 cxcvn.
1946 2335 2004 2395 3.
2072 2332 2168 2411 (L.
2195 2350 2443 2393 xxxvu.
2476 2330 2561 2408 1.)

602 2467 677 2526 L.
713 2467 1021 2528 Cornelius
1057 2467 1260 2546 Scipio
1303 2467 1634 2539 Asiaticus,
1687 2467 1751 2527 G.
1784 2466 2040 2528 Laelius.
2126 2466 2199 2525 P.
2248 2462 2449 2547 Scipio
2497 2461 2737 2523 Africa-

516 2583 628 2623 nus
658 2562 891 2643 legatus
932 2565 1150 2626 fratriS.
1234 2565 1413 2624 AEtoli
1461 2563 1732 2624 inducias
1789 2584 1949 2643 aegre
1991 2564 2334 2643 impetrant.
2417 2563 2485 2624 L.
2512 2560 2727 2642 Scipio

515 2661 576 2720 in
607 2662 811 2722 Asiam
843 2663 1070 2736 transit,
1092 2672 1154 2723 et
1180 2662 1481 2723 Antiocho
1509 2662 1590 2722 ad
1620 2662 1997 2742 Magnesiam
2027 2661 2184 2723 victo
2214 2662 2319 2722 dat
2340 2680 2572 2741 pacem.

682 2856 757 2915 U.
790 2858 863 2915 C.
896 2859 1033 2916 563.
1076 2857 1152 2916 A.
1178 2857 1250 2917 C.
1286 2859 1423 2917 189.
1487 2856 1585 2916 Ol.
1619 2876 1873 2917 chvu.
1899 2861 1961 2916 4.
2005 2845 2099 2934 (L.
2129 2825 2383 2916 xxxvn.
2409 2858 2542 2931 47.)

602 2969 697 3028 M.
751 2970 998 3031 Fulvius
1052 2971 1294 3031 Servius
1348 2971 1641 3045 Nobilior,
1705 2973 1814 3033 Cn.
1874 2973 2158 3033 Manlius
2213 2971 2419 3040 Vulso.
2506 2970 2727 3031 AEtolis

513 3065 679 3125 triste
707 3087 1057 3147 responsum
1088 3089 1125 3128 a
1154 3079 1385 3141 senatu,
1413 3080 1473 3129 et
1501 3070 1847 3149 perdomitis
1877 3089 1996 3151 pax
2031 3070 2227 3130 datur.
2278 3069 2506 3129 Decem
2533 3067 2723 3148 legati

512 3177 878 3244 componunt
937 3186 1032 3225 res
1081 3167 1263 3227 Asiae.
1347 3167 1417 3229 T.
1466 3167 1745 3236 Quintius
1797 3162 2127 3227 Flaminius
2173 3177 2234 3226 et
2278 3166 2369 3226 M.
2422 3166 2718 3225 Claudius

510 3259 837 3321 Marcellus
860 3282 1161 3324 censoreS.
1245 3263 1664 3343 Gallograecia
1693 3263 1922 3326 Manlio
1952 3263 2195 3334 deyicti.
2283 3262 2718 3324 Lacedaemonii

508 3374 546 3414 a
574 3356 1019 3437 Philopoemene
1044 3360 1120 3420 ad
1165 3379 1365 3420 muros
1399 3361 1749 3437 diruendos,
1795 3360 2166 3423 revocandos
2208 3361 2417 3422 exules
2458 3372 2520 3422 et
2546 3361 2714 3443 leges

506 3453 760 3536 Lycurgi
789 3458 1165 3537 abrogandas
1196 3459 1658 3539 compelluntur.

647 3651 720 3711 υ.
753 3650 826 3712 c,
859 3653 1000 3712 564.
1044 3653 1220 3714 A.-c.
1251 3654 1389 3714 188.
1438 3651 1538 3711 01.
1571 3671 1855 3714 cumn.
1885 3656 1938 3713 1.
2002 3653 2093 3731 (L.
2123 3632 2408 3713 xxxv'm.
2441 3651 2570 3726 35.)

585 3763 683 3824 M.
722 3766 990 3827 Valerius
1032 3767 1340 3840 Messalla,
1397 3768 1460 3828 G.
1477 3768 1711 3829 ‘Livius
1758 3767 2095 3829 Salinator.
2180 3766 2373 3847 Leges
2420 3765 2497 3826 de
2540 3766 2707 3827 novis

499 3861 724 3922 civibus
755 3862 914 3936 latae,
938 3875 1000 3924 et
1027 3863 1399 3925 conditiones
1416 3866 1584 3946 pacis
1606 3887 1745 3928 cum
1772 3865 2072 3928 Antiocho
2102 3864 2301 3926 factae.
2387 3862 2500 3924 Cn.
2529 3863 2705 3924 Man-

497 3957 560 4018 lii
580 3958 929 4037 impeditum
954 3981 1061 4041 per
1087 3962 1401 4024 Thraciam
1431 3964 1563 4026 iter.
2103 3956 2109 3964 ’

660 4138 737 4199 U.
762 4141 832 4198 C.
858 4142 1001 4202 565.
1045 4144 1119 4203 A.
1148 4142 1221 4205 C.
1259 4146 1393 4207 187.
1438 4143 1537 4205 Ol.
1570 4164 1858 4207 chvxu.
1891 4150 1950 4206 2.
1994 4146 2087 4224 (L.
2114 4163 2389 4207 xxxvnr.
2413 4145 2543 4222 42.)

578 4252 676 4313 M.
703 4253 987 4315 AEmilius
1004 4255 1293 4337 Lepidus,
1328 4260 1398 4323 C.
1419 4260 1780 4326 Flaminius.
1828 4261 1944 4325 Cn.
1977 4259 2246 4324 Manlius
2264 4268 2328 4322 et
2343 4260 2432 4323 M.
2454 4255 2695 4320 Fulvius
