<?xml version="1.0" encoding="UTF-8"?>
<!DOCTYPE html PUBLIC "-//W3C//DTD XHTML 1.0 Transitional//EN"
    "http://www.w3.org/TR/xhtml1/DTD/xhtml1-transitional.dtd">
<html xmlns="http://www.w3.org/1999/xhtml" xml:lang="en" lang="en">
 <head>
  <title>
</title>
<meta http-equiv="Content-Type" content="text/html;charset=utf-8" />
  <meta name='ocr-system' content='tesseract 3.04.00' />
  <meta name='ocr-capabilities' content='ocr_page ocr_carea ocr_par ocr_line ocrx_word'/>
</head>
<body>
  <div class='ocr_page' id='page_1' title='image "./tliviipatavinih23unkngoog_0607.png"; bbox 0 0 3034 4925; ppageno 0'>
   <div class='ocr_carea' id='block_1_1' title="bbox 2310 413 2440 481">
    <p class='ocr_par' dir='ltr' id='par_1_1' title="bbox 2310 413 2440 481">
     <span class='ocr_line' id='line_1_1' title="bbox 2310 413 2440 481; baseline 0.015 -2"><span class='ocrx_word' id='word_1_1' title='bbox 2310 413 2440 481; x_wconf 78' lang='lat'><strong>499</strong></span> 
     </span>
    </p>
   </div>
   <div class='ocr_carea' id='block_1_2' title="bbox 198 569 2439 1685">
    <p class='ocr_par' dir='ltr' id='par_1_2' title="bbox 198 569 2439 1685">
     <span class='ocr_line' id='line_1_2' title="bbox 203 569 2437 662; baseline 0.002 -20"><span class='ocrx_word' id='word_1_2' title='bbox 203 575 596 645; x_wconf 63' lang='lat' dir='ltr'><strong>Veientesh</strong></span> <span class='ocrx_word' id='word_1_3' title='bbox 624 577 973 662; x_wconf 58' lang='lat' dir='ltr'><strong>prouincia</strong></span> <span class='ocrx_word' id='word_1_4' title='bbox 1014 579 1257 646; x_wconf 86' lang='lat' dir='ltr'><strong>evenit.</strong></span> <span class='ocrx_word' id='word_1_5' title='bbox 1349 578 1508 644; x_wconf 89' lang='lat' dir='ltr'><strong>Non</strong></span> <span class='ocrx_word' id='word_1_6' title='bbox 1548 585 1771 646; x_wconf 85' lang='lat' dir='ltr'><strong>tamen</strong></span> <span class='ocrx_word' id='word_1_7' title='bbox 1801 569 2141 646; x_wconf 84' lang='lat' dir='ltr'><strong>bellatum.</strong></span> <span class='ocrx_word' id='word_1_8' title='bbox 2235 580 2437 647; x_wconf 81' lang='lat' dir='ltr'><strong>Indu-</strong></span> 
     </span>
     <span class='ocr_line' id='line_1_3' title="bbox 204 679 2439 767; baseline -0.001 -18"><span class='ocrx_word' id='word_1_9' title='bbox 204 679 349 749; x_wconf 56' lang='grc' dir='ltr'><strong>οἰῶ</strong></span> <span class='ocrx_word' id='word_1_10' title='bbox 384 680 454 744; x_wconf 91' lang='lat' dir='ltr'><strong>in</strong></span> <span class='ocrx_word' id='word_1_11' title='bbox 484 700 697 745; x_wconf 84' lang='lat' dir='ltr'><strong>annos</strong></span> <span class='ocrx_word' id='word_1_12' title='bbox 728 682 1174 767; x_wconf 81' lang='lat' dir='ltr'><strong>quadraginta</strong></span> <span class='ocrx_word' id='word_1_13' title='bbox 1198 683 1582 767; x_wconf 87' lang='lat' dir='ltr'><strong>petentibus</strong></span> <span class='ocrx_word' id='word_1_14' title='bbox 1605 682 1809 760; x_wconf 79' lang='lat' dir='ltr'><strong>datae,</strong></span> <span class='ocrx_word' id='word_1_15' title='bbox 1833 681 2161 748; x_wconf 82' lang='lat' dir='ltr'><strong>frumento</strong></span> <span class='ocrx_word' id='word_1_16' title='bbox 2186 684 2439 766; x_wconf 69' lang='lat' dir='ltr'><strong>stipem</strong></span> 
     </span>
     <span class='ocr_line' id='line_1_4' title="bbox 201 782 2433 868; baseline 0.003 -20"><span class='ocrx_word' id='word_1_17' title='bbox 201 782 471 868; x_wconf 90' lang='lat' dir='ltr'><strong>dioque</strong></span> <span class='ocrx_word' id='word_1_18' title='bbox 498 784 850 867; x_wconf 85' lang='lat' dir='ltr'><strong>imperato.</strong></span> <span class='ocrx_word' id='word_1_19' title='bbox 933 784 1104 852; x_wconf 82' lang='lat' dir='ltr'><strong>Paci</strong></span> <span class='ocrx_word' id='word_1_20' title='bbox 1134 792 1432 852; x_wconf 83' lang='lat' dir='ltr'><strong>externae</strong></span> <span class='ocrx_word' id='word_1_21' title='bbox 1462 785 1820 851; x_wconf 79' lang='lat' dir='ltr'><strong>confestim</strong></span> <span class='ocrx_word' id='word_1_22' title='bbox 1850 786 2272 851; x_wconf 81' lang='lat' dir='ltr'>continuatur</span> <span class='ocrx_word' id='word_1_23' title='bbox 2302 786 2433 856; x_wconf 59' lang='grc' dir='ltr'><strong>ᾶίεη</strong></span> 
     </span>
     <span class='ocr_line' id='line_1_5' title="bbox 201 884 2434 972; baseline 0.001 -22"><span class='ocrx_word' id='word_1_24' title='bbox 201 885 459 950; x_wconf 79' lang='lat' dir='ltr'><strong>cordia</strong></span> <span class='ocrx_word' id='word_1_25' title='bbox 502 885 711 950; x_wconf 92' lang='lat' dir='ltr'><strong>domi.</strong></span> <span class='ocrx_word' id='word_1_26' title='bbox 798 884 1105 970; x_wconf 80' lang='lat' dir='ltr'><strong>Agrariae</strong></span> <span class='ocrx_word' id='word_1_27' title='bbox 1149 888 1320 972; x_wconf 83' lang='lat' dir='ltr'><strong>legis</strong></span> <span class='ocrx_word' id='word_1_28' title='bbox 1366 887 1744 954; x_wconf 82' lang='lat' dir='ltr'><strong>tribuniciis</strong></span> <span class='ocrx_word' id='word_1_29' title='bbox 1782 887 2068 954; x_wconf 86' lang='lat' dir='ltr'><strong>stimulis</strong></span> <span class='ocrx_word' id='word_1_30' title='bbox 2107 889 2299 972; x_wconf 81' lang='lat' dir='ltr'><strong>plebs</strong></span> <span class='ocrx_word' id='word_1_31' title='bbox 2330 888 2434 953; x_wconf 81' lang='lat' dir='ltr'><strong>su·</strong></span> 
     </span>
     <span class='ocr_line' id='line_1_6' title="bbox 201 986 2431 1074; baseline 0.002 -23"><span class='ocrx_word' id='word_1_32' title='bbox 201 987 438 1053; x_wconf 77' lang='lat' dir='ltr'><strong>rebat.</strong></span> <span class='ocrx_word' id='word_1_33' title='bbox 531 986 890 1067; x_wconf 81' lang='lat' dir='ltr'>Consules,</span> <span class='ocrx_word' id='word_1_34' title='bbox 921 989 1086 1055; x_wconf 89' lang='lat' dir='ltr'><strong>nihil</strong></span> <span class='ocrx_word' id='word_1_35' title='bbox 1131 988 1432 1056; x_wconf 87' lang='lat' dir='ltr'><strong>Meneuii</strong></span> <span class='ocrx_word' id='word_1_36' title='bbox 1464 987 1909 1069; x_wconf 80' lang='lat' dir='ltr'><strong>damnatione,</strong></span> <span class='ocrx_word' id='word_1_37' title='bbox 1937 987 2104 1053; x_wconf 88' lang='lat' dir='ltr'><strong>nihil</strong></span> <span class='ocrx_word' id='word_1_38' title='bbox 2134 988 2431 1074; x_wconf 87' lang='lat' dir='ltr'><strong>periculo</strong></span> 
     </span>
     <span class='ocr_line' id='line_1_7' title="bbox 202 1088 2433 1173; baseline 0.001 -20"><span class='ocrx_word' id='word_1_39' title='bbox 202 1088 521 1154; x_wconf 87' lang='lat' dir='ltr'><strong>deterriti</strong></span> <span class='ocrx_word' id='word_1_40' title='bbox 571 1088 869 1170; x_wconf 87' lang='lat' dir='ltr'><strong>Servilii,</strong></span> <span class='ocrx_word' id='word_1_41' title='bbox 909 1112 1170 1158; x_wconf 83' lang='lat' dir='ltr'><strong>summa</strong></span> <span class='ocrx_word' id='word_1_42' title='bbox 1221 1094 1292 1159; x_wconf 87' lang='lat' dir='ltr'><strong>vi</strong></span> <span class='ocrx_word' id='word_1_43' title='bbox 1341 1093 1680 1158; x_wconf 92' lang='lat' dir='ltr'><strong>resistunt.</strong></span> <span class='ocrx_word' id='word_1_44' title='bbox 1782 1091 2135 1157; x_wconf 82' lang='lat' dir='ltr'><strong>Abeuntes</strong></span> <span class='ocrx_word' id='word_1_45' title='bbox 2186 1092 2433 1173; x_wconf 82' lang='lat' dir='ltr'><strong>magis-</strong></span> 
     </span>
     <span class='ocr_line' id='line_1_8' title="bbox 201 1190 2428 1281; baseline 0 -24"><span class='ocrx_word' id='word_1_46' title='bbox 201 1198 395 1257; x_wconf 81' lang='lat' dir='ltr'><strong>tratu</strong></span> <span class='ocrx_word' id='word_1_47' title='bbox 438 1190 565 1258; x_wconf 87' lang='lat' dir='ltr'><strong>Cn.</strong></span> <span class='ocrx_word' id='word_1_48' title='bbox 605 1191 1006 1260; x_wconf 84' lang='lat' dir='ltr'><strong>Genucius⁷</strong></span> <span class='ocrx_word' id='word_1_49' title='bbox 1054 1196 1354 1260; x_wconf 91' lang='lat' dir='ltr'><strong>tribunus</strong></span> <span class='ocrx_word' id='word_1_50' title='bbox 1400 1194 1621 1280; x_wconf 90' lang='lat' dir='ltr'><strong>plebis</strong></span> <span class='ocrx_word' id='word_1_51' title='bbox 1665 1196 1992 1281; x_wconf 66' lang='lat' dir='ltr'><strong>arripuit!</strong></span> <span class='ocrx_word' id='word_1_52' title='bbox 2093 1193 2174 1261; x_wconf 89' lang='lat' dir='ltr'><strong>L.</strong></span> <span class='ocrx_word' id='word_1_53' title='bbox 2217 1194 2428 1259; x_wconf 89' lang='lat' dir='ltr'><strong>AEmi-</strong></span> 
     </span>
     <span class='ocr_line' id='line_1_9' title="bbox 199 1291 2427 1382; baseline 0.002 -24"><span class='ocrx_word' id='word_1_54' title='bbox 199 1291 385 1359; x_wconf 80' lang='lat' dir='ltr'><strong>lius¹</strong></span> <span class='ocrx_word' id='word_1_55' title='bbox 432 1299 500 1359; x_wconf 87' lang='lat' dir='ltr'><strong>et</strong></span> <span class='ocrx_word' id='word_1_56' title='bbox 553 1293 796 1380; x_wconf 83' lang='lat' dir='ltr'><strong>Opiter</strong></span> <span class='ocrx_word' id='word_1_57' title='bbox 847 1295 1190 1382; x_wconf 81' lang='lat' dir='ltr'><strong>Virginius</strong></span> <span class='ocrx_word' id='word_1_58' title='bbox 1242 1301 1667 1365; x_wconf 83' lang='lat' dir='ltr'><strong>consulatum</strong></span> <span class='ocrx_word' id='word_1_59' title='bbox 1715 1297 1962 1364; x_wconf 89' lang='lat' dir='ltr'><strong>ineunt.</strong></span> <span class='ocrx_word' id='word_1_60' title='bbox 2052 1296 2427 1381; x_wconf 87' lang='lat' dir='ltr'><strong>Vopiscum</strong></span> 
     </span>
     <span class='ocr_line' id='line_1_10' title="bbox 199 1395 2428 1487; baseline 0.002 -26"><span class='ocrx_word' id='word_1_61' title='bbox 199 1395 254 1461; x_wconf 78' lang='lat' dir='ltr'><strong>J</strong></span> <span class='ocrx_word' id='word_1_62' title='bbox 257 1397 479 1462; x_wconf 87' lang='lat' dir='ltr'><strong>ulium</strong></span> <span class='ocrx_word' id='word_1_63' title='bbox 521 1417 646 1481; x_wconf 89' lang='lat' dir='ltr'><strong>pro</strong></span> <span class='ocrx_word' id='word_1_64' title='bbox 694 1397 1002 1484; x_wconf 86' lang='lat' dir='ltr'><strong>Virginio</strong></span> <span class='ocrx_word' id='word_1_65' title='bbox 1047 1402 1118 1467; x_wconf 88' lang='lat' dir='ltr'><strong>in</strong></span> <span class='ocrx_word' id='word_1_66' title='bbox 1163 1400 1572 1487; x_wconf 81' lang='lat' dir='ltr'><strong>quibusdam</strong></span> <span class='ocrx_word' id='word_1_67' title='bbox 1623 1400 2028 1467; x_wconf 80' lang='lat' dir='ltr'><strong>annalibus⁸</strong></span> <span class='ocrx_word' id='word_1_68' title='bbox 2075 1400 2428 1466; x_wconf 88' lang='lat' dir='ltr'><strong>consulem</strong></span> 
     </span>
     <span class='ocr_line' id='line_1_11' title="bbox 198 1498 2427 1590; baseline 0 -24"><span class='ocrx_word' id='word_1_69' title='bbox 198 1498 507 1566; x_wconf 77' lang='lat' dir='ltr'><strong>invenio.</strong></span> <span class='ocrx_word' id='word_1_70' title='bbox 599 1500 759 1566; x_wconf 90' lang='lat' dir='ltr'><strong>Hoc</strong></span> <span class='ocrx_word' id='word_1_71' title='bbox 802 1522 977 1569; x_wconf 86' lang='lat' dir='ltr'><strong>anno</strong></span> <span class='ocrx_word' id='word_1_72' title='bbox 1007 1501 1507 1590; x_wconf 87' lang='lat' dir='ltr'><strong>(quoscumque</strong></span> <span class='ocrx_word' id='word_1_73' title='bbox 1554 1504 1866 1571; x_wconf 87' lang='lat' dir='ltr'><strong>consules</strong></span> <span class='ocrx_word' id='word_1_74' title='bbox 1897 1499 2167 1570; x_wconf 64' lang='lat' dir='ltr'><strong>habuit)</strong></span> <span class='ocrx_word' id='word_1_75' title='bbox 2195 1501 2292 1567; x_wconf 86' lang='lat' dir='ltr'><strong>rei</strong></span> <span class='ocrx_word' id='word_1_76' title='bbox 2336 1499 2427 1567; x_wconf 82' lang='lat' dir='ltr'><strong>ad</strong></span> 
     </span>
     <span class='ocr_line' id='line_1_12' title="bbox 201 1599 2425 1685; baseline 0 -18"><span class='ocrx_word' id='word_1_77' title='bbox 201 1599 540 1685; x_wconf 89' lang='lat' dir='ltr'><strong>populum</strong></span> <span class='ocrx_word' id='word_1_78' title='bbox 588 1602 833 1671; x_wconf 84' lang='lat' dir='ltr'><strong>Furius</strong></span> <span class='ocrx_word' id='word_1_79' title='bbox 884 1611 950 1671; x_wconf 87' lang='lat' dir='ltr'><strong>et</strong></span> <span class='ocrx_word' id='word_1_80' title='bbox 1003 1603 1347 1673; x_wconf 53' lang='lat' dir='ltr'><strong>Manlius*</strong></span> <span class='ocrx_word' id='word_1_81' title='bbox 1398 1608 1820 1679; x_wconf 88' lang='lat' dir='ltr'><strong>circumeunt</strong></span> <span class='ocrx_word' id='word_1_82' title='bbox 1875 1603 2241 1675; x_wconf 82' lang='lat' dir='ltr'><strong>sordidati¹</strong></span> <span class='ocrx_word' id='word_1_83' title='bbox 2293 1622 2425 1668; x_wconf 90' lang='lat' dir='ltr'><strong>non</strong></span> 
     </span>
    </p>
   </div>
   <div class='ocr_carea' id='block_1_3' title="bbox 1016 410 1664 474">
    <p class='ocr_par' dir='ltr' id='par_1_3' title="bbox 1016 410 1664 474">
     <span class='ocr_line' id='line_1_13' title="bbox 1016 410 1664 474; baseline -0.006 -1"><span class='ocrx_word' id='word_1_84' title='bbox 1016 425 1165 474; x_wconf 77' lang='lat' dir='ltr'><strong>mn.</strong></span> <span class='ocrx_word' id='word_1_85' title='bbox 1191 414 1299 473; x_wconf 78' lang='lat' dir='ltr'><strong>u.</strong></span> <span class='ocrx_word' id='word_1_86' title='bbox 1347 425 1508 474; x_wconf 66' lang='lat' dir='ltr'><strong>oar.</strong></span> <span class='ocrx_word' id='word_1_87' title='bbox 1554 410 1664 474; x_wconf 81' lang='lat'><strong>54.</strong></span> 
     </span>
    </p>
   </div>
   <div class='ocr_carea' id='block_1_4' title="bbox 272 1784 1513 1852">
    <p class='ocr_par' dir='ltr' id='par_1_4' title="bbox 272 1784 1513 1852">
     <span class='ocr_line' id='line_1_14' title="bbox 272 1784 1513 1852; baseline 0.005 -17"><span class='ocrx_word' id='word_1_88' title='bbox 272 1792 301 1826; x_wconf 67' lang='lat' dir='ltr'><em>v</em></span> <span class='ocrx_word' id='word_1_89' title='bbox 336 1784 578 1837; x_wconf 66' lang='lat' dir='ltr'><strong>munus</strong></span> <span class='ocrx_word' id='word_1_90' title='bbox 594 1787 745 1852; x_wconf 75' lang='lat' dir='ltr'><strong>plebis</strong></span> <span class='ocrx_word' id='word_1_91' title='bbox 769 1788 1010 1840; x_wconf 71' lang='lat' dir='ltr'><strong>Genucius</strong></span> <span class='ocrx_word' id='word_1_92' title='bbox 1029 1791 1269 1842; x_wconf 74' lang='lat' dir='ltr'><strong>accusavit</strong></span> <span class='ocrx_word' id='word_1_93' title='bbox 1288 1793 1513 1843; x_wconf 77' lang='lat' dir='ltr'><strong>consules.</strong></span> 
     </span>
    </p>
   </div>
   <div class='ocr_carea' id='block_1_5' title="bbox 1138 1951 1502 1975">
    <p class='ocr_par' dir='ltr' id='par_1_5' title="bbox 1138 1951 1502 1975">
     <span class='ocr_line' id='line_1_15' title="bbox 1138 1951 1502 1975; baseline 0.011 -3"><span class='ocrx_word' id='word_1_94' title='bbox 1138 1951 1502 1975; x_wconf 53' lang='lat' dir='ltr'><strong>eeoessemef</strong></span> 
     </span>
    </p>
   </div>
   <div class='ocr_carea' id='block_1_6' title="bbox 198 2058 2421 2217">
    <p class='ocr_par' dir='ltr' id='par_1_6' title="bbox 198 2058 2421 2217">
     <span class='ocr_line' id='line_1_16' title="bbox 198 2058 2421 2129; baseline 0.002 -21"><span class='ocrx_word' id='word_1_95' title='bbox 198 2060 233 2107; x_wconf 82' lang='grc'><strong>7</strong></span> <span class='ocrx_word' id='word_1_96' title='bbox 270 2058 515 2111; x_wconf 72' lang='lat' dir='ltr'><strong>Abeuntes</strong></span> <span class='ocrx_word' id='word_1_97' title='bbox 546 2064 834 2129; x_wconf 77' lang='lat' dir='ltr'><strong>magistratu</strong></span> <span class='ocrx_word' id='word_1_98' title='bbox 870 2068 1084 2116; x_wconf 81' lang='lat' dir='ltr'><strong>consules</strong></span> <span class='ocrx_word' id='word_1_99' title='bbox 1121 2068 1367 2118; x_wconf 72' lang='lat' dir='ltr'><strong>Genucius</strong></span> <span class='ocrx_word' id='word_1_100' title='bbox 1400 2067 1539 2117; x_wconf 81' lang='lat' dir='ltr'><strong>Edd.</strong></span> <span class='ocrx_word' id='word_1_101' title='bbox 1578 2073 1700 2117; x_wconf 88' lang='lat' dir='ltr'><strong>ante</strong></span> <span class='ocrx_word' id='word_1_102' title='bbox 1729 2066 1958 2117; x_wconf 78' lang='lat' dir='ltr'><strong>Crevier.</strong></span> <span class='ocrx_word' id='word_1_103' title='bbox 1979 2071 2034 2115; x_wconf 87' lang='lat' dir='ltr'><strong>et</strong></span> <span class='ocrx_word' id='word_1_104' title='bbox 2056 2064 2160 2114; x_wconf 86' lang='lat' dir='ltr'><strong>Ms.</strong></span> <span class='ocrx_word' id='word_1_105' title='bbox 2182 2063 2421 2113; x_wconf 64' lang='lat' dir='ltr'><strong>Veian—</strong></span> 
     </span>
     <span class='ocr_line' id='line_1_17' title="bbox 200 2125 2421 2217; baseline 0 -39"><span class='ocrx_word' id='word_1_106' title='bbox 200 2128 234 2173; x_wconf 85' lang='lat'>8</span> <span class='ocrx_word' id='word_1_107' title='bbox 272 2125 336 2175; x_wconf 71' lang='lat' dir='ltr'><strong>In</strong></span> <span class='ocrx_word' id='word_1_108' title='bbox 357 2128 633 2191; x_wconf 66' lang='lat' dir='ltr'><strong>quibusdam</strong></span> <span class='ocrx_word' id='word_1_109' title='bbox 663 2145 749 2194; x_wconf 74' lang='lat' dir='ltr'><strong>pro</strong></span> <span class='ocrx_word' id='word_1_110' title='bbox 798 2133 851 2180; x_wconf 67' lang='grc' dir='ltr'><strong>Υ.</strong></span> <span class='ocrx_word' id='word_1_111' title='bbox 885 2147 933 2183; x_wconf 78' lang='lat' dir='ltr'><strong>a.</strong></span> <span class='ocrx_word' id='word_1_112' title='bbox 969 2132 1202 2185; x_wconf 82' lang='lat' dir='ltr'><strong>Gronov.</strong></span> <span class='ocrx_word' id='word_1_113' title='bbox 1239 2133 1454 2197; x_wconf 80' lang='lat' dir='ltr'><strong>Doujat.</strong></span> <span class='ocrx_word' id='word_1_114' title='bbox 1491 2132 1980 2217; x_wconf 39' lang='lat' dir='ltr'><strong>Crevier.-9&#39;Vet.</strong></span> <span class='ocrx_word' id='word_1_115' title='bbox 2015 2130 2103 2180; x_wconf 83' lang='lat' dir='ltr'><strong>lib.</strong></span> <span class='ocrx_word' id='word_1_116' title='bbox 2136 2145 2221 2195; x_wconf 88' lang='lat' dir='ltr'><strong>ap.</strong></span> <span class='ocrx_word' id='word_1_117' title='bbox 2245 2131 2421 2194; x_wconf 79' lang='lat' dir='ltr'><strong>Sigon.</strong></span> 
     </span>
    </p>
   </div>
   <div class='ocr_carea' id='block_1_7' title="bbox 1204 2296 1429 2348">
    <p class='ocr_par' dir='ltr' id='par_1_7' title="bbox 1204 2296 1429 2348">
     <span class='ocr_line' id='line_1_18' title="bbox 1204 2296 1429 2348; baseline 0.004 -1"><span class='ocrx_word' id='word_1_118' title='bbox 1204 2296 1429 2348; x_wconf 83' lang='lat' dir='ltr'><strong>No&#39;rAE</strong></span> 
     </span>
    </p>
   </div>
   <div class='ocr_carea' id='block_1_8' title="bbox 201 2382 2421 2613">
    <p class='ocr_par' dir='ltr' id='par_1_8' title="bbox 201 2382 2421 2613">
     <span class='ocr_line' id='line_1_19' title="bbox 270 2382 2420 2459; baseline 0.001 -24"><span class='ocrx_word' id='word_1_119' title='bbox 270 2382 296 2418; x_wconf 80' lang='lat'><strong>¹¹</strong></span> <span class='ocrx_word' id='word_1_120' title='bbox 331 2385 518 2436; x_wconf 76' lang='lat' dir='ltr'><strong>Manlio</strong></span> <span class='ocrx_word' id='word_1_121' title='bbox 547 2387 788 2455; x_wconf 72' lang='lat' dir='ltr'><strong>Veientes]</strong></span> <span class='ocrx_word' id='word_1_122' title='bbox 824 2390 952 2443; x_wconf 89' lang='lat' dir='ltr'><strong>Cum</strong></span> <span class='ocrx_word' id='word_1_123' title='bbox 975 2393 1117 2444; x_wconf 89' lang='lat' dir='ltr'><strong>nulla</strong></span> <span class='ocrx_word' id='word_1_124' title='bbox 1139 2409 1169 2444; x_wconf 86' lang='lat' dir='ltr'><strong>a</strong></span> <span class='ocrx_word' id='word_1_125' title='bbox 1191 2409 1272 2445; x_wconf 89' lang='lat' dir='ltr'><strong>re·</strong></span> <span class='ocrx_word' id='word_1_126' title='bbox 1350 2394 1647 2459; x_wconf 81' lang='lat' dir='ltr'><strong>adjungitur</strong></span> <span class='ocrx_word' id='word_1_127' title='bbox 1685 2409 1715 2444; x_wconf 86' lang='lat' dir='ltr'><strong>a</strong></span> <span class='ocrx_word' id='word_1_128' title='bbox 1744 2391 1891 2443; x_wconf 84' lang='lat' dir='ltr'><strong>Livio</strong></span> <span class='ocrx_word' id='word_1_129' title='bbox 1915 2391 2111 2454; x_wconf 88' lang='lat' dir='ltr'><strong>Opiter</strong></span> <span class='ocrx_word' id='word_1_130' title='bbox 2132 2390 2420 2453; x_wconf 82' lang='lat' dir='ltr'><strong>Virginius,</strong></span> 
     </span>
     <span class='ocr_line' id='line_1_20' title="bbox 204 2459 2421 2537; baseline 0.002 -26"><span class='ocrx_word' id='word_1_131' title='bbox 204 2459 368 2525; x_wconf 76' lang='lat' dir='ltr'><strong>liquis</strong></span> <span class='ocrx_word' id='word_1_132' title='bbox 406 2465 632 2516; x_wconf 76' lang='lat' dir='ltr'><strong>Etruriae</strong></span> <span class='ocrx_word' id='word_1_133' title='bbox 674 2469 898 2532; x_wconf 84' lang='lat' dir='ltr'><strong>populis,</strong></span> <span class='ocrx_word' id='word_1_134' title='bbox 928 2479 1017 2520; x_wconf 86' lang='lat' dir='ltr'><strong>aut</strong></span> <span class='ocrx_word' id='word_1_135' title='bbox 1059 2486 1090 2521; x_wconf 88' lang='lat' dir='ltr'><strong>a</strong></span> <span class='ocrx_word' id='word_1_136' title='bbox 1125 2472 1273 2522; x_wconf 84' lang='lat' dir='ltr'><strong>novis</strong></span> <span class='ocrx_word' id='word_1_137' title='bbox 1347 2486 1442 2537; x_wconf 86' lang='lat' dir='ltr'><strong>pro</strong></span> <span class='ocrx_word' id='word_1_138' title='bbox 1463 2486 1565 2536; x_wconf 86' lang='lat' dir='ltr'><strong>quo</strong></span> <span class='ocrx_word' id='word_1_139' title='bbox 1588 2471 1662 2521; x_wconf 87' lang='lat' dir='ltr'><strong>ait</strong></span> <span class='ocrx_word' id='word_1_140' title='bbox 1681 2486 1795 2521; x_wconf 86' lang='lat' dir='ltr'><strong>esse</strong></span> <span class='ocrx_word' id='word_1_141' title='bbox 1817 2469 1871 2522; x_wconf 91' lang='lat' dir='ltr'><strong>in</strong></span> <span class='ocrx_word' id='word_1_142' title='bbox 1894 2467 2202 2535; x_wconf 80' lang='lat' dir='ltr'><strong>quibusdam</strong></span> <span class='ocrx_word' id='word_1_143' title='bbox 2226 2467 2421 2516; x_wconf 78' lang='lat' dir='ltr'><strong>annali-</strong></span> 
     </span>
     <span class='ocr_line' id='line_1_21' title="bbox 201 2539 2417 2613; baseline 0.01 -26"><span class='ocrx_word' id='word_1_144' title='bbox 201 2539 359 2588; x_wconf 83' lang='lat' dir='ltr'><strong>sociis</strong></span> <span class='ocrx_word' id='word_1_145' title='bbox 381 2540 600 2600; x_wconf 85' lang='lat' dir='ltr'><strong>Sabinis,</strong></span> <span class='ocrx_word' id='word_1_146' title='bbox 622 2545 817 2595; x_wconf 82' lang='lat' dir='ltr'><strong>auxilia</strong></span> <span class='ocrx_word' id='word_1_147' title='bbox 834 2546 1087 2599; x_wconf 80' lang='lat' dir='ltr'><strong>Veientes</strong></span> <span class='ocrx_word' id='word_1_148' title='bbox 1109 2550 1272 2613; x_wconf 87' lang='lat' dir='ltr'><strong>impe·</strong></span> <span class='ocrx_word' id='word_1_149' title='bbox 1349 2548 1442 2597; x_wconf 88' lang='lat' dir='ltr'><strong>bus</strong></span> <span class='ocrx_word' id='word_1_150' title='bbox 1484 2548 1775 2612; x_wconf 77' lang='lat' dir='ltr'><strong>Vopiscum</strong></span> <span class='ocrx_word' id='word_1_151' title='bbox 1806 2545 2034 2610; x_wconf 72' lang='lat' dir='ltr'><strong>Julium3</strong></span> <span class='ocrx_word' id='word_1_152' title='bbox 2068 2543 2209 2610; x_wconf 82' lang='lat' dir='ltr'><strong>qued</strong></span> <span class='ocrx_word' id='word_1_153' title='bbox 2245 2549 2417 2607; x_wconf 63' lang='lat' dir='ltr'><strong>P‘me‘</strong></span> 
     </span>
    </p>
   </div>
   <div class='ocr_carea' id='block_1_9' title="bbox 191 2617 1274 3608">
    <p class='ocr_par' dir='ltr' id='par_1_9' title="bbox 191 2617 1274 3050">
     <span class='ocr_line' id='line_1_22' title="bbox 203 2617 1274 2689; baseline 0.012 -26"><span class='ocrx_word' id='word_1_154' title='bbox 203 2620 412 2668; x_wconf 85' lang='lat' dir='ltr'><strong>trarent</strong></span> <span class='ocrx_word' id='word_1_155' title='bbox 431 2617 681 2670; x_wconf 83' lang='lat' dir='ltr'><strong>adversus</strong></span> <span class='ocrx_word' id='word_1_156' title='bbox 698 2622 971 2687; x_wconf 81' lang='lat' dir='ltr'><strong>Manlium,</strong></span> <span class='ocrx_word' id='word_1_157' title='bbox 988 2626 1077 2689; x_wconf 89' lang='lat' dir='ltr'><strong>qui</strong></span> <span class='ocrx_word' id='word_1_158' title='bbox 1101 2633 1274 2676; x_wconf 79' lang='lat' dir='ltr'><strong>eastra</strong></span> 
     </span>
     <span class='ocr_line' id='line_1_23' title="bbox 191 2690 1273 2763; baseline 0.014 -25"><span class='ocrx_word' id='word_1_159' title='bbox 191 2690 359 2753; x_wconf 80' lang='lat' dir='ltr'><strong>juxta</strong></span> <span class='ocrx_word' id='word_1_160' title='bbox 383 2692 537 2743; x_wconf 84' lang='lat' dir='ltr'><strong>Veios</strong></span> <span class='ocrx_word' id='word_1_161' title='bbox 563 2705 837 2759; x_wconf 81' lang='lat' dir='ltr'><strong>posuerat3</strong></span> <span class='ocrx_word' id='word_1_162' title='bbox 872 2714 1055 2763; x_wconf 80' lang='lat' dir='ltr'><strong>pacem</strong></span> <span class='ocrx_word' id='word_1_163' title='bbox 1092 2701 1158 2751; x_wconf 90' lang='lat' dir='ltr'><strong>ab</strong></span> <span class='ocrx_word' id='word_1_164' title='bbox 1191 2717 1273 2762; x_wconf 89' lang='lat' dir='ltr'><strong>eo,</strong></span> 
     </span>
     <span class='ocr_line' id='line_1_24' title="bbox 199 2767 1272 2840; baseline 0.012 -24"><span class='ocrx_word' id='word_1_165' title='bbox 199 2767 450 2818; x_wconf 78' lang='lat' dir='ltr'><strong>absumtis</strong></span> <span class='ocrx_word' id='word_1_166' title='bbox 470 2774 863 2836; x_wconf 73' lang='lat' dir='ltr'><strong>commeatibus,</strong></span> <span class='ocrx_word' id='word_1_167' title='bbox 877 2777 1147 2840; x_wconf 86' lang='lat' dir='ltr'><strong>petierunt</strong></span> <span class='ocrx_word' id='word_1_168' title='bbox 1162 2794 1178 2840; x_wconf 72' lang='grc' dir='ltr'><strong>ς</strong></span> <span class='ocrx_word' id='word_1_169' title='bbox 1194 2787 1272 2828; x_wconf 87' lang='lat' dir='ltr'><strong>at-</strong></span> 
     </span>
     <span class='ocr_line' id='line_1_25' title="bbox 202 2848 1272 2913; baseline 0.009 -19"><span class='ocrx_word' id='word_1_170' title='bbox 202 2860 306 2909; x_wconf 82' lang='lat' dir='ltr'><strong>que</strong></span> <span class='ocrx_word' id='word_1_171' title='bbox 331 2861 359 2894; x_wconf 91' lang='lat' dir='ltr'><strong>a</strong></span> <span class='ocrx_word' id='word_1_172' title='bbox 382 2848 576 2899; x_wconf 86' lang='lat' dir='ltr'><strong>Senatu</strong></span> <span class='ocrx_word' id='word_1_173' title='bbox 612 2849 869 2913; x_wconf 80' lang='lat' dir='ltr'><strong>longiores</strong></span> <span class='ocrx_word' id='word_1_174' title='bbox 908 2852 1144 2904; x_wconf 81' lang='lat' dir='ltr'><strong>inducias</strong></span> <span class='ocrx_word' id='word_1_175' title='bbox 1177 2857 1272 2906; x_wconf 86' lang='lat' dir='ltr'><strong>im·</strong></span> 
     </span>
     <span class='ocr_line' id='line_1_26' title="bbox 201 2924 1271 2986; baseline 0.012 -17"><span class='ocrx_word' id='word_1_176' title='bbox 201 2929 490 2986; x_wconf 70' lang='lat' dir='ltr'><strong>petrarunt.</strong></span> <span class='ocrx_word' id='word_1_177' title='bbox 557 2924 788 2976; x_wconf 87' lang='lat' dir='ltr'><strong>Manlius</strong></span> <span class='ocrx_word' id='word_1_178' title='bbox 811 2942 970 2980; x_wconf 85' lang='lat' dir='ltr'><strong>ovans</strong></span> <span class='ocrx_word' id='word_1_179' title='bbox 995 2930 1046 2979; x_wconf 90' lang='lat' dir='ltr'><strong>in</strong></span> <span class='ocrx_word' id='word_1_180' title='bbox 1070 2931 1271 2982; x_wconf 83' lang='lat' dir='ltr'><strong>Urbem</strong></span> 
     </span>
     <span class='ocr_line' id='line_1_27' title="bbox 205 2999 1224 3050; baseline 0.003 -3"><span class='ocrx_word' id='word_1_181' title='bbox 205 2999 386 3049; x_wconf 83' lang='lat' dir='ltr'><strong>rediit.</strong></span> <span class='ocrx_word' id='word_1_182' title='bbox 1219 3045 1224 3050; x_wconf 90' lang='lat'><strong>.</strong></span> 
     </span>
    </p>

    <p class='ocr_par' dir='ltr' id='par_1_10' title="bbox 195 3076 1268 3608">
     <span class='ocr_line' id='line_1_28' title="bbox 269 3076 1268 3152; baseline 0.009 -27"><span class='ocrx_word' id='word_1_183' title='bbox 269 3076 285 3108; x_wconf 83' lang='lat'>¹</span> <span class='ocrx_word' id='word_1_184' title='bbox 313 3076 372 3126; x_wconf 59' lang='grc' dir='ltr'><strong>Ι..</strong></span> <span class='ocrx_word' id='word_1_185' title='bbox 395 3077 645 3152; x_wconf 60' lang='grc' dir='ltr'><strong>Δᾆῖηηῖἰιιε]</strong></span> <span class='ocrx_word' id='word_1_186' title='bbox 677 3078 819 3130; x_wconf 82' lang='lat' dir='ltr'><strong>Alias</strong></span> <span class='ocrx_word' id='word_1_187' title='bbox 836 3083 892 3131; x_wconf 88' lang='lat' dir='ltr'><strong>T.</strong></span> <span class='ocrx_word' id='word_1_188' title='bbox 911 3082 1157 3146; x_wconf 78' lang='lat' dir='ltr'><strong>AEmilius,</strong></span> <span class='ocrx_word' id='word_1_189' title='bbox 1174 3099 1268 3150; x_wconf 87' lang='lat' dir='ltr'><strong>pro</strong></span> 
     </span>
     <span class='ocr_line' id='line_1_29' title="bbox 198 3152 1267 3228; baseline 0.01 -25"><span class='ocrx_word' id='word_1_190' title='bbox 198 3168 303 3218; x_wconf 90' lang='lat' dir='ltr'><strong>quo</strong></span> <span class='ocrx_word' id='word_1_191' title='bbox 325 3152 425 3219; x_wconf 85' lang='lat' dir='ltr'><strong>legi</strong></span> <span class='ocrx_word' id='word_1_192' title='bbox 448 3156 688 3221; x_wconf 79' lang='lat' dir='ltr'><strong>Sigonius</strong></span> <span class='ocrx_word' id='word_1_193' title='bbox 715 3160 872 3224; x_wconf 88' lang='lat' dir='ltr'><strong>jubet</strong></span> <span class='ocrx_word' id='word_1_194' title='bbox 894 3162 1000 3211; x_wconf 83' lang='lat' dir='ltr'><strong>Tib·</strong></span> <span class='ocrx_word' id='word_1_195' title='bbox 1023 3165 1267 3228; x_wconf 79' lang='lat' dir='ltr'><strong>AEmilius‚</strong></span> 
     </span>
     <span class='ocr_line' id='line_1_30' title="bbox 198 3232 1268 3303; baseline 0.012 -24"><span class='ocrx_word' id='word_1_196' title='bbox 198 3246 268 3280; x_wconf 82' lang='lat' dir='ltr'><strong>ex</strong></span> <span class='ocrx_word' id='word_1_197' title='bbox 284 3232 553 3295; x_wconf 87' lang='lat' dir='ltr'><strong>Dionysio.</strong></span> <span class='ocrx_word' id='word_1_198' title='bbox 589 3235 772 3285; x_wconf 83' lang='lat' dir='ltr'><strong>Fuisse</strong></span> <span class='ocrx_word' id='word_1_199' title='bbox 791 3244 1053 3302; x_wconf 90' lang='lat' dir='ltr'><strong>autem,ut</strong></span> <span class='ocrx_word' id='word_1_200' title='bbox 1067 3243 1162 3303; x_wconf 87' lang='lat' dir='ltr'><strong>ait,</strong></span> <span class='ocrx_word' id='word_1_201' title='bbox 1180 3241 1268 3292; x_wconf 85' lang='lat' dir='ltr'><strong>Ti·</strong></span> 
     </span>
     <span class='ocr_line' id='line_1_31' title="bbox 198 3307 1268 3372; baseline 0.007 -12"><span class='ocrx_word' id='word_1_202' title='bbox 198 3307 330 3360; x_wconf 85' lang='lat' dir='ltr'><strong>berii</strong></span> <span class='ocrx_word' id='word_1_203' title='bbox 346 3324 641 3372; x_wconf 58' lang='lat' dir='ltr'><strong>praenomen</strong></span> <span class='ocrx_word' id='word_1_204' title='bbox 660 3312 877 3364; x_wconf 86' lang='lat' dir='ltr'><strong>AEmiliis</strong></span> <span class='ocrx_word' id='word_1_205' title='bbox 897 3312 1152 3367; x_wconf 76' lang='lat' dir='ltr'><strong>familiare</strong></span> <span class='ocrx_word' id='word_1_206' title='bbox 1167 3318 1268 3370; x_wconf 84' lang='lat' dir='ltr'><strong>Ca-</strong></span> 
     </span>
     <span class='ocr_line' id='line_1_32' title="bbox 195 3385 1265 3457; baseline 0.008 -22"><span class='ocrx_word' id='word_1_207' title='bbox 195 3386 426 3450; x_wconf 73' lang='lat' dir='ltr'><strong>pitolinae</strong></span> <span class='ocrx_word' id='word_1_208' title='bbox 450 3385 642 3438; x_wconf 81' lang='lat' dir='ltr'><strong>tabulae</strong></span> <span class='ocrx_word' id='word_1_209' title='bbox 659 3389 1019 3442; x_wconf 85' lang='lat' dir='ltr'><strong>demonstrare</strong></span> <span class='ocrx_word' id='word_1_210' title='bbox 1033 3404 1265 3457; x_wconf 85' lang='lat' dir='ltr'><strong>possunt.</strong></span> 
     </span>
     <span class='ocr_line' id='line_1_33' title="bbox 196 3462 1265 3534; baseline 0.01 -25"><span class='ocrx_word' id='word_1_211' title='bbox 196 3462 405 3524; x_wconf 78' lang='lat' dir='ltr'><strong>Praeter</strong></span> <span class='ocrx_word' id='word_1_212' title='bbox 425 3463 580 3526; x_wconf 84' lang='lat' dir='ltr'><strong>hunc,</strong></span> <span class='ocrx_word' id='word_1_213' title='bbox 601 3462 792 3525; x_wconf 83' lang='lat' dir='ltr'><strong>fateor,</strong></span> <span class='ocrx_word' id='word_1_214' title='bbox 813 3482 944 3516; x_wconf 71' lang='lat' dir='ltr'><strong>ninus</strong></span> <span class='ocrx_word' id='word_1_215' title='bbox 968 3475 1025 3517; x_wconf 90' lang='lat' dir='ltr'><strong>et</strong></span> <span class='ocrx_word' id='word_1_216' title='bbox 1048 3470 1183 3534; x_wconf 87' lang='lat' dir='ltr'><strong>alter</strong></span> <span class='ocrx_word' id='word_1_217' title='bbox 1201 3484 1265 3519; x_wconf 84' lang='lat' dir='ltr'><strong>ex</strong></span> 
     </span>
     <span class='ocr_line' id='line_1_34' title="bbox 197 3538 1264 3608; baseline 0.005 -19"><span class='ocrx_word' id='word_1_218' title='bbox 197 3538 409 3590; x_wconf 84' lang='lat' dir='ltr'><strong>AEmiliis</strong></span> <span class='ocrx_word' id='word_1_219' title='bbox 435 3541 715 3591; x_wconf 86' lang='lat' dir='ltr'><strong>Mamercis</strong></span> <span class='ocrx_word' id='word_1_220' title='bbox 737 3542 932 3593; x_wconf 82' lang='lat' dir='ltr'><strong>Tiberii</strong></span> <span class='ocrx_word' id='word_1_221' title='bbox 965 3559 1264 3608; x_wconf 77' lang='lat' dir='ltr'><strong>praenomen</strong></span> 
     </span>
    </p>
   </div>
   <div class='ocr_carea' id='block_1_10' title="bbox 104 3614 1264 3683">
    <p class='ocr_par' dir='ltr' id='par_1_11' title="bbox 104 3614 1264 3683">
     <span class='ocr_line' id='line_1_35' title="bbox 104 3614 1264 3683; baseline 0.008 -22"><span class='ocrx_word' id='word_1_222' title='bbox 104 3657 109 3661; x_wconf 88' lang='lat'><strong>.</strong></span> <span class='ocrx_word' id='word_1_223' title='bbox 194 3614 403 3677; x_wconf 85' lang='lat' dir='ltr'><strong>babuit;</strong></span> <span class='ocrx_word' id='word_1_224' title='bbox 438 3616 529 3665; x_wconf 86' lang='lat' dir='ltr'><strong>sed</strong></span> <span class='ocrx_word' id='word_1_225' title='bbox 564 3618 700 3667; x_wconf 85' lang='lat' dir='ltr'><strong>hunc</strong></span> <span class='ocrx_word' id='word_1_226' title='bbox 726 3618 1009 3683; x_wconf 86' lang='lat' dir='ltr'><strong>Dionysius</strong></span> <span class='ocrx_word' id='word_1_227' title='bbox 1046 3620 1264 3670; x_wconf 88' lang='lat' dir='ltr'><strong>Lucium</strong></span> 
     </span>
    </p>
   </div>
   <div class='ocr_carea' id='block_1_11' title="bbox 194 3693 1263 4375">
    <p class='ocr_par' dir='ltr' id='par_1_12' title="bbox 194 3693 1263 4375">
     <span class='ocr_line' id='line_1_36' title="bbox 195 3693 1263 3758; baseline 0.007 -18"><span class='ocrx_word' id='word_1_228' title='bbox 195 3693 449 3747; x_wconf 83' lang='lat' dir='ltr'><strong>AEmiliurn</strong></span> <span class='ocrx_word' id='word_1_229' title='bbox 490 3694 811 3745; x_wconf 87' lang='lat' dir='ltr'><strong>Mamercum</strong></span> <span class='ocrx_word' id='word_1_230' title='bbox 852 3705 1042 3758; x_wconf 66' lang='grc' dir='ltr'><strong>νοσεῖς</strong></span> <span class='ocrx_word' id='word_1_231' title='bbox 1094 3704 1263 3748; x_wconf 82' lang='lat' dir='ltr'><strong>notat·</strong></span> 
     </span>
     <span class='ocr_line' id='line_1_37' title="bbox 196 3773 1261 3841; baseline 0.006 -21"><span class='ocrx_word' id='word_1_232' title='bbox 196 3787 298 3836; x_wconf 87' lang='lat' dir='ltr'><strong>que</strong></span> <span class='ocrx_word' id='word_1_233' title='bbox 320 3773 525 3822; x_wconf 82' lang='lat' dir='ltr'><strong>tertium</strong></span> <span class='ocrx_word' id='word_1_234' title='bbox 550 3775 903 3837; x_wconf 84' lang='lat' dir='ltr'><strong>cousulem‚ut</strong></span> <span class='ocrx_word' id='word_1_235' title='bbox 929 3775 1016 3841; x_wconf 86' lang='lat' dir='ltr'><strong>qui</strong></span> <span class='ocrx_word' id='word_1_236' title='bbox 1042 3775 1261 3840; x_wconf 88' lang='lat' dir='ltr'><strong>primum</strong></span> 
     </span>
     <span class='ocr_line' id='line_1_38' title="bbox 195 3849 1263 3915; baseline 0.003 -17"><span class='ocrx_word' id='word_1_237' title='bbox 195 3862 342 3905; x_wconf 78' lang='lat' dir='ltr'><strong>anno,</strong></span> <span class='ocrx_word' id='word_1_238' title='bbox 386 3849 669 3900; x_wconf 80' lang='lat' dir='ltr'><strong>secundum</strong></span> <span class='ocrx_word' id='word_1_239' title='bbox 704 3849 972 3914; x_wconf 83' lang='lat' dir='ltr'><strong>Sigonium</strong></span> <span class='ocrx_word' id='word_1_240' title='bbox 1018 3850 1263 3915; x_wconf 89' lang='lat' dir='ltr'><strong>eundem,</strong></span> 
     </span>
     <span class='ocr_line' id='line_1_39' title="bbox 194 3913 1263 3991; baseline 0.003 -17"><span class='ocrx_word' id='word_1_241' title='bbox 194 3913 310 3978; x_wconf 68' lang='lat'><strong>2⁷9.</strong></span> <span class='ocrx_word' id='word_1_242' title='bbox 358 3939 472 3973; x_wconf 86' lang='lat' dir='ltr'><strong>cum</strong></span> <span class='ocrx_word' id='word_1_243' title='bbox 511 3924 728 3974; x_wconf 86' lang='lat' dir='ltr'><strong>Caesone</strong></span> <span class='ocrx_word' id='word_1_244' title='bbox 775 3926 941 3975; x_wconf 83' lang='lat' dir='ltr'><strong>Fabio</strong></span> <span class='ocrx_word' id='word_1_245' title='bbox 981 3925 1263 3991; x_wconf 83' lang='lat' dir='ltr'><strong>Vibulano,</strong></span> 
     </span>
     <span class='ocr_line' id='line_1_40' title="bbox 196 3997 1260 4060; baseline 0.004 -10"><span class='ocrx_word' id='word_1_246' title='bbox 196 3999 377 4050; x_wconf 85' lang='lat' dir='ltr'><strong>deinde</strong></span> <span class='ocrx_word' id='word_1_247' title='bbox 395 4014 529 4050; x_wconf 75' lang='lat' dir='ltr'><strong>anino</strong></span> <span class='ocrx_word' id='word_1_248' title='bbox 544 4004 660 4052; x_wconf 82' lang='lat'><strong>275.</strong></span> <span class='ocrx_word' id='word_1_249' title='bbox 680 3997 797 4051; x_wconf 83' lang='lat' dir='ltr'><strong>cum</strong></span> <span class='ocrx_word' id='word_1_250' title='bbox 821 4003 881 4052; x_wconf 89' lang='lat' dir='ltr'><strong>C.</strong></span> <span class='ocrx_word' id='word_1_251' title='bbox 896 4004 1120 4060; x_wconf 67' lang='lat' dir='ltr'><strong>Servilio</strong></span> <span class='ocrx_word' id='word_1_252' title='bbox 1139 4019 1260 4054; x_wconf 89' lang='lat' dir='ltr'><strong>con·</strong></span> 
     </span>
     <span class='ocr_line' id='line_1_41' title="bbox 195 4065 1260 4145; baseline 0.002 -17"><span class='ocrx_word' id='word_1_253' title='bbox 195 4065 411 4130; x_wconf 71' lang='lat' dir='ltr'><strong>sulatum</strong></span> <span class='ocrx_word' id='word_1_254' title='bbox 455 4079 715 4142; x_wconf 79' lang='lat' dir='ltr'><strong>gessisset.</strong></span> <span class='ocrx_word' id='word_1_255' title='bbox 785 4077 938 4128; x_wconf 86' lang='lat' dir='ltr'><strong>Nune</strong></span> <span class='ocrx_word' id='word_1_256' title='bbox 994 4095 1117 4129; x_wconf 83' lang='lat' dir='ltr'><strong>vero</strong></span> <span class='ocrx_word' id='word_1_257' title='bbox 1161 4079 1260 4145; x_wconf 87' lang='lat' dir='ltr'><strong>ipsi</strong></span> 
     </span>
     <span class='ocr_line' id='line_1_42' title="bbox 195 4153 1255 4218; baseline 0.003 -14"><span class='ocrx_word' id='word_1_258' title='bbox 195 4155 392 4218; x_wconf 85' lang='lat' dir='ltr'><strong>collega</strong></span> <span class='ocrx_word' id='word_1_259' title='bbox 424 4153 473 4202; x_wconf 89' lang='lat' dir='ltr'><strong>in</strong></span> <span class='ocrx_word' id='word_1_260' title='bbox 508 4168 696 4203; x_wconf 74' lang='lat' dir='ltr'><strong>annum</strong></span> <span class='ocrx_word' id='word_1_261' title='bbox 720 4156 789 4205; x_wconf 87' lang='lat' dir='ltr'><strong>U.</strong></span> <span class='ocrx_word' id='word_1_262' title='bbox 807 4155 868 4206; x_wconf 89' lang='lat' dir='ltr'><strong>C.</strong></span> <span class='ocrx_word' id='word_1_263' title='bbox 896 4159 1008 4206; x_wconf 79' lang='lat'><strong>280.</strong></span> <span class='ocrx_word' id='word_1_264' title='bbox 1049 4157 1159 4205; x_wconf 80' lang='lat' dir='ltr'><strong>sive</strong></span> <span class='ocrx_word' id='word_1_265' title='bbox 1191 4172 1255 4208; x_wconf 86' lang='lat' dir='ltr'><strong>ex</strong></span> 
     </span>
     <span class='ocr_line' id='line_1_43' title="bbox 197 4231 1254 4296; baseline 0 -15"><span class='ocrx_word' id='word_1_266' title='bbox 197 4232 411 4295; x_wconf 84' lang='lat' dir='ltr'><strong>Dionys.</strong></span> <span class='ocrx_word' id='word_1_267' title='bbox 458 4234 573 4280; x_wconf 81' lang='lat'><strong>281.</strong></span> <span class='ocrx_word' id='word_1_268' title='bbox 626 4231 678 4279; x_wconf 91' lang='lat' dir='ltr'><strong>in</strong></span> <span class='ocrx_word' id='word_1_269' title='bbox 733 4246 886 4296; x_wconf 88' lang='lat' dir='ltr'><strong>quem</strong></span> <span class='ocrx_word' id='word_1_270' title='bbox 947 4231 1126 4282; x_wconf 79' lang='lat' dir='ltr'><strong>incidit</strong></span> <span class='ocrx_word' id='word_1_271' title='bbox 1172 4237 1254 4283; x_wconf 82' lang='grc'><strong>77.</strong></span> 
     </span>
     <span class='ocr_line' id='line_1_44' title="bbox 199 4299 1254 4375; baseline 0.001 -17"><span class='ocrx_word' id='word_1_272' title='bbox 199 4299 482 4375; x_wconf 69' lang='lat' dir='ltr'><strong>Olympias,</strong></span> <span class='ocrx_word' id='word_1_273' title='bbox 504 4308 727 4358; x_wconf 75' lang='lat' dir='ltr'><strong>Charete</strong></span> <span class='ocrx_word' id='word_1_274' title='bbox 746 4305 973 4363; x_wconf 85' lang='lat' dir='ltr'><strong>Athenis</strong></span> <span class='ocrx_word' id='word_1_275' title='bbox 999 4309 1254 4375; x_wconf 79' lang='lat' dir='ltr'><strong>principe,</strong></span> 
     </span>
    </p>
   </div>
   <div class='ocr_carea' id='block_1_12' title="bbox 1334 2620 2417 4379">
    <p class='ocr_par' dir='ltr' id='par_1_13' title="bbox 1344 2620 2417 3149">
     <span class='ocr_line' id='line_1_45' title="bbox 1347 2620 2417 2690; baseline -0.007 -16"><span class='ocrx_word' id='word_1_276' title='bbox 1347 2625 1452 2675; x_wconf 86' lang='lat' dir='ltr'><strong>rius</strong></span> <span class='ocrx_word' id='word_1_277' title='bbox 1476 2631 1768 2690; x_wconf 88' lang='lat' dir='ltr'><strong>sequuntur</strong></span> <span class='ocrx_word' id='word_1_278' title='bbox 1796 2623 2103 2688; x_wconf 83' lang='lat' dir='ltr'><strong>Dionysius,</strong></span> <span class='ocrx_word' id='word_1_279' title='bbox 2138 2620 2417 2680; x_wconf 85' lang='lat' dir='ltr'><strong>Diodorus,</strong></span> 
     </span>
     <span class='ocr_line' id='line_1_46' title="bbox 1346 2697 2416 2766; baseline -0.007 -15"><span class='ocrx_word' id='word_1_280' title='bbox 1346 2700 1492 2752; x_wconf 83' lang='lat' dir='ltr'><strong>Fasti</strong></span> <span class='ocrx_word' id='word_1_281' title='bbox 1516 2701 1714 2766; x_wconf 65' lang='lat' dir='ltr'><strong>Graeci,</strong></span> <span class='ocrx_word' id='word_1_282' title='bbox 1736 2708 1793 2750; x_wconf 86' lang='lat' dir='ltr'><strong>et</strong></span> <span class='ocrx_word' id='word_1_283' title='bbox 1814 2707 2054 2750; x_wconf 81' lang='lat' dir='ltr'><strong>auctores</strong></span> <span class='ocrx_word' id='word_1_284' title='bbox 2073 2697 2416 2748; x_wconf 81' lang='lat' dir='ltr'><strong>consularium</strong></span> 
     </span>
     <span class='ocr_line' id='line_1_47' title="bbox 1345 2775 2414 2842; baseline -0.007 -15"><span class='ocrx_word' id='word_1_285' title='bbox 1345 2777 1665 2840; x_wconf 89' lang='lat' dir='ltr'><strong>tabularum,</strong></span> <span class='ocrx_word' id='word_1_286' title='bbox 1705 2792 1824 2842; x_wconf 82' lang='lat' dir='ltr'><strong>quae</strong></span> <span class='ocrx_word' id='word_1_287' title='bbox 1869 2777 1921 2825; x_wconf 92' lang='lat' dir='ltr'><strong>in</strong></span> <span class='ocrx_word' id='word_1_288' title='bbox 1971 2775 2234 2841; x_wconf 87' lang='lat' dir='ltr'><strong>Capitolio</strong></span> <span class='ocrx_word' id='word_1_289' title='bbox 2276 2782 2414 2822; x_wconf 84' lang='lat' dir='ltr'><strong>sunt.</strong></span> 
     </span>
     <span class='ocr_line' id='line_1_48' title="bbox 1345 2848 2414 2918; baseline -0.007 -15"><span class='ocrx_word' id='word_1_290' title='bbox 1345 2853 1516 2903; x_wconf 88' lang='lat' dir='ltr'><strong>Porro</strong></span> <span class='ocrx_word' id='word_1_291' title='bbox 1567 2851 1941 2918; x_wconf 65' lang='lat' dir='ltr'><strong>antiquissima</strong></span> <span class='ocrx_word' id='word_1_292' title='bbox 1976 2850 2146 2915; x_wconf 83' lang='lat' dir='ltr'><strong>gentis</strong></span> <span class='ocrx_word' id='word_1_293' title='bbox 2185 2848 2414 2898; x_wconf 83' lang='lat' dir='ltr'><strong>AEmilio·</strong></span> 
     </span>
     <span class='ocr_line' id='line_1_49' title="bbox 1346 2926 2412 2990; baseline -0.007 -12"><span class='ocrx_word' id='word_1_294' title='bbox 1346 2943 1457 2978; x_wconf 88' lang='lat' dir='ltr'><strong>rum</strong></span> <span class='ocrx_word' id='word_1_295' title='bbox 1512 2938 1869 2980; x_wconf 86' lang='lat' dir='ltr'><strong>memorantur</strong></span> <span class='ocrx_word' id='word_1_296' title='bbox 1911 2926 2125 2978; x_wconf 78' lang='lat' dir='ltr'><strong>familiae</strong></span> <span class='ocrx_word' id='word_1_297' title='bbox 2173 2932 2412 2990; x_wconf 86' lang='lat' dir='ltr'><strong>quatuor,</strong></span> 
     </span>
     <span class='ocr_line' id='line_1_50' title="bbox 1344 3001 2413 3073; baseline -0.007 -16"><span class='ocrx_word' id='word_1_298' title='bbox 1344 3006 1621 3070; x_wconf 78' lang='lat' dir='ltr'><strong>Mamerci,</strong></span> <span class='ocrx_word' id='word_1_299' title='bbox 1644 3005 1700 3072; x_wconf 87' lang='lat' dir='ltr'><strong>(a</strong></span> <span class='ocrx_word' id='word_1_300' title='bbox 1723 3005 1908 3073; x_wconf 85' lang='lat' dir='ltr'><strong>quibus</strong></span> <span class='ocrx_word' id='word_1_301' title='bbox 1929 3004 2080 3053; x_wconf 89' lang='lat' dir='ltr'><strong>Pauli</strong></span> <span class='ocrx_word' id='word_1_302' title='bbox 2103 3009 2159 3053; x_wconf 90' lang='lat' dir='ltr'><strong>et</strong></span> <span class='ocrx_word' id='word_1_303' title='bbox 2184 3001 2413 3066; x_wconf 57' lang='lat' dir='ltr'><strong>Lepidm</strong></span> 
     </span>
     <span class='ocr_line' id='line_1_51' title="bbox 1345 3078 2086 3149; baseline -0.005 -18"><span class='ocrx_word' id='word_1_304' title='bbox 1345 3082 1611 3149; x_wconf 82' lang='lat' dir='ltr'><strong>Barbulae‚</strong></span> <span class='ocrx_word' id='word_1_305' title='bbox 1635 3083 1788 3147; x_wconf 87' lang='lat' dir='ltr'><strong>Papi,</strong></span> <span class='ocrx_word' id='word_1_306' title='bbox 1810 3090 1865 3134; x_wconf 86' lang='lat' dir='ltr'><strong>et</strong></span> <span class='ocrx_word' id='word_1_307' title='bbox 1887 3078 2086 3130; x_wconf 88' lang='lat' dir='ltr'><strong>Scauri.</strong></span> 
     </span>
    </p>

    <p class='ocr_par' dir='ltr' id='par_1_14' title="bbox 1334 3153 2413 4219">
     <span class='ocr_line' id='line_1_52' title="bbox 1406 3153 2409 3222; baseline -0.011 -10"><span class='ocrx_word' id='word_1_308' title='bbox 1406 3159 1431 3195; x_wconf 74' lang='lat'><strong>¹²</strong></span> <span class='ocrx_word' id='word_1_309' title='bbox 1466 3161 1648 3212; x_wconf 79' lang='lat' dir='ltr'><strong>Furius</strong></span> <span class='ocrx_word' id='word_1_310' title='bbox 1672 3166 1719 3210; x_wconf 80' lang='lat' dir='ltr'><strong>et</strong></span> <span class='ocrx_word' id='word_1_311' title='bbox 1742 3158 1984 3222; x_wconf 73' lang='lat' dir='ltr'><strong>Manlius]</strong></span> <span class='ocrx_word' id='word_1_312' title='bbox 2015 3154 2110 3205; x_wconf 89' lang='lat' dir='ltr'><strong>Cn.</strong></span> <span class='ocrx_word' id='word_1_313' title='bbox 2124 3153 2409 3213; x_wconf 83' lang='lat' dir='ltr'><strong>Genucius,</strong></span> 
     </span>
     <span class='ocr_line' id='line_1_53' title="bbox 1342 3231 2413 3296; baseline -0.008 -9"><span class='ocrx_word' id='word_1_314' title='bbox 1342 3238 1421 3287; x_wconf 74' lang='lat' dir='ltr'><strong>vir</strong></span> <span class='ocrx_word' id='word_1_315' title='bbox 1445 3238 1636 3296; x_wconf 81' lang='lat' dir='ltr'><strong>audax,</strong></span> <span class='ocrx_word' id='word_1_316' title='bbox 1673 3252 1791 3287; x_wconf 87' lang='lat' dir='ltr'><strong>cum</strong></span> <span class='ocrx_word' id='word_1_317' title='bbox 1828 3235 2065 3287; x_wconf 87' lang='lat' dir='ltr'><strong>consules</strong></span> <span class='ocrx_word' id='word_1_318' title='bbox 2105 3231 2259 3296; x_wconf 86' lang='lat' dir='ltr'><strong>hujus</strong></span> <span class='ocrx_word' id='word_1_319' title='bbox 2292 3231 2413 3279; x_wconf 90' lang='lat' dir='ltr'><strong>anni</strong></span> 
     </span>
     <span class='ocr_line' id='line_1_54' title="bbox 1342 3309 2411 3380; baseline -0.01 -15"><span class='ocrx_word' id='word_1_320' title='bbox 1342 3315 1408 3380; x_wconf 83' lang='lat' dir='ltr'><strong>ad</strong></span> <span class='ocrx_word' id='word_1_321' title='bbox 1448 3315 1704 3365; x_wconf 75' lang='lat' dir='ltr'><strong>creandos</strong></span> <span class='ocrx_word' id='word_1_322' title='bbox 1744 3311 2039 3364; x_wconf 85' lang='lat' dir='ltr'><strong>dividundis</strong></span> <span class='ocrx_word' id='word_1_323' title='bbox 2077 3324 2141 3359; x_wconf 86' lang='lat' dir='ltr'><strong>ex</strong></span> <span class='ocrx_word' id='word_1_324' title='bbox 2163 3309 2411 3362; x_wconf 84' lang='lat' dir='ltr'><strong>Senatus·</strong></span> 
     </span>
     <span class='ocr_line' id='line_1_55' title="bbox 1340 3388 2409 3454; baseline -0.008 -14"><span class='ocrx_word' id='word_1_325' title='bbox 1340 3391 1576 3440; x_wconf 86' lang='lat' dir='ltr'><strong>consulto</strong></span> <span class='ocrx_word' id='word_1_326' title='bbox 1602 3391 1738 3454; x_wconf 79' lang='lat' dir='ltr'><strong>agris</strong></span> <span class='ocrx_word' id='word_1_327' title='bbox 1755 3388 2080 3439; x_wconf 86' lang='lat' dir='ltr'><strong>decemviros</strong></span> <span class='ocrx_word' id='word_1_328' title='bbox 2099 3398 2283 3447; x_wconf 81' lang='lat' dir='ltr'><strong>cogere</strong></span> <span class='ocrx_word' id='word_1_329' title='bbox 2310 3397 2409 3440; x_wconf 86' lang='lat' dir='ltr'><strong>non</strong></span> 
     </span>
     <span class='ocr_line' id='line_1_56' title="bbox 1341 3458 2410 3530; baseline -0.008 -16"><span class='ocrx_word' id='word_1_330' title='bbox 1341 3475 1536 3530; x_wconf 87' lang='lat' dir='ltr'><strong>posset,</strong></span> <span class='ocrx_word' id='word_1_331' title='bbox 1578 3472 1761 3529; x_wconf 88' lang='lat' dir='ltr'><strong>utpote</strong></span> <span class='ocrx_word' id='word_1_332' title='bbox 1796 3465 1885 3529; x_wconf 89' lang='lat' dir='ltr'><strong>qui</strong></span> <span class='ocrx_word' id='word_1_333' title='bbox 1915 3462 2159 3525; x_wconf 87' lang='lat' dir='ltr'><strong>majorem</strong></span> <span class='ocrx_word' id='word_1_334' title='bbox 2195 3458 2410 3507; x_wconf 89' lang='lat' dir='ltr'><strong>tribuni·</strong></span> 
     </span>
     <span class='ocr_line' id='line_1_57' title="bbox 1339 3538 2413 3604; baseline -0.008 -15"><span class='ocrx_word' id='word_1_335' title='bbox 1339 3539 1471 3591; x_wconf 87' lang='lat' dir='ltr'><strong>ciam</strong></span> <span class='ocrx_word' id='word_1_336' title='bbox 1496 3546 1808 3604; x_wconf 87' lang='lat' dir='ltr'><strong>potestatem</strong></span> <span class='ocrx_word' id='word_1_337' title='bbox 1829 3538 2109 3594; x_wconf 82' lang='lat' dir='ltr'><strong>haberent3</strong></span> <span class='ocrx_word' id='word_1_338' title='bbox 2134 3538 2413 3597; x_wconf 83' lang='lat' dir='ltr'><strong>negarent·</strong></span> 
     </span>
     <span class='ocr_line' id='line_1_58' title="bbox 1339 3609 2406 3680; baseline -0.004 -17"><span class='ocrx_word' id='word_1_339' title='bbox 1339 3630 1442 3680; x_wconf 89' lang='lat' dir='ltr'><strong>que</strong></span> <span class='ocrx_word' id='word_1_340' title='bbox 1465 3629 1673 3668; x_wconf 81' lang='lat' dir='ltr'><strong>suarum</strong></span> <span class='ocrx_word' id='word_1_341' title='bbox 1698 3628 1811 3664; x_wconf 86' lang='lat' dir='ltr'><strong>esse</strong></span> <span class='ocrx_word' id='word_1_342' title='bbox 1845 3612 2088 3678; x_wconf 85' lang='lat' dir='ltr'><strong>partium,</strong></span> <span class='ocrx_word' id='word_1_343' title='bbox 2120 3609 2256 3674; x_wconf 86' lang='lat' dir='ltr'><strong>quod</strong></span> <span class='ocrx_word' id='word_1_344' title='bbox 2281 3617 2406 3672; x_wconf 85' lang='lat' dir='ltr'><strong>ante</strong></span> 
     </span>
     <span class='ocr_line' id='line_1_59' title="bbox 1338 3686 2406 3753; baseline -0.007 -10"><span class='ocrx_word' id='word_1_345' title='bbox 1338 3707 1499 3743; x_wconf 89' lang='lat' dir='ltr'><strong>annos</strong></span> <span class='ocrx_word' id='word_1_346' title='bbox 1524 3689 1816 3753; x_wconf 84' lang='lat' dir='ltr'><strong>duodecim,</strong></span> <span class='ocrx_word' id='word_1_347' title='bbox 1835 3704 1968 3741; x_wconf 84' lang='lat' dir='ltr'><strong>coss.</strong></span> <span class='ocrx_word' id='word_1_348' title='bbox 2002 3687 2184 3738; x_wconf 88' lang='lat' dir='ltr'><strong>Cassio</strong></span> <span class='ocrx_word' id='word_1_349' title='bbox 2212 3693 2266 3736; x_wconf 92' lang='lat' dir='ltr'><strong>et</strong></span> <span class='ocrx_word' id='word_1_350' title='bbox 2291 3686 2406 3736; x_wconf 89' lang='lat' dir='ltr'><strong>Vir·</strong></span> 
     </span>
     <span class='ocr_line' id='line_1_60' title="bbox 1338 3760 2407 3835; baseline -0.005 -17"><span class='ocrx_word' id='word_1_351' title='bbox 1338 3760 1553 3835; x_wconf 65' lang='lat' dir='ltr'><strong>ginio,&#39;a</strong></span> <span class='ocrx_word' id='word_1_352' title='bbox 1573 3767 1772 3817; x_wconf 88' lang='lat' dir='ltr'><strong>Senatu</strong></span> <span class='ocrx_word' id='word_1_353' title='bbox 1808 3765 2079 3816; x_wconf 85' lang='lat' dir='ltr'><strong>decretum</strong></span> <span class='ocrx_word' id='word_1_354' title='bbox 2111 3771 2251 3813; x_wconf 88' lang='lat' dir='ltr'><strong>esset</strong></span> <span class='ocrx_word' id='word_1_355' title='bbox 2282 3778 2407 3813; x_wconf 80' lang='lat' dir='ltr'><strong>exe·</strong></span> 
     </span>
     <span class='ocr_line' id='line_1_61' title="bbox 1338 3841 2402 3911; baseline -0.003 -17"><span class='ocrx_word' id='word_1_356' title='bbox 1338 3845 1426 3911; x_wconf 88' lang='lat' dir='ltr'><strong>qui</strong></span> <span class='ocrx_word' id='word_1_357' title='bbox 1446 3841 1468 3906; x_wconf 68' lang='lat'><strong>3&#39;</strong></span> <span class='ocrx_word' id='word_1_358' title='bbox 1514 3842 1714 3894; x_wconf 80' lang='lat' dir='ltr'><strong>causati</strong></span> <span class='ocrx_word' id='word_1_359' title='bbox 1775 3841 2237 3892; x_wconf 80' lang='lat' dir='ltr'><strong>Senatusconsulta</strong></span> <span class='ocrx_word' id='word_1_360' title='bbox 2299 3844 2402 3891; x_wconf 86' lang='lat' dir='ltr'><strong>vim</strong></span> 
     </span>
     <span class='ocr_line' id='line_1_62' title="bbox 1339 3919 2404 3988; baseline 0 -17"><span class='ocrx_word' id='word_1_361' title='bbox 1339 3921 1605 3988; x_wconf 59' lang='lat' dir='ltr'><strong>perpetuas</strong></span> <span class='ocrx_word' id='word_1_362' title='bbox 1636 3921 1764 3984; x_wconf 86' lang='lat' dir='ltr'><strong>legis</strong></span> <span class='ocrx_word' id='word_1_363' title='bbox 1788 3935 1888 3971; x_wconf 91' lang='lat' dir='ltr'><strong>non</strong></span> <span class='ocrx_word' id='word_1_364' title='bbox 1922 3919 2131 3981; x_wconf 77' lang='lat' dir='ltr'><strong>babere,</strong></span> <span class='ocrx_word' id='word_1_365' title='bbox 2152 3919 2242 3968; x_wconf 88' lang='lat' dir='ltr'><strong>sed</strong></span> <span class='ocrx_word' id='word_1_366' title='bbox 2268 3935 2404 3971; x_wconf 88' lang='lat' dir='ltr'><strong>auno</strong></span> 
     </span>
     <span class='ocr_line' id='line_1_63' title="bbox 1335 3997 2403 4061; baseline -0.002 -11"><span class='ocrx_word' id='word_1_367' title='bbox 1335 4001 1470 4050; x_wconf 82' lang='lat' dir='ltr'><strong>finiri</strong></span> <span class='ocrx_word' id='word_1_368' title='bbox 1494 4016 1511 4061; x_wconf 88' lang='lat'>;</span> <span class='ocrx_word' id='word_1_369' title='bbox 1542 3999 1620 4048; x_wconf 83' lang='lat' dir='ltr'><strong>his</strong></span> <span class='ocrx_word' id='word_1_370' title='bbox 1644 3999 1708 4047; x_wconf 89' lang='lat' dir='ltr'><strong>de</strong></span> <span class='ocrx_word' id='word_1_371' title='bbox 1739 3998 1908 4049; x_wconf 89' lang='lat' dir='ltr'><strong>causis</strong></span> <span class='ocrx_word' id='word_1_372' title='bbox 1936 3997 2072 4046; x_wconf 87' lang='lat' dir='ltr'><strong>diem</strong></span> <span class='ocrx_word' id='word_1_373' title='bbox 2096 3997 2228 4047; x_wconf 85' lang='lat' dir='ltr'><strong>dixit</strong></span> <span class='ocrx_word' id='word_1_374' title='bbox 2251 3998 2403 4048; x_wconf 85' lang='lat' dir='ltr'><strong>Man-</strong></span> 
     </span>
     <span class='ocr_line' id='line_1_64' title="bbox 1335 4074 2401 4140; baseline -0.001 -14"><span class='ocrx_word' id='word_1_375' title='bbox 1335 4078 1403 4129; x_wconf 86' lang='lat' dir='ltr'><strong>lio</strong></span> <span class='ocrx_word' id='word_1_376' title='bbox 1444 4086 1501 4128; x_wconf 86' lang='lat' dir='ltr'><strong>et</strong></span> <span class='ocrx_word' id='word_1_377' title='bbox 1541 4076 1700 4126; x_wconf 87' lang='lat' dir='ltr'><strong>Furio</strong></span> <span class='ocrx_word' id='word_1_378' title='bbox 1732 4074 2012 4140; x_wconf 82' lang='lat' dir='ltr'><strong>superioris</strong></span> <span class='ocrx_word' id='word_1_379' title='bbox 2036 4074 2157 4124; x_wconf 87' lang='lat' dir='ltr'><strong>anni</strong></span> <span class='ocrx_word' id='word_1_380' title='bbox 2181 4075 2401 4125; x_wconf 82' lang='lat' dir='ltr'><strong>consuli·</strong></span> 
     </span>
     <span class='ocr_line' id='line_1_65' title="bbox 1334 4151 2091 4219; baseline -0.004 -16"><span class='ocrx_word' id='word_1_381' title='bbox 1334 4152 1447 4218; x_wconf 84' lang='lat' dir='ltr'><strong>bus,</strong></span> <span class='ocrx_word' id='word_1_382' title='bbox 1469 4152 1561 4219; x_wconf 89' lang='lat' dir='ltr'><strong>qui</strong></span> <span class='ocrx_word' id='word_1_383' title='bbox 1583 4151 1777 4216; x_wconf 84' lang='lat' dir='ltr'><strong>privati</strong></span> <span class='ocrx_word' id='word_1_384' title='bbox 1790 4151 1900 4216; x_wconf 90' lang='lat' dir='ltr'><strong>jam</strong></span> <span class='ocrx_word' id='word_1_385' title='bbox 1925 4160 2091 4200; x_wconf 87' lang='lat' dir='ltr'><strong>erant.</strong></span> 
     </span>
    </p>

    <p class='ocr_par' dir='ltr' id='par_1_15' title="bbox 1335 4228 2399 4379">
     <span class='ocr_line' id='line_1_66' title="bbox 1397 4228 2399 4294; baseline -0.002 -13"><span class='ocrx_word' id='word_1_386' title='bbox 1397 4230 1411 4266; x_wconf 88' lang='lat'>¹</span> <span class='ocrx_word' id='word_1_387' title='bbox 1446 4229 1722 4294; x_wconf 81' lang='lat' dir='ltr'><strong>Sordidati]</strong></span> <span class='ocrx_word' id='word_1_388' title='bbox 1758 4228 2182 4294; x_wconf 80' lang='lat' dir='ltr'><strong>Lugubrihabitu</strong></span> <span class='ocrx_word' id='word_1_389' title='bbox 2209 4245 2302 4294; x_wconf 87' lang='lat' dir='ltr'><strong>pro</strong></span> <span class='ocrx_word' id='word_1_390' title='bbox 2320 4243 2399 4279; x_wconf 85' lang='lat' dir='ltr'><strong>re-</strong></span> 
     </span>
     <span class='ocr_line' id='line_1_67' title="bbox 1335 4299 2276 4379; baseline 0 -21"><span class='ocrx_word' id='word_1_391' title='bbox 1335 4299 1479 4358; x_wconf 88' lang='lat' dir='ltr'><strong>orum</strong></span> <span class='ocrx_word' id='word_1_392' title='bbox 1502 4307 1903 4373; x_wconf 85' lang='lat' dir='ltr'><strong>supplicantium</strong></span> <span class='ocrx_word' id='word_1_393' title='bbox 1926 4321 2070 4358; x_wconf 91' lang='lat' dir='ltr'><strong>more</strong></span> <span class='ocrx_word' id='word_1_394' title='bbox 2091 4307 2276 4379; x_wconf 83' lang='lat' dir='ltr'><strong>induti.</strong></span> 
     </span>
    </p>
   </div>
  </div>
 </body>
</html>
