3034 4925
540 428 551 436 ,
590 349 725 426 394

589 526 792 594 itum:
834 525 1117 609 fusoque
1148 523 1392 608 ingenti
1432 522 1761 601 exercitu,
1790 520 1910 607 qui
1937 538 2014 587 se
2039 516 2568 605 ingredientibus
2604 516 2770 584 fisa

592 628 977 698 consulibus
1004 626 1311 696 ferociter
1334 624 1692 702 obtulerat,
1722 643 1916 697 omne
1942 621 2328 692 Auruncum
2359 620 2609 690 bellum
2637 618 2776 687 Po-

587 731 867 806 metiam
906 728 1328 813 compulsum
1383 733 1508 802 est.
1597 725 1750 794 Nec
1778 726 1993 808 magis
2020 722 2540 811 post.ptaelium,
2570 740 2771 805 quam

589 832 660 900 in
711 832 975 919 praelio,
1032 831 1331 902 caedibus
1379 836 1823 916 temperatum
1865 835 1993 896 eat.
2075 827 2169 896 Et
2208 827 2374 893 caesi
2423 825 2774 909 aliquanto

587 935 811 1018 plures
852 941 1060 1014 erant,
1100 954 1300 1019 quam
1329 936 1560 1019 capti3
1602 938 1671 1004 et
1706 938 1948 1016 captos
1973 932 2222 1016 passim
2250 928 2774 998 trucidaverunt.

588 1035 704 1104 Ne
764 1039 851 1106 ab
903 1037 1252 1109 obsidibus
1313 1037 1614 1123 quidem,
1673 1036 1788 1121 qui
1843 1035 2123 1102 trecenti
2172 1032 2439 1118 accepti
2496 1049 2775 1097 numero

590 1148 799 1220 erant,
846 1142 1013 1208 iram
1042 1141 1206 1208 belli
1231 1141 1448 1208 hostis
1486 1139 1857 1210 abstinuit.³
1881 1147 1910 1175 “
1994 1138 2084 1204 Et
2122 1137 2252 1205 hoc
2295 1155 2477 1204 anno
2527 1133 2776 1199 Romae

587 1243 1120 1331 triumphatum.¹
2645 1340 2662 1355 ο

674 1348 782 1413 17.
828 1347 1058 1418 Secuti
1111 1348 1447 1425 consules,
1479 1345 1714 1432 Opiter
1760 1345 2107 1429 Virginius
2128 1353 2159 1394 ἲ
2192 1349 2261 1411 et
2306 1343 2430 1427 Sp.
2459 1339 2777 1417 Cassius,

588 1448 974 1520 Pometiam
1000 1450 1217 1535 primo
1243 1451 1338 1530 vi,
1367 1448 1609 1517 deinde
1655 1447 1871 1516 vineis
1915 1446 2198 1531 aliisque
2239 1445 2611 1560 operibus(
2659 1462 2779 1560 op:

585 1554 1102 1634 pugnaverunt-⁸
1187 1552 1270 1618 In
1323 1571 1494 1638 quos
1542 1549 1875 1629 Aurunci,
1924 1549 2134 1634 magia
2181 1547 2332 1633 ,iam
2381 1545 2778 1631 inexpiabili

591 1656 809 1734 odio,⁸
849 1676 1055 1742 quam
1081 1676 1206 1741 spe
1232 1659 1456 1742 aliqua
1485 1662 1606 1723 aut
1641 1654 2022 1733 occasione,
2063 1653 2301 1732 coorti,
2349 1671 2503 1720 oum
2551 1650 2778 1734 plures

1514 363 1584 420 '1'-
1629 361 1821 416 lalvu

1500 1820 1738 1843 mum
1742 1819 1862 1841 om

589 1900 803 1966 Doujat.
825 1904 1058 1955 Crevier·
1089 1906 1370 1958 deivida—2
1401 1908 1533 1958 Mss.
1572 1908 1823 1956 data—8
1855 1905 1918 1955 Iu
1949 1904 2119 1954 multis
2142 1904 2272 1953 Mss-
2293 1904 2372 1953 im
2394 1902 2505 1953 belli
2523 1901 2718 1952 hostilis
2732 1917 2779 1953 ι.

589 1968 727 2018 uude
746 1968 802 2019 J.
822 1970 884 2020 F.
907 1969 1137 2024 Gronov.
1157 1971 1358 2024 emend.
1398 1974 1475 2026 iru
1496 1972 1606 2024 belli
1620 1971 1811 2022 hostilia
1830 1985 1880 2020 u.
1911 1969 2034 2020 Vid.
2057 1970 2185 2021 Not.
2203 1970 2332 2019 Var-

1571 2083 1793 2138 1⁴01*AE

589 2161 768 2213 Catilli
805 2162 1092 2217 Tiburtium
1131 2167 1273 2217 urbis
1309 2166 1641 2218 fundatorum
1722 2183 1938 2229 anctore
1958 2176 2211 2227 P1in.1ib.
2228 2190 2323 2238 κῃ.
2388 2176 2477 2225 De
2496 2174 2598 2224 boc
2619 2173 2778 2224 mino·

589 2236 773 2290 fratre.
822 2240 1137 2293 Imminebat
1157 2242 1256 2292 viae
1278 2240 1489 2308 Appiae.
1537 2244 1639 2294 Vo·
1720 2253 1792 2303 rig
1832 2255 2078 2319 triumphi
2112 2267 2301 2319 genere
2335 2251 2590 2302 videndus
2620 2250 2779 2313 inpri-

590 2319 739 2364 catur
779 2315 935 2368 hodie
981 2318 1113 2376 Cori,
1150 2322 1200 2368 6.
1232 2319 1373 2370 ultra
1414 2319 1641 2372 Velitras

590 2391 820 2444 milliari.

655 2469 675 2501 ⁸
701 2466 785 2519 Aa
815 2468 1086 2535 Auruncos]
1122 2472 1187 2522 In
1222 2478 1457 2524 extremo
1489 2474 1642 2526 Latio

589 2557 726 2594 novo
745 2544 888 2597 fuere
911 2546 1142 2607 Amnes,
1172 2547 1435 2601 Ausonum
1458 2566 1640 2616 proge-

589 2620 722 2683 nies,
751 2622 893 2673 inter
920 2624 1138 2676 Volscos
1170 2631 1225 2676 et
1257 2628 1545 2693 Campanos
1575 2629 1642 2680 ad

590 2703 865 2763 utramque
887 2700 1019 2751 Liris
1052 2701 1194 2752 fluvii
1216 2704 1398 2768 ripam.
1465 2707 1545 2757 Ea
1566 2721 1644 2757 re-

590 2773 676 2838 gio
696 2789 835 2826 nunc
858 2782 1012 2828 terrie
1044 2778 1320 2832 Laboriuae
1345 2797 1465 2846 pars
1486 2792 1567 2834 est
1591 2785 1643 2834 iu

592 2853 739 2914 regni
763 2853 1099 2918 Neapolitani
1116 2855 1278 2923 aditu,
1293 2857 1381 2908 ubi
1404 2859 1571 2910 Fundi
1591 2868 1647 2911 et

593 2928 801 2983 Caieta.

656 3012 683 3038 ⁸¹
717 3005 848 3056 Iram
868 3005 977 3057 bem
996 3008 1145 3059 hostis
1173 3009 1401 3061 abstinuit
1423 3013 1524 3078 [ira
1540 3014 1648 3064 beth·

590 3077 848 3144 abstinuit]
905 3082 990 3132 Ita
1014 3097 1108 3147 per
1137 3088 1492 3150 metaphoram
1516 3091 1647 3142 dici-

593 3157 683 3202 tnr
693 3155 772 3203 ἕνα
785 3155 911 3214 belli,
931 3165 988 3208 ut
1004 3158 1022 3185 ‘
1034 3158 1156 3209 belli
1172 3159 1315 3212 furor
1327 3162 1340 3184 ’
1356 3171 1412 3214 et
1426 3173 1442 3196 ⁴
1455 3165 1647 3219 bellum

592 3230 840 3297 crudele‚'
853 3249 948 3299 pro
963 3236 1059 3298 ira,
1068 3235 1257 3303 furore,
1268 3248 1324 3291 et
1337 3243 1646 3299 crudelitate

593 3305 916 3362 bellantium.
999 3313 1186 3379 Neque
1220 3317 1320 3368 alia
1362 3320 1446 3371 hic
1486 3323 1645 3375 lectio

593 3385 904 3447 quaereudaz
940 3389 1042 3440 etsi
1080 3391 1281 3445 Latium
1321 3395 1425 3447 siut
1462 3415 1580 3465 quae
1615 3417 1647 3451 a

592 3456 862 3512 Gronovio
893 3464 1254 3522 adducuntur:
1292 3471 1378 3524 Ira
1409 3474 1521 3525 belli
1539 3477 1644 3527 hos·

591 3536 696 3586 tilis
723 3539 972 3606 abstinuit,
1009 3550 1064 3595 et
1094 3545 1171 3597 ἕνα
1201 3547 1314 3598 belli
1342 3551 1535 3602 &odilia
1567 3554 1649 3603 ab·

589 3613 780 3678 stianit,
799 3624 855 3667 et
872 3633 1023 3684 quam
1039 3625 1273 3689 suggerit
1287 3625 1510 3691 Lipsius,
1524 3630 1649 3680 irum

590 3687 702 3739 belli
722 3691 870 3744 hostis
898 3695 1145 3748 abstinuit.
1211 3700 1315 3751 Sed
1345 3704 1510 3755 minus
1542 3707 1647 3756 ele-

593 3769 822 3827 gantiam
860 3776 915 3821 et
943 3770 1251 3827 brevitatem
1279 3777 1542 3830 Liviauam
1566 3797 1646 3833 sa·

592 3841 764 3904 piuut.

657 3923 686 3950 ¹
718 3919 885 3970 Roma
915 3924 1279 3993 triumphatum]
1327 3930 1412 3980 De
1437 3930 1643 3984 Aurun-

594 3989 668 4039 cis
689 3995 838 4044 ambo
867 4004 1098 4052 consules
1133 4005 1546 4071 triumpharunt3
1576 4008 1644 4060 de

593 4065 799 4117 Sabinis
833 4072 1165 4140 triumphavit
1185 4077 1453 4145 Agrippa:
1488 4082 1643 4135 Post·

586 4143 759 4194 ninius
812 4160 916 4197 uon
962 4151 1274 4220 triumphum
1328 4157 1494 4216 duxit,
1548 4160 1640 4212 sed

591 4233 751 4273 ovans
782 4223 978 4278 Urbem
1015 4229 1278 4295 ingressus
1317 4243 1399 4288 est
1430 4238 1644 4304 primus,

1720 2331 1818 2382 mis
1861 2332 2104 2397 Sigonius
2144 2331 2237 2381 lib.
2282 2326 2778 2379 Commentariorum

1724 2407 1778 2456 in
1801 2408 2007 2457 Fastos.
2739 2413 2749 2420 ·

1786 2491 1810 2528 5
1849 2485 2023 2550 Opiter
2051 2481 2322 2546 Virginius]
2367 2481 2576 2532 Nomen
2612 2480 2781 2544 Opiter

1722 2575 1840 2611 eum
1863 2560 2142 2626 signifieat,
2164 2560 2251 2624 qui
2275 2565 2429 2623 patre
2456 2564 2681 2612 mortuo,
2713 2555 2778 2603 ri·

1722 2652 1789 2686 vo
1812 2653 1929 2696 avo,
1951 2638 2122 2688 editus
2159 2642 2270 2688 est:
2305 2634 2478 2684 dictus
2505 2635 2641 2682 euim
2669 2632 2777 2696 Opi-

1724 2718 1818 2776 ter,
1858 2715 1942 2764 vel
1984 2714 2052 2764 ab
2097 2714 2244 2764 obitu
2283 2712 2470 2776 patris,
2510 2716 2776 2774 autequam

1725 2791 1837 2855 ipse
1877 2799 2028 2842 natus
2064 2797 2221 2852 esset,
2256 2788 2339 2837 vel
2372 2785 2514 2853 quod
2546 2799 2695 2835 avum
2724 2784 2778 2833 ob

1726 2875 1929 2929 patrem
1969 2866 2233 2927 habuerit,
2267 2864 2320 2913 id
2362 2869 2466 2921 est,
2511 2869 2656 2925 ante,
2692 2867 2778 2910 aut

1724 2943 1841 2994 loco
1867 2945 2048 3008 patris.

1788 3026 1811 3052 ¹
1849 3019 2012 3070 Vincis
2030 3020 2231 3084 aliisque
2247 3014 2490 3082 operibus]
2532 3014 2777 3065 Machinae

1726 3095 1973 3147 tabulatis
2011 3096 2338 3161 cratibusque
2380 3099 2681 3155 constratae,
2726 3096 2777 3140 et

1727 3178 1872 3223 terra
1893 3174 2180 3238 adopertas,
2204 3186 2318 3236 quae
2347 3168 2533 3220 rotulis
2554 3167 2775 3232 impelle·

1726 3247 1933 3313 bantur,
1957 3257 2014 3300 et
2036 3250 2180 3314 cujus
2199 3255 2346 3299 tecto
2368 3245 2664 3296 obsessores
2684 3243 2775 3290 tuti

1724 3340 1986 3376 murorum
2002 3324 2338 3376 fundamenta
2349 3318 2686 3376 subruebant,
2697 3317 2777 3367 Vi·

1723 3415 1824 3451 ηοω
1842 3401 2169 3464 ᾱίοεὺαηιυε,
2187 3407 2323 3450 teste
2344 3397 2592 3449 Vitruvio
2613 3403 2668 3446 et
2684 3396 2775 3444 Lu-

1723 3486 1874 3536 cano,
1899 3480 1987 3542 qui
2010 3478 2110 3528 boc
2126 3477 2377 3528 machinae
2394 3486 2561 3539 genus
2576 3472 2773 3536 egregie

1724 3553 1974 3604 describit
1994 3554 2189 3605 liban.
2250 3552 2457 3605 Harum
2476 3560 2613 3599 nunc
2636 3560 2771 3596 usum

1726 3638 2000 3697 praestaut,
2033 3646 2158 3696 quas
2191 3628 2358 3679 nostri
2394 3633 2583 3677 vocant
2611 3623 2772 3674 Porti·

1724 3722 1834 3769 cus,
1856 3708 2029 3771 vulgo,
2055 3709 2139 3757 des
2165 3703 2398 3756 Galeries·

1788 3783 1813 3809 ⁶
1848 3783 1915 3836 A.
1937 3785 2006 3835 U.
2030 3786 2090 3836 C.
2111 3787 2228 3835 251.
2293 3832 2299 3837 .

1745 3870 1750 3875 ·
1786 3866 1811 3896 ⁸
1844 3861 2130 3926 Inexpiabili
2149 3861 2279 3926 odio]
2323 3859 2559 3910 Immane
2579 3853 2696 3905 illud
2717 3853 2768 3903 iu

1719 3936 1981 3989 Romanos
2022 3937 2196 3989 odium
2235 3951 2337 3987 uon
2377 3933 2634 3985 immerito
2667 3929 2768 3980 Au·

1721 4016 1867 4063 runci
1901 4019 2277 4077 conceperant,
2312 4011 2380 4063 ob
2404 4023 2565 4062 caesos
2586 4007 2651 4057 ab
2671 4006 2766 4055 illis

1721 4104 1824 4140 non
1864 4091 2029 4140 solum
2051 4097 2274 4140 armatos
2297 4102 2524 4151 suornm,
2544 4082 2631 4135 sed
2652 4096 2766 4145 cap-

1722 4164 1858 4216 tivos
1890 4180 2119 4237 quoque,
2154 4167 2397 4233 ipsosque
2433 4162 2635 4219 obsides
2661 4174 2689 4208 s
2708 4170 2764 4206 se

1721 4241 1889 4294 datos.
