3034 4925
549 381 680 448 200
1479 395 1549 443 τ.
1594 394 1787 444 mvn

551 543 758 607 modo
787 544 956 621 iras;
1001 546 1095 619 et,
1126 542 1374 625 quibus
1401 541 1542 606 fors
1565 549 1588 582 ⁸
1636 558 1925 625 corpora
1969 538 2289 617 dedisset,
2325 537 2562 602 darent
2602 537 2751 601 aui-

551 664 728 710 moS.
817 646 1022 728 Saepe
1059 664 1152 708 ex
1195 644 1436 728 injuria
1474 645 1904 728 postmodum
1932 643 2208 725 gratiam
2236 645 2483 706 ortam:
2531 654 2755 722 eoque

553 748 940 812 melioribus
969 766 1210 811 usuras
1238 748 1421 824 viriS,
1450 746 1638 831 quod
1670 748 2031 811 annisums
2060 764 2183 828 pro
2213 763 2287 807 se
2315 744 2611 827 quisque
2641 743 2753 818 sit,

552 856 649 926 ut,
700 869 851 914 cum
903 868 1092 913 suam
1139 851 1401 913 vicem⁹
1427 849 1698 913 functus
1744 846 1965 912 officio
2003 847 2114 924 sit,
2153 852 2503 929 parentum
2540 845 2754 907 etiam

556 952 930 1034 patriaeque
959 951 1234 1034 expleat
1261 950 1657 1015 desiderium
1667 950 1705 1009 .’
1818 948 2257 1014 Accedebant
2276 946 2631 1011 blanditiae
2652 946 2757 1008 vi-

554 1073 810 1131 rorum,
849 1055 1099 1118 factum
1143 1054 1574 1136 purgantium
1612 1052 1990 1137 cupiditate
2031 1059 2235 1135 atque
2266 1066 2549 1118 amore:
2597 1065 2753 1130 quae

549 1157 846 1219 maxime
877 1155 962 1219 ad
994 1155 1314 1219 muliebre
1342 1155 1679 1236 ingenium
1709 1153 2020 1218 efficaces
2049 1172 2285 1236 preces
2312 1158 2495 1216 sunt.
2730 1162 2739 1171 ·

640 1258 748 1321 10.
789 1256 839 1322 J
840 1277 953 1320 am
988 1256 1344 1321 admodum
1374 1257 1661 1336 mitigati
1691 1257 1899 1320 animi
1923 1257 2139 1339 raptis
2169 1260 2377 1319 eraut.
2466 1250 2573 1315 At
2598 1269 2758 1332 rap-

552 1370 771 1425 tarum
797 1368 1110 1442 parentes
1140 1367 1286 1423 tum
1314 1361 1611 1422 maxime
1654 1359 1930 1423 sordida
1964 1360 2148 1422 veste
2189 1355 2653 1440 lacrymisque
2692 1354 2761 1415 et

552 1462 845 1546 querelis
876 1461 1186 1524 civitates
1212 1456 1696 1524 concitabant?
1771 1460 1920 1524 Nec
1951 1459 2133 1525 domi
2163 1466 2420 1523 tantum
2449 1454 2760 1536 indigna-

553 1567 772 1627 tiones
801 1563 1252 1653 continebant,
1301 1561 1424 1625 sed
1452 1563 2025 1645 congregabantur
2063 1561 2358 1645 undique
2395 1557 2483 1622 ad
2520 1555 2760 1621 Titum

553 1664 847 1738 Tatium,
876 1683 1099 1746 regem
1129 1664 1569 1728 Sabinorum:
1610 1668 1681 1728 et
1723 1665 2111 1746 legationes·
2141 1683 2249 1741 eo,
2301 1661 2487 1746 quod
2534 1659 2760 1724 maxi-

552 1785 733 1830 mum
788 1765 974 1830 Tatii
1025 1785 1267 1830 nomen
1324 1767 1394 1829 in
1438 1766 1546 1831 his
1600 1768 1977 1850 regionibus
2022 1774 2188 1843 erat,
2238 1763 2759 1830 conveniebant.

555 1866 992 1931 Caeninenses
1023 1867 1570 1951 Crustuminique
1593 1875 1665 1932 et
1688 1866 2122 1932 Antemnates
2140 1875 2195 1905 ¹⁰
2221 1872 2430 1941 erant,
2460 1864 2551 1928 ad
2576 1880 2761 1946 quos

553 1968 700 2052 ejus
732 1968 992 2053 injuriae
1018 1989 1179 2053 pars
1210 1970 1603 2053 pertinebatss
1689 1970 1906 2034 Lente
1934 1989 2134 2053 agere
2161 1969 2248 2032 iis
2276 1968 2527 2032 Tatius
2557 1966 2759 2031 Sabi·-

552 2073 752 2154 nique
780 2073 909 2136 visi
939 2080 1121 2138 sunt.
1227 2070 1376 2154 lpsi
1404 2073 1579 2136 inter
1606 2092 1681 2136 se
1710 2080 1849 2136 tres
1878 2072 2114 2156 populi
2142 2069 2580 2135 communiter
2610 2068 2763 2130 bel·-

554 2171 689 2235 lum
713 2179 970 2255 parant.
1061 2174 1173 2240 Ne
1214 2174 1626 2238 Crustumini
1666 2175 1935 2258 quidem
1956 2178 2005 2215 ¹¹
2047 2183 2246 2259 atque
2289 2172 2762 2247 AntemnateS,

554 2292 678 2355 pro
705 2274 938 2339 ardore
973 2277 1205 2360 iraque
1237 2275 1761 2354 Caeninensium,
1806 2280 1979 2343 satis
2024 2298 2100 2342 se
2141 2276 2425 2359 impigre
2462 2281 2762 2339 movent.

554 2373 667 2438 Ita
694 2395 818 2458 per
848 2395 921 2439 se
947 2376 1171 2460 ipsum
1194 2396 1433 2441 nomen
1457 2376 1805 2443 Caeninum
1826 2376 1850 2414 f
1868 2380 1941 2445 ih
1964 2399 2192 2462 agrum
2215 2377 2602 2442 Romanum
2635 2378 2762 2440 im-

551 2485 779 2559 petum
809 2478 999 2544 facit.
1087 2479 1226 2544 Sed
1258 2480 1465 2569 effuse
1495 2484 1929 2548 vastantibus
1969 2484 2046 2548 fit
2086 2484 2328 2548 obvius
2369 2501 2523 2545 cum
2567 2499 2764 2543 exer-

552 2581 695 2644 citu
725 2580 1086 2660 Romulia,
1106 2583 1377 2667 levique
1407 2584 1770 2649 certamine
1799 2584 2011 2662 docet,
2051 2604 2290 2649 vanam
2319 2584 2471 2648 siue
2496 2582 2763 2646 viribus

551 2681 714 2747 iram
744 2704 943 2749 esse:
989 2686 1356 2750 exercitum
1386 2685 1609 2750 fundit
1635 2685 1996 2771 fugatque:
2040 2687 2263 2751 fusum
2286 2683 2761 2769 persequitur:

550 2803 768 2866 regem
797 2786 867 2848 in
888 2787 1123 2869 praelio
1154 2787 1516 2851 obtruncat
1541 2795 1567 2833 Β
1588 2793 1654 2851 et
1671 2789 1946 2870 spoliat.
1982 2789 2174 2853 Duce
2192 2787 2486 2851 hostium
2507 2786 2764 2862 occiso,

552 2887 783 2948 urbem
823 2890 1037 2967 primo
1068 2890 1321 2971 impetu
1351 2890 1554 2972 capit.
1647 2890 1814 2955 Inde
1843 2894 2143 2955 exercitu
2173 2892 2424 2955 victore
2455 2889 2762 2971 reducto,

553 2987 705 3067 ipse
753 3005 906 3049 cum
947 2988 1144 3051 sactis
1189 2990 1290 3052 vir
1327 2991 1743 3072 magnificuS,
1794 3000 1932 3059 tum
1985 2994 2313 3060 factorum
2374 2991 2763 3056 ostentator

552 3088 731 3152 haud
754 3090 989 3170 minor,
1015 3089 1239 3173 spolia
1266 3090 1458 3156 ducis
1479 3093 1773 3185 bostium
1794 3103 1845 3133 ¹²
1867 3097 2034 3161 caesi
2063 3114 2397 3179 suspensa
2416 3094 2758 3158 fabricato

1465 3238 1832 3262 OOWOOOOOO

555 3319 729 3370 Helm.
763 3324 847 3369 aut
861 3320 1133 3382 indignatio
1153 3328 1225 3371 est
1244 3322 1415 3371 minor.
1447 3324 1655 3373 sustulit
1676 3325 1965 3375 Gruterus!
1998 3328 2052 3375 J.
2084 3326 2142 3376 F.
2179 3327 2488 3375 Granum-s
2523 3323 2638 3374 Alii
2659 3337 2764 3371 sm

554 3386 750 3447 legunt.
806 3385 968 3447 Male,
994 3386 1176 3449 judice
1217 3388 1535 3451 Rupert·-—9
1566 3390 1675 3438 Ms.
1712 3390 1850 3439 Flor.
1879 3406 2012 3440 suum
2032 3391 2144 3440 uim.
2206 3390 2309 3439 Suu
2328 3390 2444 3439 vice.
2477 3388 2618 3439 Edd.
2643 3395 2764 3452 post

554 3449 745 3499 Aldum
768 3449 1021 3514 plerique.

621 3519 682 3564 10
716 3515 838 3563 Vet-
879 3515 965 3564 lib.
1009 3515 1146 3576 apud
1181 3515 1358 3578 Sigon.
1397 3517 1712 3572 Caeninensee,
1740 3519 2036 3570 Crmtomini
2073 3525 2122 3567 et
2155 3517 2617 3568 Antemnates-211
2661 3517 2761 3565 Nec

559 3578 856 3629 Crustumini
877 3579 1062 3643 quidem
1089 3582 1326 3645 plerique
1350 3580 1487 3644 iibri,
1511 3583 1836 3645 improbante
1858 3583 2154 3632 mah—12
2177 3589 2195 3612 ‘
2210 3582 2375 3647 Spolia
2399 3583 2535 3631 ducis
2551 3583 2760 3632 hostiam

1550 3713 1763 3762 NOTAE

618 3802 643 3825 ·
678 3802 745 3852 Α.
769 3805 836 3852 u,
864 3805 924 3854 c.
956 3810 1007 3855 ⁵.
1693 3811 1813 3860 olim
1837 3810 2149 3875 Aborigines
2187 3811 2493 3860 ademerant
2527 3825 2597 3860 ex
2631 3808 2759 3859 Dio·
2801 3779 2815 3790 ’

619 3876 639 3911 ¹
667 3880 853 3928 Nomen
902 3882 1173 3947 Coeninum]
1224 3884 1422 3934 Genium
1462 3887 1613 3949 oppi·
1691 3888 1841 3950 nysio
1866 3888 1898 3937 Ι.
1923 3902 1985 3938 ιι.
2033 3887 2349 3938 Plutarchus
2366 3886 2637 3936 Sabinis-s
2661 3885 2760 3933 cri·

554 3951 675 4001 dum
699 3951 799 4003 fuit
821 3959 1011 4006 veteris
1036 3960 1193 4023 Latii,
1230 3960 1455 4010 millibus
1494 3977 1611 4025 pas·
1694 3962 1773 4012 bit
1784 3963 1853 4013 ob
1870 3955 2103 4013 viciniam
2121 3965 2385 4027 utriusque
2402 3964 2578 4027 gentis
2597 3980 2612 4010 ε
2632 3963 2761 4012 Hol-

553 4043 700 4080 suum
738 4028 850 4080 fere
890 4042 1113 4096 quatuor
1134 4035 1199 4084 ab
1222 4037 1386 4100 Urbe,
1409 4044 1466 4085 ut
1488 4038 1610 4088 Clu·
1694 4039 1891 4088 stenius
1924 4039 2084 4089 fuisse
2119 4046 2271 4103 putat
2301 4040 2442 4089 circa
2486 4038 2760 4089 monticelli

557 4106 728 4153 verius
743 4119 816 4153 ex
845 4107 1102 4158 Strabone
1139 4111 1369 4173 conjicit,
1409 4113 1497 4175 qni
1536 4113 1611 4163 cis
1695 4119 1839 4174 trans
1863 4114 2136 4164 Anienem.
2746 4125 2757 4137 ⁸

554 4177 805 4230 Anienem
830 4183 986 4232 locat.
1052 4184 1097 4233 A
1136 4185 1319 4235 Cenite
1341 4186 1614 4236 conditore
1706 4199 1714 4208 ’
1757 4198 1784 4233 8
1817 4190 1996 4251 Regem
2017 4192 2071 4239 in
2085 4191 2252 4253 prelio
2286 4192 2566 4255 obtruncat]
2597 4192 2759 4241 Acro-

554 4256 744 4307 dictam
780 4257 963 4309 scribit
996 4260 1201 4312 Festus.
1266 4261 1395 4311 Eam
1426 4263 1615 4313 Siculis
1693 4278 1812 4316 nem
1832 4267 2268 4318 vocautValerius
2281 4263 2571 4332 Maximus,
2584 4277 2639 4319 et
2655 4270 2755 4318 aiii.
