3034 4925
593 400 726 468 638
1431 403 1442 410 ’
1527 420 1596 469 r.
1629 421 1834 473 mvn

584 558 780 643 quod
829 559 1086 641 agmine
1141 577 1375 654 prope·
1408 563 2028 648 quadringentorum
2081 571 2455 639 homin‘um'
2500 576 2793 654 veniens,

587 660 715 744 ,qui
754 662 838 726 ab
867 661 1050 727 Urbe
1081 662 1467 745 indignitate
1504 669 1599 732 rei
1628 673 1892 735 accensi
1923 674 2203 739 comites
2243 676 2313 741 ei
2336 697 2419 741 ‘se
2451 679 2791 755 dederant,

598 769 998 845 conspectus
1029 771 1167 845 est;
1192 772 1254 801 ¹⁸·
1278 770 1574 833 strictum
1606 772 1805 837 etiam
1836 775 2091 854 telum‚²
2119 779 2617 864 respersusque
2646 783 2785 864 ipse

596 873 876 943 cruore‚¹⁸
918 870 1055 932 tota
1085 869 1149 930 in
1178 888 1252 931 se
1294 877 1521 935 castra
1550 877 1893 939 convertit.
1981 878 2071 943 Et
2113 886 2315 964 togae,
2348 883 2784 947 multifariam

591 965 665 1029 in
697 967 934 1030 castris
960 968 1185 1047 visae‚⁰
1223 971 1495 1053 majoris
1521 975 1884 1058 aliquant0‚
1915 1000 2115 1063 quam
2149 990 2315 1060 erat,
2349 985 2665 1067 speciem
2692 1003 2786 1048 ur·

592 1066 784 1131 banae
816 1068 1250 1135 multitudinis
1277 1072 1585 1140 fecerant.
1672 1077 2162 1161 QuaerentibuS,
2211 1088 2232 1116 ‘
2250 1086 2420 1168 quid
2447 1087 2551 1150 rei
2573 1085 2787 1164 esset‚'

592 1167 761 1232 flens
812 1170 927 1235 diu
976 1191 1205 1237 vocem
1250 1194 1382 1239 non
1428 1178 1700 1244 misitzv
1743 1184 2032 1262 tandem,
2066 1191 2137 1249 ut
2171 1185 2324 1270 jam
2364 1206 2463 1250 ex
2506 1187 2792 1271 trepida-

594 1271 774 1337 tione
801 1279 1323 1342 concnrrentium
1356 1282 1544 1345 turba
1572 1285 1885 1363 constitit,
1927 1306 2008 1351 ac
2039 1288 2374 1353 silentium
2417 1289 2587 1367 suit,
2620 1290 2786 1355 ordi·-

591 1389 673 1436 ne
706 1383 972 1453 cuncta,
1015 1383 1091 1443 ut
1134 1388 1322 1461 gesta
1367 1392 1578 1463 erant,
1621 1389 1961 1471 exposuit.
2049 1389 2340 1473 Supinas
2370 1391 2633 1456 deinde
2663 1396 2789 1455 ten-

579 1473 794 1539 -dens‘¹
839 1498 1100 1558 manus»,
1132 1478 1617 1551 commilitones
1658 1490 2033 1573 appellanS‚
2062 1494 2323 1573 orabat,
2369 1498 2391 1529 ‘
2420 1494 2568 1570 Ne,
2613 1490 2788 1577 quod

573 1807 588 1844 Ξ
655 1759 681 1804 1
720 1757 1016 1822 negandum
1038 1763 1279 1826 opinatur
1301 1768 1513 1833 Doujat.
1553 1769 1605 1819 in
1636 1775 1793 1820 monte
1812 1770 2109 1834 Algida-2
2137 1774 2380 1840 Sigonius
2400 1745 2601 1825 vocem
2636 1779 2795 1825 tam

1570 1916 1786 1967 NOTAE

572 2037 583 2052 .
639 2006 685 2085 ,Β
716 2002 922 2062 Agmine
936 2019 1079 2070 prope
1094 2009 1549 2072 quadringentorum
1561 2015 1642 2062 Ιιο-

583 2089 759 2124 rmmtm
780 2078 969 2128 veniens
991 2115 1004 2130 .
1026 2115 1041 2130 .
1060 2116 1074 2132 .
1095 2092 1363 2147 conspectus
1382 2087 1477 2149 est]
1501 2089 1634 2137 Auc-

583 2158 666 2199 tor
684 2152 747 2201 de
763 2154 902 2203 Viris
923 2156 1219 2208 Illustribus
1235 2162 1330 2223 ait,
1348 2164 1633 2226 Virginium

1713 2005 1824 2062 sum
1877 2028 1988 2064 esse
2045 2029 2193 2078 posse
2234 2023 2410 2080 putat.
2499 2018 2785 2082 Repugnat

1715 2089 2062 2155 Robortellus,
2107 2093 2438 2157 ostenditque
2487 2094 2698 2158 absque
2725 2108 2782 2142 ea

1713 2181 1841 2215 voce
1865 2172 2464 2219 constare-sententiam.
2504 2170 2633 2219 Duo
2649 2171 2783 2220 enin

581 2239 769 2288 corpus
814 2228 932 2278 filiae
984 2232 1205 2300 humeris
1248 2248 1527 2299 gerentem
1569 2239 1634 2288 ad

580 2302 861 2352 exercitum
885 2306 1175 2371 profugisse
1196 2327 1211 2360 ε
1248 2313 1337 2361 sed
1364 2329 1460 2362 non
1483 2314 1634 2364 facile

569 2374 838 2441 -intelligas
862 2396 961 2445 qua
985 2387 1183 2435 ratione
1214 2387 1438 2439 humeris
1463 2391 1634 2441 defer-

580 2451 624 2501 ri
648 2467 834 2518 eorpus
860 2473 954 2520 per
974 2461 1197 2513 sedecim
1229 2466 1462 2517 milliaria
1498 2471 1634 2520 intra

581 2532 773 2591 paneas
811 2533 960 2584 horas
993 2540 1237 2599 potuerit.
1303 2543 1632 2599 Tantundem

578 2606 713 2679 euim
731 2607 971 2671 Algidum
999 2614 1162 2665 Roma
1184 2617 1429 2681 distabat,
1453 2628 1544 2670 aut
1567 2636 1632 2671 eo

578 2680 818 2758 amplius.
851 2687 1202 2740 Verosimilius
1221 2695 1414 2744 Noster
1434 2705 1488 2746 et
1508 2699 1633 2746 Dio-

576 2759 771 2823 nysius,
794 2762 1044 2826 Virginiae
1081 2781 1298 2832 corpore
1335 2771 1473 2822 inter
1513 2788 1631 2836 pro-

575 2837 882 2900 pinquorum
941 2856 1120 2893 manus
1173 2847 1371 2902 relicto,
1422 2850 1631 2900 abiisse.

577 2913 728 2964 Quod
755 2922 925 2967 tamen
963 2920 1246 2985 Dionysius
1271 2940 1403 2990 equo
1428 2935 1630 2978 vectum

573 2989 861 3052 virginium
902 2995 952 3042 in
990 3004 1160 3046 castra
1191 2999 1403 3049 rediisse
1434 3012 1630 3067 narrat,

575 3079 752 3127 parum
777 3068 898 3117 mibi
922 3071 1125 3121 videtur
1163 3077 1451 3138 probabile,
1476 3080 1631 3144 siqui-

557 3139 693 3189 .dem
731 3145 934 3205 agmine
972 3162 1136 3212 prope
1170 3155 1284 3201 4⁰⁰.
1308 3156 1629 3218 plebeiorum

575 3217 850 3267 comitatus
874 3223 1034 3271 venit.
1355 3246 1370 3251 ·

641 3298 665 3326 ¹·
687 3293 920 3345 Strictum
952 3298 1097 3348 etiam
1123 3303 1281 3365 telum,
1303 3320 1629 3372 respersusque

569 3368 671 3432 ipsc
701 3373 888 3436 more]
920 3375 1264 3439 Evaginatum
1304 3386 1525 3434 cultrum
1553 3389 1627 3433 in·

573 3446 771 3511 tellige,
788 3465 937 3513 quem
957 3466 1021 3500 ex
1042 3453 1256 3505 lanionis
1278 3459 1491 3509 taberna
1508 3462 1626 3510 Vir-

574 3523 742 3585 ginius
781 3536 1048 3590 rapueran
1107 3532 1349 3585 Quamvis
1384 3539 1517 3587 enim
1549 3546 1624 3588 te·

573 3598 697 3661 lum,
727 3601 844 3650 inde
880 3605 1075 3655 dictum
1115 3610 1251 3672 quod
1272 3610 1488 3669 τήλοθεν,
1514 3614 1625 3663 sive

572 3687 603 3722 e
626 3675 926 3743 longinquo,
948 3681 1196 3741 vibretur,
1225 3688 1456 3751 inspecta
1478 3691 1626 3753 origi·

570 3764 636 3800 ne
659 3767 725 3802 ea
747 3761 945 3807 tautum
967 3762 1342 3823 complectatur
1368 3782 1482 3831 quae
1506 3769 1624 3819 mit-

570 3830 749 3879 tuntur
787 3848 972 3898 manu3
1020 3838 1175 3887 latius
1224 3847 1394 3891 tamen
1436 3848 1623 3909 sumta,

567 3903 583 3930 ⁸
607 3907 698 3954 teli
720 3910 1069 3972 appellatione
1093 3915 1419 3978 significatur
1441 3928 1494 3969 et
1519 3920 1619 3969 fer·

548 3992 683 4028 vrum
728 3993 785 4033 et
826 3987 997 4055 fustis,
1038 3997 1093 4041 et
1124 3993 1275 4057 lapis,
1311 4004 1366 4046 et
1398 3997 1620 4064 deniqne

568 4068 717 4105 omne
761 4064 897 4123 qnod
934 4069 1154 4117 nocendi
1184 4086 1340 4121 cansa
1370 4075 1623 4125 habetur!

572 4131 812 4184 Ceterum
849 4139 1087 4204 Sigonius
1123 4161 1297 4197 vocem
1334 4155 1497 4200 tenens
1534 4153 1618 4203 hic

566 4206 847 4273 desiderat,
871 4221 928 4263 ut
962 4217 1050 4281 sit,
1076 4223 1293 4272 strictum
1310 4227 1455 4276 etiam
1477 4229 1620 4278 telum

561 4289 744 4349 teneus,
773 4286 884 4338 sine
924 4304 1027 4354 qua
1058 4297 1252 4347 nullum
1285 4309 1461 4364 aptum
1501 4319 1618 4355 sen-

1712 2244 2209 2295 admiuistratiouem
2265 2245 2521 2294 militibus
2593 2247 2780 2309 injece·

1704 2327 1859 2369 runt:
1899 2322 2065 2382 primo
2103 2323 2261 2370 telum
2297 2322 2571 2384 strictum,
2594 2321 2779 2371 deinde

1709 2396 1822 2457 ipse
1857 2396 2116 2460 Virginius
2160 2397 2406 2457 sanguine
2446 2397 2776 2460 conspersus.

1709 2474 1838 2522 Mihi
1862 2474 2148 2537 elegantior
2170 2473 2378 2521 videtur
2409 2475 2650 2536 vulgaris
2671 2489 2776 2522 sen·

1709 2552 1894 2607 tentia,
1917 2566 2066 2614 quam
2105 2558 2221 2614 post
2247 2551 2613 2601 Robur-tellum
2647 2550 2774 2600 Gro-

1709 2627 1887 2674 novius
1942 2627 2146 2689 probat.
2221 2625 2281 2675 Iu
2326 2640 2392 2676 ea
2448 2627 2593 2676 latet
2640 2625 2773 2675 forte

1707 2701 1871 2763 figura
1914 2717 2065 2766 quam
2121 2717 2334 2765 zeugma
2378 2709 2614 2753 vocant:
2660 2717 2770 2752 cun

1707 2781 1911 2828 scilicet
1937 2780 2023 2827 nni
2065 2786 2261 2829 tautum
2295 2779 2468 2842 palam
2503 2779 2770 2842 tribuitur,

1707 2857 1844 2918 quod
1888 2856 1949 2904 ad
2000 2857 2151 2915 plura
2205 2853 2338 2904 trahi
2390 2856 2506 2905 vult
2553 2853 2768 2904 Auctor.

1708 2933 1813 2981 Hic
1836 2944 1959 2994 ergo
1984 2932 2108 2981 illud
2148 2946 2386 2996 respersus
2415 2946 2616 2993 cruore,
2636 2930 2765 2995 quod

1707 3007 1900 3056 dicitur
1942 3006 2009 3055 de
2045 3007 2297 3069 virginio,
2339 3006 2470 3055 nihil
2518 3014 2669 3056 vetat
2702 3006 2765 3055 de

1709 3086 1814 3135 telo
1859 3098 2061 3148 qnoque
2115 3082 2353 3147 intelligi,
2394 3084 2546 3148 quasi
2595 3084 2764 3133 Livius

1706 3160 1946 3224 dixisset,
1984 3159 2256 3208 ‘strictum
2296 3158 2455 3208 etiam
2479 3159 2646 3209 telum
2689 3173 2763 3209 re-

1706 3250 1938 3299 spersum
1986 3249 2186 3296 cruore,
2234 3240 2290 3283 et
2334 3234 2452 3298 ipse
2497 3247 2764 3298 respersus

1706 3310 2205 3374 cruore'Virginius.’

1768 3395 1792 3421 ⁰
1832 3390 1997 3451 Togoe,'
2015 3389 2326 3448 multifariam
2345 3389 2397 3438 in
2413 3389 2596 3438 nstris
2629 3387 2764 3452 vise]

1703 3462 1942 3514 Urbanus
1992 3465 2332 3514 Romanorum
2371 3465 2586 3515 babitus
2624 3471 2762 3529 toga,

1702 3555 1814 3604 quae
1841 3540 2018 3602 primis
2040 3540 2170 3604 reip.
2197 3539 2517 3603 temporibus
2535 3554 2762 3589 winmu-

1701 3619 1778 3665 nis
1801 3615 1902 3666 fuit
1925 3617 2085 3665 vestis
2117 3623 2220 3665 tam
2245 3615 2432 3664 diurna
2464 3630 2624 3680 quam
2647 3629 2762 3665 noc·

1703 3699 1871 3750 tuma,
1901 3693 2140 3756 virorum,
2178 3699 2233 3741 et
2269 3693 2567 3753 mulierum,
2594 3692 2758 3742 Nonio

1703 3784 1764 3819 ac
1806 3769 1986 3819 Servio
2032 3769 2267 3818 testibus.
2333 3769 2651 3831 Castrensis,
2684 3781 2758 3817 a·

1701 3861 1838 3910 gum,
1863 3846 1999 3909 quod
2025 3845 2248 3905 brevius,
2264 3850 2422 3910 atque
2445 3843 2512 3893 ad
2533 3856 2757 3908 pugnen-

1700 3921 1820 3970 dum
1846 3920 2306 3970 accommodatius.

1763 4004 1790 4038 P
1831 3998 1997 4048 Vocem
2038 4012 2134 4046 non
2170 3995 2329 4060 misit]
2362 3996 2451 4046 Sic
2492 3998 2753 4062 antiquum

1699 4078 1968 4140 exemplar
2013 4073 2152 4138 apud
2185 4075 2510 4135 Rhenannm‚
2550 4074 2639 4123 alii
2664 4087 2752 4121 m

1697 4152 1870 4212 emisit,
1894 4150 2029 4216 quod
2053 4148 2463 4219 eodemrecidit.

1762 4235 1786 4269 ⁴¹
1821 4227 2028 4291 Supinas
2067 4225 2234 4274 deinde
2271 4224 2494 4288 tendens]
2551 4222 2748 4273 Miseri·

1659 4341 1662 4344 -
1697 4304 1924 4356 cordiam
1971 4315 2226 4366 opemque
2278 4301 2602 4366 implorantis
2654 4305 2745 4349 est.
