3034 4925
1080 402 1228 451 ms.
1276 402 1360 452 11.
1404 401 1567 452 on.
1610 387 1717 454 42.
2351 392 2488 461 465

268 544 478 624 bello,
511 544 864 612 Postumio
905 546 1255 614 dictatore.
1344 549 1563 615 Filius
1606 550 1786 634 eJust,
1818 548 2126 615 duumvir
2152 549 2237 616 ad
2278 551 2397 617 id·
2375 574 2486 652 ¹1³⁶.

268 667 428 712 sum
470 655 758 727 creatae,
791 648 1150 715 dedicavit.
1237 637 1570 716 Solicitati
1613 659 1682 717 et
1727 671 1812 716 eo
1858 671 2035 716 anno
2067 661 2219 719 sunt
2253 654 2486 720 dulce-

269 751 432 815 dine
461 752 737 834 agrariae
766 752 932 834 legis
963 754 1167 818 animi
1196 754 1440 838 plebiS.
1523 754 1808 819 Tribuni
1837 754 2056 839 plebis
2085 758 2480 841 popularem

268 860 678 937 potestatem
701 856 847 939 lege
868 857 1183 939 populari
1208 853 1692 922 celebrabant.‘¹
1766 858 2030 937 PatreS,
2052 861 2219 925 satis
2245 881 2323 926 su
2332 880 2477 946 per-

272 975 414 1038 que
457 958 724 1040 gratuiti
770 959 1060 1023 furoris⁹
1105 961 1175 1024 in
1218 960 1647 1025 multitudine
1687 961 2032 1027 credentes
2070 982 2245 1041 esse,
2290 964 2488 1047 largi-

267 1060 488 1125 tiones
542 1063 1069 1148 temeritatisque
1124 1065 1629 1130 invitamenta¹³
1678 1065 2064 1131 horrebant.
2149 1066 2485 1133 Acerrimi

274 1162 599 1229 Patribus
644 1164 850 1230 duces
899 1166 983 1231 ad
1014 1164 1482 1234 resistendum‘
1506 1168 1825 1232 consules
1855 1169 2066 1234 fuere.
2153 1170 2258 1234 Ea
2286 1170 2485 1252 igitur

275 1282 444 1346 pars
473 1268 565 1331 rei
596 1269 888 1352 publicae
917 1270 1100 1336 vicit.
1190 1268 1341 1334 Nec
1374 1271 1442 1334 in
1472 1288 1773 1353 praesens
1795 1269 2018 1348 modo,
2047 1270 2163 1335 sed
2199 1271 2269 1335 in
2302 1272 2488 1336 veni-

1197 1450 1559 1473 “‘OOOOO‘O‘O

344 1569 409 1615 18
445 1565 460 1594 ⁸
479 1564 561 1616 An
581 1580 685 1618 non
708 1567 888 1619 melius
910 1567 1122 1621 abesset
1141 1569 1458 1636 conjunctio,
1479 1576 1536 1621 et
1558 1569 1836 1635 epexegesi
1852 1569 2152 1622 dicerentur
2179 1570 2478 1633 largitiones,

1265 1702 1483 1753 NOTAE

276 1792 487 1844 AEmilio
504 1793 636 1845 duce
653 1798 870 1848 Romani
891 1798 1063 1862 potins
1077 1813 1179 1849 non
1198 1800 1343 1865 victi,

277 1886 434 1936 quam
454 1873 699 1938 victores,
719 1876 818 1926 hoc
841 1891 974 1927 suno
997 1878 1159 1927 videri
1183 1877 1341 1929 debe-

278 1954 393 2012 ant,
415 1950 458 1998 si
480 1950 882 2003 Halicarnasseo
905 1954 1180 2004 credimus.

345 2033 369 2060 ⁰
403 2027 618 2077 Castoris
635 2029 783 2093 oedes]
815 2031 1019 2081 Castori
1052 2039 1107 2081 et
1136 2030 1343 2080 Polluci

277 2103 531 2165 ternplum
568 2115 782 2157 voverat
810 2106 876 2157 A.
898 2107 1195 2158 Postumius
1219 2107 1343 2156 Dic·

280 2184 426 2229 tator
459 2194 593 2230 anno
628 2182 697 2231 U.
734 2182 793 2234 C.
829 2188 943 2236 258.
980 2185 1033 2234 in
1070 2199 1241 2249 pugna
1280 2183 1345 2233 sd

282 2257 540 2319 Regillum
573 2260 740 2309 lacum
777 2261 1020 2311 adversus
1042 2262 1346 2328 Tarquinios

279 2340 335 2383 et
383 2335 611 2398 Latinos,
655 2343 715 2386 ut
756 2338 872 2387 libri
914 2339 1222 2402 hujuscap.
1261 2341 1345 2387 20.

278 2408 564 2460 indicatum
608 2418 708 2475 est,
743 2412 882 2478 quod
927 2428 1110 2477 nempe
1145 2413 1344 2464 adoles-

279 2494 460 2537 centes
490 2486 638 2550 duos,
659 2490 749 2554 qui
782 2491 981 2541 bostem
1016 2505 1125 2555 prae
1153 2491 1344 2540 ceteris

279 2563 476 2614 aeriter
493 2565 543 2614 in
568 2567 749 2628 pra-lio
771 2567 1052 2630 impulisse,
1068 2582 1129 2618 ac
1154 2567 1342 2617 deinde

280 2638 555 2689 victoriam
589 2641 686 2690 sub
721 2643 890 2706 ipsum
926 2658 1111 2708 pugnae
1137 2651 1343 2708 tempus

277 2715 467 2766 Roma
488 2718 751 2767 nuntiasse
774 2719 1110 2780 dicebantur3
1144 2719 1232 2768 bos
1255 2733 1343 2784 ge-

275 2794 451 2843 minos
483 2793 693 2857 fratres,
720 2796 865 2848 Jovis
902 2798 1032 2849 filios
1065 2797 1221 2848 fuisse
1257 2805 1347 2848 eut

275 2870 614 2929 credidisset,
635 2880 724 2923 aut
748 2876 891 2925 credi
928 2877 1192 2926 voluisset.
1258 2876 1345 2925 td-

277 2945 431 2996 circo
465 2948 598 2998 hanc
634 2950 800 3000 aedem
839 2953 1132 3002 construxit
1157 2952 1207 3000 in
1231 2951 1347 3002 foro

279 3022 543 3086 Romano,
565 3026 653 3074 ubi
664 3026 884 3091 juvenes
903 3027 998 3089 illi,
1021 3043 1108 3077 seu
1124 3036 1350 3093 spectra,

276 3111 649 3162 apparuerant.
716 3103 793 3152 Ea
816 3110 934 3166 post
970 3119 1155 3153 annum
1185 3103 1351 3154 ferme

278 3189 393 3226 111.
416 3175 660 3228 dedicata
684 3186 763 3229 est
795 3179 978 3229 Idibus
1011 3181 1354 3247 Quintilibus,

279 3269 391 3318 quo
417 3253 503 3303 die
543 3263 828 3320 pugnatum
858 3256 922 3306 ad
961 3258 1217 3322 Regillum
1241 3259 1351 3309 fue·

279 3336 390 3392 rat,
429 3330 822 3397 institutumque
861 3340 943 3382 est
981 3343 1040 3384 ut
1077 3336 1352 3400 quotannis

281 3422 485 3473 eorum,
501 3409 588 3473 qui
605 3424 762 3472 equos
780 3424 845 3458 ex
862 3410 1068 3474 publico
1083 3410 1353 3474 haberent,

282 3486 509 3534 solennis
541 3487 859 3536 transvectio
897 3487 1078 3537 eodem
1114 3488 1199 3536 die
1236 3494 1355 3552 post

278 3560 589 3612 sacrificium
643 3562 815 3624 fleret,
875 3565 1084 3627 egregio
1141 3567 1353 3614 coronis

283 3639 589 3704 trabeisque
621 3646 914 3690 ornatorum
952 3642 1096 3690 velut
1119 3656 1148 3690 e
1172 3641 1353 3704 praelio

281 3717 617 3767 redeuntium
654 3718 991 3782 spectaculo:
1044 3718 1180 3783 quod
1225 3719 1354 3768 Dio·

283 3793 400 3858 nysi
423 3793 513 3842 lib.
537 3807 613 3842 vr.
638 3793 816 3844 tradit.
862 3794 977 3843 Etsi
1002 3809 1124 3843 vero
1149 3795 1353 3858 utrique

282 3868 441 3919 fratri
464 3868 638 3919 dicata
662 3869 801 3919 aedes
827 3877 982 3929 esset,
1004 3871 1158 3935 vulgo
1181 3877 1354 3921 tamen

288 3945 522 3997 Castoris
581 3946 873 4003 dicebatur,
928 3947 1071 3996 nulla
1132 3946 1356 3996 Pollucis

286 4022 586 4072 mentione:
641 4023 796 4087 idque
841 4037 909 4072 ex
964 4021 1144 4072 fabula
1187 4033 1356 4072 ortum

288 4101 546 4164 suspicor,
579 4115 697 4165 quse
732 4101 843 4150 vuit
869 4102 1139 4151 Castorem
1179 4098 1357 4149 fratris

1421 1805 1793 1865 compereant:
1827 1811 1930 1865 quo
1967 1805 2171 1864 spectet
2203 1799 2282 1849 M.
2312 1798 2490 1850 Bibuli

1422 1878 1769 1930 cumCoesare
1805 1877 2125 1927 consulatum
2161 1876 2404 1939 ineuntis,
2426 1891 2490 1927 ac

1423 1955 1726 2018 spectacula
1743 1953 2098 2002 communibus
2113 1966 2229 2001 cum
2249 1952 2336 2001 illo
2354 1966 2490 2001 sum·

1425 2032 1566 2082 tibus
1589 2030 1781 2096 populo
1799 2029 2025 2089 edentis,
2030 2028 2186 2092 ¹iocus
2207 2027 2346 2092 apud
2364 2028 2491 2078 Sue-

1426 2108 1637 2159 tonium.
1692 2108 1942 2170 Receptae
1968 2105 2293 2155 nibilominus
2315 2104 2391 2154 illi
2413 2103 2492 2153 fa·

1425 2186 1563 2236 bulae
1597 2185 1711 2234 haec
1749 2184 1862 2248 ipsa
1900 2182 1965 2232 de
1997 2196 2169 2246 pugna
2207 2181 2493 2245 Regillensi

1427 2260 1751 2311 adversatur.
1819 2257 1925 2308 Sed
1962 2257 2200 2307 nimirum
2223 2256 2493 2307 servandae

1429 2337 1726 2399 majestatis
1770 2335 2018 2384 Romanae
2079 2348 2255 2390 causa,
2308 2348 2490 2398 parum

1427 2424 1542 2466 erat
1567 2416 1768 2465 unicum
1793 2415 1846 2465 in
1890 2414 2070 2466 eadem
2098 2427 2152 2464 re
2191 2412 2491 2462 miraculum

1429 2488 1800 2541 intervenisse:
1835 2492 1916 2539 vel
1941 2491 2111 2556 potius
2131 2490 2180 2538 in
2197 2487 2493 2552 hujusmodi

1425 2566 1691 2630 figmentis
1714 2567 1896 2616 inutile
1922 2573 2013 2617 aut
2033 2565 2309 2616 absurdum
2337 2564 2494 2613 ratio-

1424 2658 1543 2693 nem
1567 2658 1821 2709 quaerere.
1887 2643 1987 2693 Illa
2009 2638 2145 2693 forte
2167 2656 2267 2691 non
2285 2640 2494 2691 omnino

1426 2719 1709 2782 rejicienda
1733 2735 1846 2785 quse
1865 2719 2225 2769 Astronomica
2248 2717 2494 2768 observa-

1427 2796 1572 2846 tione
1617 2795 1685 2846 de
1729 2797 1924 2846 coelesti
1962 2795 2299 2846 Geminorum
2347 2795 2493 2857 signo

1427 2878 1714 2939 nititur,ita
1732 2892 1787 2927 se
1804 2873 2495 2940 habentium,ut,occidcnte

1429 2954 1615 3013 altero,
1639 2954 1772 3001 alter
1795 2954 2009 3002 oriatur.

1492 3030 1516 3064 ἅ
1551 3030 1837 3093 Popularem
1857 3033 2139 3093 potestatem
2158 3029 2262 3090 lege
2279 3028 2496 3092 populari

1429 3105 1750 3167 celebrabunt]
1808 3105 2145 3155 Conabantur
2180 3119 2365 3168 nempe
2405 3105 2495 3154 tri-

1433 3183 1555 3232 buni
1579 3183 1742 3247 plebis
1766 3182 2019 3248 potestati
2041 3196 2170 3244 suae,
2188 3182 2354 3246 plebis
2381 3196 2495 3245 gra-

1431 3261 1506 3309 tia
1521 3260 1799 3324 institutae,
1819 3259 1980 3308 decus
1996 3272 2058 3308 se
2079 3273 2263 3309 nomen
2282 3258 2502 3318 addere,

1432 3337 1701 3400 proposita
1723 3337 1843 3400 iege
1879 3336 2086 3398 agraria
2121 3334 2261 3399 plebi
2289 3347 2495 3398 semper

1435 3414 1750 3478 gratissima.
2494 3424 2502 3432 ‘

1498 3498 1522 3523 Θ
1558 3488 1778 3538 Gratuiti
1801 3487 2014 3551 suroris]
2075 3484 2325 3535 seditiosi
2370 3499 2494 3534 sane

1435 3568 1649 3632 spiritus
1672 3573 1859 3630 sponte
1881 3567 1932 3613 in
1967 3564 2150 3613 animis
2174 3561 2495 3627 plebeiorum

1433 3641 1871 3702 effervescebant,
1920 3641 1996 3688 its
2054 3644 2114 3687 ut
2168 3637 2495 3687 tribunorum

1435 3735 1595 3784 opera
1631 3718 1696 3768 ad
1736 3731 1825 3766 eos
1861 3713 2164 3765 excitandos
2205 3712 2330 3763 nihii
2365 3726 2496 3781 opus

1431 3803 1590 3847 esset.
2499 3808 2504 3817 ·

1500 3872 1521 3907 f
1546 3871 1856 3933 Largitiones
1904 3866 2277 3931 temeritatisque
2317 3866 2495 3917 invita·

1434 3950 1618 4013 menta]
1651 3948 1840 3999 Mallet
1863 3944 2153 3996 Gronovius
2175 3944 2353 3994 abesse
2376 3946 2506 3994 con-⁰·

1429 4029 1782 4092 junctionem,
1799 4031 1852 4073 et
1872 4021 2195 4086 appositione
2214 4020 2321 4070 sive
2339 4036 2497 4086 epex-

1437 4104 1577 4168 egesi
1603 4102 1704 4151 dici
1727 4100 2024 4163 largitiones,
2058 4098 2343 4148 temeritaertis
2370 4098 2496 4146 insi-

290 4185 462 4228 morte
481 4178 789 4241 redemtum,
813 4178 888 4227 ita
904 4184 981 4241 ut,
996 4179 1167 4249 ‘altero
1183 4177 1234 4228 in
1254 4185 1358 4227 ter·
1436 4183 1674 4230 tamenta.-
1707 4176 1798 4226 sed
1814 4175 2055 4238 exignum
2073 4180 2169 4238 est,
2183 4179 2272 4223 aut
2287 4173 2497 4227 nullum,

291 4256 363 4305 ris
388 4261 480 4305 aut
517 4255 658 4305 inter
693 4254 888 4304 coelites
919 4255 1195 4317 existente,
1228 4256 1360 4303 alter
1439 4256 1577 4305 inter
1598 4255 1706 4302 lure
1731 4252 1832 4303 duo
1866 4251 2164 4316 discrimen,
2184 4251 2227 4301 si
2249 4249 2499 4329 sententi-

294 4332 437 4397 apud
460 4330 667 4382 Inferos
702 4329 880 4396 degat,
903 4344 1001 4383 nec
1036 4332 1188 4383 ambo
1211 4332 1362 4383 simul
1443 4347 1522 4382 sm
1548 4337 1767 4397 spectes.
2477 4344 2480 4349 ·
