3034 4925
968 411 1156 468 viu
1207 416 1300 466 Εἰ·
1346 413 1714 493 ms‘ronu
1764 416 1944 468 nou.
2463 403 2550 468 17

362 581 569 630 causa
604 548 705 626 ⁴ab
745 560 942 626 initio
977 579 1200 626 rerum
1240 560 1692 630 Romanarum
1723 578 1941 646 usque
1971 561 2056 628 ad
2100 563 2187 627 P.
2219 554 2549 642 Mucium,

360 665 743 749 pontificem
801 664 1194 741 maximum,
1267 679 1372 729 res
1444 682 1681 730 omnes
1752 662 2156 746 singulorum
2230 677 2552 732 annorum

322 768 727 837 ..mandabat
765 767 978 833 literis
1013 766 1323 851 pontifex
1361 766 1703 832 maximus
1733 765 2188 851 referebatque
2225 766 2294 831 in
2326 768 2553 834 album

362 880 432 937 et
486 871 904 955 proponebat
947 870 1250 936 tabulam
1308 869 1514 943 dorni,
1559 878 1867 955 potestas
1926 879 2004 939 ut
2056 878 2239 938 esset
2294 872 2555 955 populo

292 1051 305 1058 ὓ
365 971 854 1054 cognoscendi3
902 971 976 1049 ii,
999 972 1116 1055 qui
1142 972 1342 1038 etiam
1372 991 1545 1038 nunc
1577 974 1853 1039 annales
1899 974 2173 1040 maximi
2216 975 2555 1038 nominan-

366 1081 492 1141 tur.
582 1074 782 1140 Hanc
834 1072 1337 1140 similitudinem
1370 1071 1703 1139 scribendi
1754 1076 1941 1142 multi
1973 1076 2190 1141 secuti
2217 1082 2395 1152 sunt,
2438 1074 2558 1160 qui

367 1179 509 1246 sine
549 1177 705 1242 ullis
747 1177 1147 1243 ornamentis
1186 1183 1611 1242 monumenta
1646 1176 1862 1242 solum
1906 1183 2301 1262 temporum,
2347 1177 2558 1244 bomi-

366 1300 548 1357 num,
613 1281 909 1345 locorum
984 1283 1453 1363 gestarumque
1520 1299 1731 1346 rerum
1804 1282 2231 1364 reliquerunt.
2321 1278 2560 1363 Itaque

365 1384 595 1469 qualis
625 1383 809 1467 apud
841 1383 1125 1450 Graecos
1153 1381 1602 1467 Pherecydes,
1631 1382 2059 1461 Hellanicus,
2088 1382 2405 1450 Acusilas
2433 1381 2565 1448 fuit

368 1488 617 1569 aliique
646 1485 988 1569 permulti,
1019 1484 1179 1551 talis
1203 1492 1429 1549 noster
1447 1484 1628 1551 Cato
1658 1493 1725 1550 et
1747 1484 1981 1551 Pictor
2010 1493 2077 1554 et
2106 1486 2270 1551 Piso
2298 1491 2363 1550 et
2380 1484 2565 1549 Van-

366 1591 527 1655 nius
551 1595 620 1653 et
640 1589 1058 1654 Vennonius.
1109 1586 1521 1671 Quanquam
1551 1607 1641 1653 ex
1672 1588 1777 1654 bis
1802 1589 1974 1654 alius
2005 1589 2139 1654 alio
2166 1589 2326 1672 plus
2357 1587 2567 1654 habet

307 1720 313 1726 ·
374 1693 632 1770 virium,
661 1698 881 1758 tamen
913 1690 1077 1776 quid
1108 1698 1242 1756 tam
1273 1691 1481 1769 exile,
1512 1711 1719 1776 quam
1748 1692 1860 1756 isti
1906 1712 2157 1769 omnes,
2198 1691 2317 1775 qui
2353 1711 2570 1777 neque

371 1800 615 1872 tenent,
647 1794 892 1878 quibus
936 1796 1136 1860 rebus
1179 1803 1451 1862 ornatur
1493 1796 1710 1862 oratio
1733 1796 1763 1858 ‘t
1809 1795 2007 1861 modo
2051 1797 2223 1859 enim
2269 1794 2398 1859 buc
2431 1795 2568 1859 ista

369 1906 525 1963 sunt
554 1899 932 1983 importata,
962 1904 1050 1976 et,
1077 1899 1235 1962 dum
1285 1899 1712 1982 intelligatur,
1760 1899 1920 1984 quid
1959 1899 2208 1975 dicant,
2239 1915 2437 1961 uuam
2467 1896 2568 1961 di-

372 2000 572 2065 cendi
599 2000 861 2066 laudem
891 2008 1135 2084 putant
1161 2020 1313 2067 esse
1340 2002 1759 2068 brevitatem.
1850 2001 2214 2067 Paululum
2250 2019 2324 2065 se
2355 2000 2571 2065 erexit

370 2109 439 2166 et
492 2101 757 2168 addidit
828 2103 1129 2169 historiae
1188 2104 1510 2189 majorem
1572 2124 1812 2170 sonum
1867 2107 2058 2170 vocis
2116 2105 2220 2169 vir
2277 2102 2572 2187 optimus

375 2203 636 2270 Coelius
693 2202 1079 2291 Antipater.
1182 2205 1408 2272 Ceteri
1468 2226 1602 2271 non
1659 2213 2098 2274 exornatores
2155 2225 2399 2283 rerum,
2452 2202 2572 2270 sed

376 2308 844 2373 tantummodo
897 2315 1273 2374 narratores
1318 2308 1625 2390 fuerunt3
1689 2318 1760 2374 et
1805 2309 2051 2375 ultima
2110 2316 2415 2392 tempora
2469 2307 2574 2373 sic

377 2410 635 2494 scripta
657 2418 833 2490 sunt,
864 2418 942 2477 ut
971 2431 1055 2477 ne
1086 2411 1393 2495 legantur
1414 2412 1706 2496 quidem·
1796 2412 1934 2478 Sed
1975 2413 2104 2478 isto
2129 2413 2283 2496 ipse
2313 2409 2576 2475 Coelius

375 2533 594 2596 neque
637 2513 954 2580 distinxit
996 2515 1346 2581 historiam
1377 2516 1703 2583 varietate
1745 2516 2047 2580 locorum
2088 2534 2308 2597 neque
2340 2513 2576 2576 verbo-

376 2634 519 2696 rum
550 2617 999 2683 collocatione
1029 2623 1100 2682 et
1126 2626 1347 2684 tractu
1378 2619 1691 2683 orationis
1719 2618 1854 2682 leni
1882 2624 1955 2681 et
1982 2614 2302 2700 aequabili
2335 2631 2577 2696 perpo-

356 2719 530 2782 ‚livit
556 2716 726 2783 illud
755 2739 934 2802 opus
960 2740 978 2800 ;
1021 2719 1145 2784 sed
1180 2728 1253 2785 ut
1279 2720 1477 2787 bomo
1506 2738 1722 2803 neque
1749 2720 2014 2797 doctus,
2043 2736 2255 2801 neque
2283 2715 2578 2781 maxime

379 2828 585 2904 aptu's
618 2820 707 2885 ad
760 2821 1141 2899 dicendum,
1178 2822 1353 2887 sicut
1378 2823 1647 2906 potuit,
1684 2810 1961 2898 dolavit,
1996 2818 2370 2900 habuitque
2403 2816 2577 2881 vires

380 2929 681 3004 agrestes
730 2932 937 3006 atque
988 2925 1314 3002 horridae,
1367 2926 1514 2990 sine
1568 2925 1784 2990 nitore
1840 2932 1922 2989 ac
1979 2921 2336 3006 palaestra:
2409 2918 2580 2985 vicit

378 3029 602 3093 tamen
633 3028 1052 3109 superiores:
1098 3034 1168 3092 et
1201 3028 1551 3093 admonere
1592 3028 1886 3112 reliquos
1916 3024 2159 3110 potuit,
2190 3031 2263 3089 ut
2302 3041 2580 3087 accura-

381 3127 513 3192 tius
565 3129 950 3194 scriberent.
1039 3129 1220 3196 Ecce
1256 3137 1484 3196 autem
1532 3150 1928 3197 successere
1957 3128 2111 3193 hnic
2164 3124 2392 3201 Gellii,
2423 3123 2581 3189 Clo-

270 3246 283 3253 *
383 3227 558 3307 dius,
584 3228 869 3309 Asellio,
914 3230 1082 3296 nihil
1123 3233 1209 3296 ad
1263 3231 1579 3310 Coelium,
1614 3233 1731 3298 sed
1766 3233 2001 3316 potius
2031 3230 2120 3295 ad
2153 3229 2582 3312 antiquorum

382 3331 773 3414 languorem
818 3339 1017 3418 atque
1068 3334 1427 3399 inscitiam.
1515 3335 1699 3400 Nam
1759 3335 1926 3419 quid
1987 3333 2293 3398 Macrum
2350 3350 2582 3395 nume-

384 3452 521 3499 rem
546 3433 578 3497 ‘l
626 3435 820 3519 cujus
864 3437 1245 3521 loquacitas
1282 3437 1487 3503 habet
1539 3438 1796 3521 aliquid
1843 3438 2294 3520 argutiarum;
2340 3450 2463 3498 nee
2509 3432 2584 3496 id

385 3543 619 3601 tamen
647 3555 735 3600 ex
765 3537 885 3605 illa
917 3539 1185 3604 erudita
1215 3538 1609 3605 Graecorum
1654 3541 1882 3624 copia,
1927 3539 2050 3604 sed
2090 3556 2182 3603 ex
2228 3535 2584 3601 librariolis

387 3637 681 3703 Latinis:
744 3640 815 3702 in
868 3642 1285 3706 orationibus
1331 3651 1560 3706 autem
1608 3642 1859 3708 multus
1888 3649 1957 3706 et
1986 3641 2255 3723 ineptus
2287 3637 2373 3701 ad
2403 3655 2586 3699 sum-

386 3760 565 3804 mam
621 3742 1129 3826 impudentiam.
1222 3744 1529 3823 Sisenna,
1581 3744 1731 3827 ejus
1772 3744 2059 3819 amicuS,
2103 3758 2335 3804 omnes
2367 3737 2584 3802 adbuc

387 3852 649 3926 nostros
678 3845 1055 3931 scriptores,
1100 3847 1233 3911 nisi
1262 3848 1379 3930 qui
1401 3846 1573 3912 forte
1601 3847 1890 3911 nondum
1923 3842 2296 3927 ediderunt,
2317 3840 2410 3905 'de
2438 3840 2587 3924 qui-

388 3945 521 4009 bus
552 3945 942 4012 existimare
988 3968 1116 4013 non
1148 3969 1531 4033 possumus,
1575 3948 1774 4013 facile
1804 3945 2173 4030 superavit.
2263 3945 2335 4009 Is
2359 3953 2587 4009 tamen

392 4066 616 4130 neque
646 4053 861 4113 orator
888 4049 957 4113 iu
987 4069 1261 4116 numero
1316 4058 1549 4115 nostro
1598 4068 1892 4135 unquam
1922 4057 2033 4114 est
2070 4049 2366 4126 babitus,
2403 4053 2475 4110 et
2519 4046 2586 4109 in

394 4147 673 4214 historia
700 4151 960 4232 puerile
989 4152 1306 4236 quiddam
1337 4160 1794 4230 consectatum
1841 4159 1915 4216 ut
1938 4170 2136 4216 unum
2160 4149 2587 4220 Clitarcburn,

396 4272 610 4337 neque
667 4262 998 4336 praeterea
1051 4275 1429 4340 quenquam
1481 4254 1565 4318 de
1619 4254 1910 4339 Graecis,
1939 4254 2184 4336 legisse
2235 4251 2586 4331 videatur3

528 4371 704 4434 Delph.
724 4378 771 4421 et
802 4372 917 4422 Var.
945 4375 1075 4423 Clas.
1428 4373 1615 4423 Livius,
2411 4367 2456 4414 Β
