3034 4925
945 370 1126 421 vm».
1180 370 1270 419 Εἰ·
1319 362 1690 420 ms‘rom‘p.
1741 365 1921 419 Rom.
2175 319 2197 342 ’
2483 353 2529 418 9

339 514 670 581 Firmicus
710 514 828 599 (de
857 531 1056 581 error.
1096 516 1262 598 prof.
1304 516 1491 597 relig.
1523 535 1592 598 p.
1622 513 1811 599 419.)
1840 511 2164 598 appellat,
2196 510 2528 590 Annales,⁶

336 620 573 684 Livius
618 619 705 684 ab
738 616 921 682 Urbe
963 617 1233 694 condita
1268 617 1353 681 ad
1393 638 1457 682 a.
1503 630 1868 711 pccxnIV.
1914 635 2034 680 seu
2066 615 2431 680 adbellum
2457 616 2526 680 in

337 719 703 785 Germania
747 738 789 783 a
843 720 1072 785 Druso
1108 727 1368 802 gestum
1411 719 1744 803 hujusque
1803 726 2079 784 mortem
2125 725 2525 801 persecutus

334 827 495 899 erat,
525 841 662 886 non
695 837 794 885 ox
808 838 873 885 ι..
904 828 983 887 ut
1010 822 1205 903 vulgo
1234 820 1399 885 olim
1430 820 1855 898 credebatur,
1884 820 2005 884 sed
2034 835 2135 883 ox
2152 835 2280 883 nn.
2308 818 2524 882 libris.

337 923 422 988 Id
452 924 701 989 diserte
731 925 940 988 tradit
966 922 1373 1005 Petrarcha3
1435 922 1557 1008 (de
1587 924 1793 987 rebus
1820 942 2099 986 memor.
2133 939 2180 985 ι.
2209 919 2272 985 8.
2301 920 2414 984 vel
2443 919 2528 982 de

338 1027 479 1090 otio
510 1045 592 1090 ac
633 1025 991 1091 solitudine
1027 1023 1446 1108 quorundam
1478 1027 1766 1090 virorum
1812 1043 1869 1088 c.
1900 1024 1993 1103 8.)
2035 1043 2260 1107 neque
2301 1024 2531 1087 obstat

333 1147 654 1192 numerus
686 1125 1149 1211 Epitomarum,
1180 1128 1294 1210 qui
1326 1146 1697 1210 perversam
1725 1128 1915 1192 illam
1946 1127 2330 1209 opinionem
2360 1125 2524 1188 divi-

334 1229 722 1313 sionemque
749 1230 1074 1294 librorum
1114 1231 1183 1293 in
1220 1225 1537 1308 Demdas,
1569 1249 1612 1293 a
1640 1230 1826 1294 nullo
1859 1234 2145 1294 veterum
2179 1226 2530 1291 Gramma·

332 1333 640 1408 ticorum,
689 1331 933 1396 nedum
981 1332 1069 1396 ab
1116 1332 1272 1411 ipso
1325 1340 1622 1411 auctore,
1674 1338 2132 1407 memoratam,
2182 1330 2530 1413 peperisse

335 1430 635 1498 videtur:
702 1452 853 1498 nam
899 1434 1246 1517 Epitomas
1297 1434 1622 1498 librorum
1671 1446 2002 1497 cxxxvr.
2046 1436 2112 1494 et
2157 1446 2529 1494 cxxxvii.

333 1534 772 1613 intercidisse,
804 1540 940 1600 tum
972 1555 1058 1600 ex
1100 1555 1183 1601 eo
1227 1536 1572 1619 probabile
1602 1535 1701 1612 fit,
1735 1532 1921 1618 quod
1965 1532 2035 1596 in
2072 1531 2239 1595 Exc.
2280 1530 2531 1596 Pithoei

336 1635 504 1700 etin
540 1634 705 1701 Mss.
739 1636 936 1720 Berg.
964 1642 1031 1702 et
1059 1636 1288 1719 Sigon.
1317 1644 1742 1703 numerantur
1768 1652 1868 1700 cx
1884 1651 2013 1699 ιιι.
2046 1634 2401 1718 Epitomae‚
2432 1639 2531 1697 at-

334 1757 468 1821 que
496 1737 569 1800 in
605 1738 736 1803 fine
774 1738 957 1823 Epit.
989 1755 1295 1803 cxxxv.
1326 1760 1607 1806 vacuum
1638 1740 1939 1805 relictum
1977 1744 2081 1802 est
2109 1736 2431 1820 spatium,
2459 1735 2528 1804 in

335 1857 477 1922 quo
516 1839 624 1904 hae
660 1842 968 1923 leguntur
1006 1847 1205 1928 notar,
1245 1840 1622 1926 generaliter
1659 1852 1718 1906 ee
1756 1838 2153 1905 communiter
2181 1836 2279 1901 hic
2310 1847 2401 1901 est
2427 1836 2531 1900 de.

315 1938 536 2025 fectus
570 1941 956 2025 quorundam
987 1941 1309 2021 librorum,
1338 1951 1407 2008 et
1435 1942 1534 2007 hic
1560 1942 1788 2027 deficit,
1819 1949 1962 2007 tum
1993 1961 2083 2006 ex
2112 1937 2532 2005 multitudine

332 2062 658 2114 annerum
687 2045 1350 2130 memorabiliumque
1395 2066 1638 2123 rerum,
1668 2044 1769 2130 (v.
1800 2065 1863 2110 c.
1907 2045 2221 2109 ludorum
2251 2041 2535 2107 saecula-

334 2144 530 2221 rium,
564 2146 939 2212 tribuniciae
979 2148 1338 2232 potestatis
1365 2146 1685 2228 Augusti,
1713 2146 1947 2230 templi
1985 2145 2031 2210 J
2036 2146 2150 2212 ani
2192 2145 2277 2208 ab
2306 2162 2388 2207 eo
2425 2142 2534 2207 bis

339 2246 578 2324 clausi,
622 2249 770 2332 διο.)
812 2266 1018 2330 quam
1049 2250 1136 2312 ab
1168 2255 1442 2314 auctore
1472 2248 1935 2332 Epitomarum
1966 2248 2231 2313 silentio
2262 2251 2534 2330 proeter-

337 2347 619 2412 missam
669 2348 906 2428 fuisse,
944 2370 1082 2415 non
1131 2350 1330 2416 facile
1365 2350 1513 2428 erit,
1566 2351 1687 2435 qui
1732 2351 1864 2416 sibi
1909 2350 2337 2433 persuadeat.
2426 2346 2535 2412 Ex

334 2449 468 2515 illis
497 2458 723 2517 autern
743 2468 987 2516 oxnn.
1011 2451 1200 2519 libris
1229 2452 1406 2521 Livii
1425 2475 1556 2520 non
1579 2449 1805 2538 plures
1830 2452 2029 2519 hodie
2053 2471 2255 2537 quam
2279 2465 2535 2514 xxxv.

335 2560 406 2616 et
453 2554 762 2626 nonnulli
802 2554 996 2632 (xm.
1045 2570 1277 2619 xum.
1332 2572 1552 2621 xmv.
1589 2554 1809 2639 xcv.)
1852 2575 1938 2619 ne
1983 2555 2218 2637 integri
2261 2551 2536 2635 quidem

338 2662 600 2725 restant
619 2676 661 2720 ι-
706 2676 986 2741 quorum
1043 2657 1274 2723 decem
1325 2660 1584 2741 priores
1635 2657 1983 2723 historiam
2027 2654 2404 2721 Romanam
2449 2651 2536 2715 ab

332 2758 595 2840 origine
624 2757 833 2824 Urbis
864 2760 953 2826 ad
981 2779 1045 2825 a.
1074 2775 1389 2824 ccecnx.
1418 2760 1680 2850 reiiqui,
1709 2774 2082 2823 xxi-XLV.
2117 2758 2204 2821 ab
2236 2775 2300 2821 a.
2332 2754 2423 2820 U.
2454 2751 2535 2817 C.

340 2876 688 2925 nxxxv1.
719 2862 807 2926 ad
836 2882 896 2927 a.
938 2878 1333 2927 nnxxxvr.
1375 2884 1495 2929 seu
1527 2864 1614 2929 ab
1645 2862 1834 2928 initio
1861 2860 2022 2928 belli
2067 2859 2304 2925 Punici
2336 2874 2417 2922 ιι.
2450 2856 2536 2921 ad

337 2961 537 3028 finem
582 2963 909 3029 bellorum
948 2983 1105 3029 cum
1144 2965 1394 3031 Perseo
1420 2965 1807 3049 Gentioque
1836 2970 2169 3048 gestorum
2197 2960 2539 3043 complec-

338 3068 586 3128 tuntur.
673 3065 936 3131 Harum
995 3067 1416 3151 reliquiarum
1468 3068 1869 3152 praestantia
1920 3068 2157 3131 mirum
2218 3067 2537 3148 quantum

339 3167 613 3230 exacuit
641 3167 985 3247 librorum,
1010 3171 1132 3252 qui
1159 3172 1432 3253 periere,
1455 3170 1858 3236 desiderium
1882 3186 2291 3250 sensumque
2312 3166 2540 3247 ingen·

342 3266 448 3345 tis,
480 3286 682 3351 quam
719 3268 1025 3348 fecimus,
1061 3271 1393 3355 jaeturae3
1457 3292 1612 3356 quae
1650 3270 2003 3337 tribuenda
2047 3276 2151 3335 est
2199 3275 2339 3333 tum
2375 3264 2538 3330 moli

346 3367 592 3451 operis,
624 3369 819 3453 cujus
857 3371 1279 3465 describendi
1309 3373 1608 3441 laborem
1638 3374 2051 3457 refugiebant
2088 3370 2315 3455 ignavi
2351 3385 2539 3433 mon-

345 3469 519 3547 achi,
561 3471 633 3533 in
674 3491 807 3537 una
848 3472 1195 3558 alteraque
1242 3475 1517 3541 Decade
1561 3482 1678 3542 aut
1723 3476 2057 3559 Epitomis
2098 3472 2539 3556 acquiescen-

345 3578 470 3648 teS,
502 3577 645 3635 tum
677 3572 1003 3656 Caligulae
1033 3575 1206 3660 Imp.
1244 3582 1314 3641 et
1346 3576 1673 3660 Gregorio
1711 3577 1815 3641 Μ.
1846 3575 2188 3651 Pontifici,
2221 3592 2395 3656 quos
2423 3591 2540 3635 eo-

344 3670 563 3735 dicum
609 3672 787 3738 Livii
834 3676 1320 3742 abolendorum
1368 3679 1655 3745 consilia
1704 3679 1993 3761 agitasse
2037 3675 2307 3741 tradunt
2344 3674 2538 3738 Suet.

345 3771 562 3857 Calig.
584 3775 694 3839 34.
724 3784 797 3840 et
826 3776 1030 3844 Rich.
1063 3778 1525 3846 Montacutius
1553 3783 1623 3846 in
1654 3781 1855 3846 Praef.
1883 3780 1971 3845 ad
2001 3776 2357 3842 Analecta.

430 3876 700 3958 Integer
728 3877 965 3945 Livius
996 3889 1341 3966 superstes
1369 3882 1496 3950 fuit
1527 3885 1703 3950 Soec.
1735 3901 1840 3948 ιν.
1873 3888 1939 3946 et
1970 3897 2041 3946 V.
2086 3879 2263 3945 forte
2291 3884 2357 3946 et
2389 3895 2539 3944 xn.

409 4122 433 4159 ¹²
466 4126 548 4178 De
590 4127 898 4181 historiarum
935 4137 992 4182 et
1025 4134 1265 4183 maulam
1298 4134 1402 4185 dis·
1481 4136 1573 4188 citi
1597 4135 1703 4188 vita
1725 4137 1782 4183 et
1804 4129 2008 4195 ncriptis
2032 4145 2084 4196 p.
2109 4132 2187 4181 1⁸.
2209 4140 2287 4195 sq.

347 4200 560 4252 crimine
584 4203 847 4270 disputavi
870 4209 922 4259 iu
951 4210 1199 4274 prooemio
1218 4210 1284 4263 de
1304 4212 1401 4265 Ta·
1516 4250 1526 4263 .
