3034 4925
597 361 725 429 408

597 554 641 600 a
669 531 932 599 civibus
961 532 1199 612 captos
1229 529 1300 590 et
1329 539 1695 609 oppressos
1741 534 1928 597 esse3
1974 509 2407 593 tutioremque
2449 504 2523 569 in
2574 500 2777 578 bello,

591 655 791 722 quam
838 636 907 698 in
954 652 1148 716 pace,
1193 629 1361 694 inter
1402 627 1661 701 hostes,
1701 638 1902 706 quam
1945 615 2109 681 inter
2153 612 2355 689 civeS,
2401 608 2782 673 libertatem

593 739 818 824 plebis
866 734 1056 801 esse?
1143 731 1604 812 Invidiamque
1654 721 1836 802 eam,
1886 738 2013 785 sua
2063 720 2311 799 sponte
2335 710 2781 794 gliscentem,

596 840 877 923 insignis
929 837 1130 901 unius
1179 833 1525 899 calamitas
1577 825 1901 893 accendit.
1991 821 2245 902 Magno
2294 821 2456 880 natu
2503 809 2785 896 quidam

598 964 754 1008 cum
785 943 1078 1007 omnium
1105 938 1438 1003 malorum
1465 950 1732 999 suorum
1759 922 2156 1010 insignibus⁶
2173 939 2264 986 ‘se
2293 920 2364 983 in
2385 916 2606 981 forum
2636 932 2788 996 pro·

585 1047 782 1130 jecit.
870 1042 1111 1107 Obsita
1135 1048 1281 1105 erat
1309 1037 1618 1123 squalore
1642 1031 1875 1110 vestis,
1903 1015 2155 1095 foedior
2183 1020 2480 1106 corporis
2509 1016 2788 1081 habitus

596 1149 845 1235 pallore
874 1167 956 1213 ac
986 1144 1202 1210 macie
1230 1142 1500 1227 peremti
1512 1140 1556 1201 ,ὲ
1640 1135 1752 1201 Ad
1783 1135 1936 1213 hoc,
1965 1129 2314 1216 promissa
2342 1125 2553 1192 barba
2575 1126 2657 1185 et
2685 1140 2789 1184 ca-

599 1252 750 1337 pilli
793 1250 1220 1316 efferaverant
1241 1256 1262 1283 ¹
1307 1245 1605 1331 speciem
1654 1241 1812 1306 oris·
1919 1234 2401 1302 Noscitabatur
2435 1229 2688 1292 'tamen
2731 1223 2792 1285 in

513 1359 516 1363 ’
597 1360 778 1420 tanta
808 1349 1244 1429 deformitate,
1283 1355 1354 1413 *et
1377 1347 1646 1412 ordines
1679 1342 1961 1409 duxisse
1979 1346 2001 1375 ⁸
2046 1337 2331 1413 aiebant,
2363 1330 2642 1414 aliaque
2677 1327 2793 1391 mi·

594 1457 762 1522 litiae
787 1454 1030 1520 decora
1059 1454 1284 1535 vulgo,
1317 1451 1706 1515 miserantes
1722 1465 1897 1521 eum,
1916 1441 2292 1527 jactabant.
2357 1436 2545 1519 Ipse,
2578 1438 2793 1500 testes

596 1559 1010 1622 honestarum
1045 1556 1304 1638 aliquot
1328 1553 1498 1618 locis
1522 1567 1916 1637 pugnarum,
1944 1544 2295 1610 cicatrices
2316 1539 2615 1604 adverso
2640 1535 2795 1618 pec·

599 1669 748 1725 tore
775 1658 1176 1722 ostentabat.
1265 1654 1782 1722 sciscitantibus
1827 1654 1849 1685 ‘
1871 1644 2050 1716 unde
2094 1646 2207 1711 ille
2249 1643 2515 1708 habitus
2537 1640 2567 1702 ‘1
2611 1634 2795 1701 ‘unde

576 1760 986 1826 -deformitas
1009 1760 1040 1822 ‘l
1061 1758 1079 1784 ’
1124 1778 1272 1824 cum
1304 1756 1705 1823 circumfusa
1749 1753 1945 1818 turba
1972 1755 2149 1815 esset
2175 1765 2385 1834 prope
2411 1746 2483 1809 in
2517 1740 2796 1808 concio-

594 1865 697 1929 nis
726 1860 1022 1939 modum,
1048 1861 1333 1927 ‘Sabino
1361 1856 1582 1938 bello,'
1614 1858 1733 1936 ait,
1762 1862 1784 1895 ‘
1804 1876 1881 1920 se
1910 1855 2324 1929 militantem,
2341 1847 2798 1933 quiapropter

597 1966 1073 2050 populationes
1113 1965 1248 2047 agri
1297 1982 1434 2027 non
1479 1962 1699 2026 fructu
1750 1956 1954 2023 modo
1986 1955 2310 2031 caruerit,
2351 1950 2468 2017 sed
2498 1949 2678 2015 villa
2704 1947 2794 2010 in-

603 2086 805 2133 censa
830 2068 1055 2147 fuerit,
1083 2067 1343 2149 direpta
1370 2063 1620 2141 omnia,
1650 2078 1899 2145 pecora
1945 2059 2214 2134 abacta,
2265 2055 2584 2120 tributum
2603 2049 2628 2085 ²
2679 2047 2798 2114 ini-

602 2189 740 2253 quo
773 2189 897 2235 suo
929 2177 1233 2255 tempore
1276 2168 1697 2250 imperatum,
1726 2183 1823 2229 aes
1852 2162 2144 2227 alienum
2172 2158 2414 2224 fecisse
2436 2157 2456 2221 ἑ
2478 2163 2508 2205 ⁹
2545 2152 2658 2232 id,
2690 2169 2797 2215 cu·

660 2352 678 2385 ἱ
712 2353 833 2403 Cum
861 2353 989 2404 notis
1022 2352 1233 2403 omnibu·
1251 2364 1570 2401 erumnarum
1590 2365 1622 2401 a
1641 2363 1693 2399 ae
1729 2360 2049 2414 perpessarum
2082 2344 2135 2395 in
2169 2340 2419 2394 creditoris
2445 2339 2526 2391 ui
2544 2339 2797 2390 mafie-

600 2425 1077 2536 wzczsstabescentir
1093 2489 1143 2535 et
1163 2483 1395 2535 commi
1412 2480 1582 2533 uncie.

1522 2624 1547 2646 ὀ
1554 2625 1608 2644 ae
1615 2616 1816 2644 eeeeb'eo
1822 2616 1879 2644 οὗ
1913 2604 1916 2609 ’

658 2736 695 2781 9
729 2729 1025 2796 Legendum
1057 2738 1232 2781 monet
1253 2730 1310 2783 J.
1337 2730 1395 2780 F.
1420 2729 1649 2780 Gronov.
1697 2728 1876 2778 tributo
1917 2724 2075 2790 iniquo
2108 2737 2193 2775 nuo
2224 2727 2431 2786 tmpore
2470 2719 2708 2783 iupa-ato
2737 2728 2798 2764 α

1482 2876 1485 2879 “
1592 2873 1835 2928 NOTAE-

591 2977 647 3023 8.
701 2974 820 3024 Hac
843 2975 1054 3025 licentia
1072 2989 1209 3026 nnnc
1233 2975 1378 3026 abusi
1396 2975 1545 3025 multi
1571 2989 1659 3038 pa·
1740 2973 1885 3036 vitio,
1908 2962 2179 3023 auferendi
2201 2981 2366 3023 casun,
2406 2964 2522 3015 sive
2556 2962 2699 3029 qnod
2723 2961 2799 3012 12·-

597 3050 867 3099 triciorum
892 3052 943 3100 in
967 3059 1116 3116 terga
1136 3067 1337 3117 quoque
1370 3051 1661 3103 debitorum
1740 3042 1877 3100 vium
1900 3049 2060 3111 magis
2085 3046 2291 3109 sapiant
2307 3044 2417 3093 sine
2434 3041 2797 3105 conjunctione

605 3124 904 3175 saeviebant.
1742 3128 1914 3192 posita
1937 3140 2027 3175 sen
2051 3121 2301 3187 asyndeta
2323 3120 2433 3192 illa,
2452 3118 2703 3168 bibulum
2716 3117 2798 3164 in·

658 3197 686 3233 Ἰ·
716 3200 1080 3268 Efferaverant]
1121 3204 1341 3254 Tetrum
1365 3210 1522 3270 atque
1546 3204 1662 3254 lior·
1737 3208 1973 3267 peratum,
1998 3215 2063 3250 ωε
2083 3200 2292 3248 alienum
2313 3197 2536 3258 fecissef
2572 3195 2661 3245 ubi
2683 3206 2801 3256 sup·

598 3274 805 3326 ribilem
845 3280 1041 3329 vultum
1077 3280 1303 3331 reddunt
1329 3281 1561 3346 inprimis
1587 3283 1662 3330 in-

602 3354 762 3416 culta,
792 3361 850 3404 et
870 3356 974 3407 situ
996 3357 1249 3424 squalida,
1276 3358 1521 3424 justoque
1546 3373 1664 3423 pro·

598 3431 757 3481 lixior
801 3431 981 3496 barba,
1021 3442 1077 3485 et
1120 3438 1375 3493 caesaries,
1428 3444 1665 3501 totusque

599 3508 1012 3576 habitus·qualis
1050 3513 1198 3576 hujus
1236 3513 1372 3562 senis
1412 3512 1664 3563 describi·

602 3592 706 3663 tur,
729 3592 786 3635 ut
816 3596 871 3636 et
896 3587 1278 3640 Achaemenidae
1313 3582 1451 3654 apud
1479 3589 1665 3654 virgil.

605 3672 665 3711 v.
689 3663 890 3713 AEneid.

665 3745 684 3770 ⁸
721 3739 927 3790 Ordines
948 3741 1163 3806 duxisse]
1200 3742 1427 3793 Ordines
1448 3742 1668 3806 ducunt,

600 3813 690 3900 qui
711 3814 986 3865 «lucrandis
1010 3817 1259 3868 militibus
1287 3827 1536 3883 preerunt,
1560 3818 1665 3867 vel·

607 3895 685 3935 nti
707 3892 1054 3942 centuriones.

673 3964 688 3995 ¹
725 3962 997 4033 Tributum]
1055 3969 1205 4022 Quod
1226 3968 1548 4020 ›²Gronovius
1594 3969 1667 4018 le·

609 4038 829 4102 gendum
855 4055 970 4091 esse
991 4043 1188 4106 docuit,
1210 4045 1387 4094 tributo
1404 4044 1565 4108 iniquo
1586 4058 1668 4093 suo

602 4119 809 4176 tempore
851 4117 1079 4179 imperato
1123 4137 1190 4170 ωε
1236 4122 1439 4172 alienum
1475 4121 1670 4183 secisse,

607 4190 997 4256 haudquaquam
1038 4191 1226 4257 placet,
1264 4198 1370 4246 sive
1406 4198 1472 4246 ob
1513 4198 1669 4259 gemi-

607 4277 776 4331 natos,
800 4282 902 4319 non
926 4270 1036 4319 sine
1059 4272 1228 4337 aliquo
1248 4272 1669 4339 aequivocationis

1744 3278 1989 3343 plendum
2027 3287 2311 3341 pronomen
2342 3287 2394 3323 se
2423 3286 2581 3322 nemo
2609 3283 2711 3320 non
2735 3268 2802 3316 vi·

1743 3356 1856 3407 det.
1913 3354 2151 3406 Nunnius
2176 3365 2230 3403 v.
2255 3350 2716 3401 Miscellaneorum
2737 3358 2800 3394 ex

1744 3431 1928 3482 codice
1948 3428 2257 3480 Buslidiano
2278 3426 2426 3498 legit,
2461 3426 2695 3476 tributu-
2713 3421 2803 3471 iai·

1743 3525 1885 3574 quum
1922 3514 1971 3557 et
2007 3522 2098 3556 non
2133 3521 2216 3555 suo
2250 3510 2456 3570 tempore
2494 3507 2801 3568 immun.-

1744 3592 1805 3634 ut
1842 3576 2035 3648 duplex
2073 3585 2142 3632 sit
2174 3581 2526 3648 conquerendi
2562 3576 2801 3632 canxade

1746 3661 1978 3722 tributn3
2004 3657 2139 3724 quod
2156 3671 2344 3722 nempe
2364 3658 2529 3722 majus
2542 3665 2692 3722 qnam
2710 3666 2801 3718 pre

1744 3750 1902 3788 ceusu
1916 3735 2116 3798 fuisset,
2128 3733 2388 3800 qnodque,
2400 3748 2506 3783 uon
2524 3736 2802 3796 expectate

1746 3821 1983 3878 tempore
2006 3823 2108 3877 quo
2129 3810 2355 3860 dandum
2378 3816 2513 3865 erat,
2547 3813 2802 3857 extortum

1746 3895 1900 3957 esset.
1978 3888 2264 3953 vulgatam
2308 3886 2586 3936 lectionem
2634 3890 2802 3933 tuetur

1749 3964 2079 4015 Robortellus
2111 3964 2202 4013 lib.
2236 3976 2300 4012 ιι.
2335 3977 2383 4012 c.
2407 3966 2491 4011 36.
2527 3957 2800 4010 Emendat.

1747 4043 1817 4093 Et
1842 4057 1968 4091 vero
2001 4055 2064 4090 eo
2100 4041 2330 4105 pertinet
2367 4047 2479 4088 tota
2512 4037 2648 4086 senis
2671 4035 2803 4083 illius

1750 4120 1980 4186 querela,
2014 4117 2151 4184 quod
2186 4117 2434 4167 indictum
2470 4121 2613 4165 esset
2647 4112 2802 4162 tribu·

1750 4205 1857 4246 tum
1883 4212 1945 4246 eo
1969 4203 2197 4259 tempore
2222 4209 2321 4259 quo
2353 4186 2462 4257 ipse
2487 4190 2551 4240 ob
2577 4189 2696 4238 belli
2719 4202 2799 4236 ea·

1749 4274 2032 4325 lumitatem
2070 4272 2245 4337 inopia
2278 4268 2574 4321 laborabam
2613 4264 2800 4317 idcirco
