3034 4925
422 305 510 370 24
616 331 623 336 -
1127 315 1548 366 Paooemuu
1599 315 1696 365 mr
1748 318 1962 365 mvn-

516 444 715 528 Huic-
730 443 1034 528 veritatis
1083 460 1481 543 indagandae
1530 467 1601 525 et
1629 461 1935 528 facultati
1968 470 2040 527 et
2069 461 2292 528 studio
2325 459 2614 527 accessit

424 566 710 631 felicitas
758 564 993 629 saeculi
1041 563 1395 647 Augustei,
1425 582 1558 646 quo
1588 563 1867 629 cuilibet
1889 565 2155 643 sentire,
2199 583 2354 649 quoe
2387 563 2614 641 vellet,

364 667 369 673 '
431 667 718 753 qnaeque
739 666 1025 739 sentiret,
1054 666 1569 731 dicerelicebat.
1610 690 1614 693 ’

517 770 752 835 Livius
801 775 1026 833 autem
1066 788 1294 834 verum
1347 787 1480 834 non
1519 763 1721 834 modo
1768 770 2027 836 tradere
2080 770 2466 854 plerumque
2495 786 2617 851 po-

433 872 582 951 tuit,
611 871 829 943 sedet
859 891 1114 956 semper
1143 871 1382 950 voluit,
1412 890 1494 935 ac
1531 889 1753 953 neque
1783 872 1881 936 ira
1909 879 1980 938 et
2007 871 2186 948 odio,
2217 890 2430 952 neque
2458 868 2620 932 adu-

432 974 712 1052 latione,
738 975 1026 1057 partium
1056 964 1282 1040 studio
1314 983 1382 1039 et
1411 974 1734 1051 amicitia,
1783 976 1926 1040 sive
1966 973 2266 1059 publica,
2317 972 2460 1036 sive
2488 971 2622 1055 pri-

434 1083 615 1157 vata,
639 1097 717 1143 se
750 1077 996 1143 adduci
1026 1097 1265 1161 passus
1293 1086 1414 1155 est,
1443 1083 1521 1142 ut
1550 1095 1594 1141 a
1626 1078 1924 1155 veritate,
1948 1097 2087 1162 qua
2102 1076 2264 1141 nibil
2284 1075 2623 1157 antiquius

437 1198 588 1245 esse
618 1181 815 1245 debet
843 1181 1180 1246 annalium
1210 1181 1565 1257 conditori,
1586 1180 1694 1244 vel
1712 1185 2192 1257 transversum,
2212 1177 2392 1262 quod
2411 1177 2621 1251 aiunt,

435 1303 722 1367 unguem
752 1283 1114 1349 recederet.
1204 1284 1417 1369 Cujus
1467 1284 1559 1348 rei
1605 1283 2208 1368 locupletissimum
2249 1280 2627 1345 continetur

436 1386 895 1450 testimonium
951 1385 1172 1450 verbis
1220 1385 1541 1454 Cremutii
1585 1386 1767 1470 apud
1812 1387 1977 1452 Tac.
2002 1386 2180 1451 Ann.
2215 1401 2316 1449 ιν.
2343 1384 2451 1449 34.
2498 1379 2626 1442 ‘'l‘-

439 1487 698 1564 Livius,
728 1487 1122 1571 eloquentiae
1177 1509 1258 1554 ac
1293 1487 1451 1553 fidei
1493 1487 1855 1572 praeclarus
1887 1489 1953 1553 in
1985 1490 2238 1572 primis,
2269 1486 2394 1552 Cn.
2426 1484 2628 1547 Pom-

400 1656 404 1661 ,
439 1589 660 1671 peium
693 1591 902 1654 tantis
922 1590 1232 1655 laudibus
1262 1591 1533 1668 tulit,ut
1550 1590 1950 1655 ΡοΜΡΕιΑΝ
1967 1608 2075 1655 UM
2098 1610 2248 1655 eum
2275 1587 2630 1670 Augustus

441 1691 851 1773 appellaret:
899 1712 1116 1777 neque
1166 1694 1236 1758 id
1272 1694 1591 1760 amicitiae
1625 1713 1851 1759 eorum
1884 1692 2134 1759 offecit.
2222 1692 2634 1775 Scipionem,

440 1792 823 1884 Afranium,
842 1795 1013 1861 hunc
1053 1796 1275 1879 ipsum
1300 1795 1635 1875 Cassium,
1662 1796 1833 1861 hunc
1865 1796 2144 1861 Brutum
2178 1811 2503 1877 nusquam
2533 1791 2633 1854 la-

442 1901 667 1961 trones
695 1906 766 1963 et
799 1898 1188 1983 parricidas,
1221 1917 1375 1984 quae
1398 1918 1573 1963 nunc
1602 1899 1945 1964 vocabula·
1964 1900 2410 1983 imponuntur,
2444 1909 2633 1976 saepe

442 2004 518 2061 ut
554 2001 844 2082 insignes
872 2003 1051 2067 viros
1097 2001 1435 2070 nominat?
1524 2002 1611 2067 Id
1656 2004 1762 2068 vel
1817 2003 2030 2066 solum
2080 1999 2384 2065 sufficere
2424 1995 2635 2061 videri

354 2133 361 2139 ·
443 2103 665 2183 possit
683 2103 768 2167 ad
792 2104 1246 2169 retundendas
1265 2105 1755 2170 criminationes
1776 2123 1984 2169 vanas
2005 2097 2258 2181 eorum,
2279 2103 2483 2186 quiet
2503 2098 2635 2163 sibi

446 2212 517 2268 et
545 2205 696 2269 aliis
726 2219 1136 2290 persuasere,
1166 2226 1209 2271 a
1251 2207 1449 2272 Livio
1476 2206 1669 2291 justo
1698 2207 1851 2291 plus
1881 2216 1953 2272 et
2000 2206 2453 2271 Romanorum
2508 2202 2639 2264 vir-

446 2311 623 2371 tutes
648 2327 729 2372 ac
758 2330 867 2374 res
889 2312 1141 2393 augeri,
1174 2316 1453 2393 peccata
1479 2329 1560 2375 ac
1584 2310 1817 2375 clades
1848 2310 2148 2374 imminui
2177 2312 2381 2391 atque
2411 2304 2637 2380 celari,

446 2415 516 2474 et
545 2411 854 2492 hostium,
883 2414 951 2478 in
981 2415 1214 2499 primis
1244 2412 1592 2479 Gallorum
1633 2412 2156 2496 Poenorumque,
2204 2426 2424 2474 mores
2454 2408 2640 2492 carpi

449 2521 518 2578 et
540 2535 642 2578 res
672 2516 842 2583 bene
870 2498 1094 2600 gestas
1138 2517 1382 2584 elevari
1409 2537 1427 2598 ;
1470 2517 1774 2601 adeoque
1814 2516 1900 2580 de
1942 2516 2046 2580 his
2074 2515 2271 2596 longe
2303 2511 2486 2579 aliud
2516 2529 2643 2573 nos

440 2616 768 2700 judicium
797 2620 1053 2686 laturos
1081 2640 1258 2700 esse,
1310 2623 1370 2686 si
1419 2620 1729 2686 Gallicos
1777 2620 2212 2703 Punicosque
2256 2616 2643 2680 haberemus

449 2719 829 2801 scriptores.
876 2741 884 2751 ·
918 2723 1062 2788 Fac
1094 2730 1315 2789 autem
1339 2745 1463 2789 eos
1491 2732 1747 2789 extare.
1835 2722 2130 2802 Quinam
2163 2721 2284 2785 tibi
2312 2718 2473 2784 fidei
2504 2716 2646 2798 dig-

451 2818 678 2883 niores
701 2821 1117 2888 viderentur?
1164 2825 1258 2904 hi,
1290 2846 1463 2910 quos
1505 2828 1612 2891 vel
1642 2826 1861 2910 patria
1895 2832 1966 2888 et
2011 2824 2345 2906 ingenium
2375 2838 2645 2902 suspec-

454 2928 565 2987 tos
594 2920 987 2990 redderent'l
1035 2944 1120 2991 an
1152 2927 1410 3005 Livius»,
1454 2928 1571 3012 qui
1601 2948 1731 2993 non
1760 2928 1983 2993 minus
2034 2925 2319 2991 candide
2362 2921 2647 3008 popula·

453 3024 623 3089 rium
659 3037 969 3110 peccata,
999 3031 1164 3095 vitia
1195 3036 1261 3095 et
1284 3029 1513 3096 clades
1542 3031 1802 3106 fatetur,
1831 3029 2039 3115 (quod
2065 3027 2420 3113 permultis
2448 3023 2649 3090 facile

457 3130 785 3214 exemplis
814 3130 1032 3197 evinci
1055 3141 1312 3216 posset,
1341 3133 1403 3197 si
1432 3153 1537 3198 res
1559 3134 1647 3198 iis
1673 3133 2025 3217 indigeret)
2067 3151 2269 3216 quam
2299 3141 2451 3195 vere
2481 3147 2648 3213 praef

458 3229 659 3308 dicat,
693 3232 898 3297 etiam
929 3234 997 3298 in
1025 3234 1354 3314 hostibuS,
1381 3256 1537 3320 quae
1563 3236 1901 3303 laudanda
1944 3236 2175 3301 erant'l
2207 3242 2236 3280 ‘¹
2275 3267 2285 3282 «

545 3331 781 3399 Livius
812 3355 946 3417 non
980 3337 1196 3402 solum
1227 3339 1404 3404 dixit
1433 3356 1686 3416 verum,
1713 3338 1832 3404 sed
1865 3340 2066 3403 etiam
2089 3337 2425 3424 ,praeclare
2451 3334 2648 3411 dixit,

461 3434 609 3498 sive
639 3455 767 3514 ωε,
794 3438 938 3503 sive
969 3440 1171 3504 verba
1200 3442 1551 3526 respicias.
1640 3440 1818 3520 Quae
1842 3442 2081 3527 quovis
2109 3459 2285 3505 anno
2314 3440 2384 3503 in
2412 3438 2654 3521 repub·

458 3534 594 3601 lica
615 3536 924 3605 Romana
952 3542 1394 3626 contigerunt,
1424 3548 1744 3609 accurate
1777 3553 1848 3608 et
1875 3542 2125 3621 ordine,
2143 3543 2448 3624 graviora
2478 3540 2652 3616 susc,

458 3640 713 3706 leviora
757 3644 1003 3725 paucis
1052 3646 1419 3730 exposuit3
1508 3646 1867 3728 regionum,
1923 3645 2339 3728 populorum,
2389 3643 2652 3706 urbium
2749 3682 2760 3691 ·

461 3742 758 3808 indolem
789 3765 873 3809 ac
900 3752 1200 3812 naturam
1231 3750 1401 3812 bene
1419 3748 1878 3829 adumbravit3
1922 3747 2256 3812 hominum
2285 3745 2653 3810 celebrium

463 3848 597 3908 non
627 3845 822 3909 modo
850 3866 952 3911 res
994 3850 1168 3914 bene
1207 3857 1323 3916 aut
1348 3852 1520 3915 male
1552 3857 1798 3933 gestas,
1838 3849 1956 3914 sed
2002 3856 2069 3915 et
2110 3849 2417 3929 virtutes,
2469 3840 2670 3923 vitia,

464 3948 700 4025 vitam,
749 3947 1109 4031 ingenium,
1157 3971 1309 4018 vere
1378 3952 1739 4035 descripsit
1782 3959 1851 4016 et
1894 3950 2189 4034 egregi03
2256 3968 2394 4032 quo
2448 3948 2659 4014 modo

640 4174 665 4214 1
698 4168 779 4221 Cf.
807 4168 1015 4223 Ernesti
1035 4173 1087 4222 in
1108 4178 1385 4224 comment.
1408 4186 1570 4239 snpra
1592 4176 1717 4222 nota
1737 4168 1786 4221 Ιι.
1809 4185 1862 4235 p.
1886 4172 1969 4222 21.
1990 4167 2126 4222 laud.
2151 4171 2179 4236 ς
2200 4173 2281 4221 33.
2305 4176 2360 4225 et
2381 4169 2464 4217 34.
