3034 4925
1134 374 1576 438 msromcss.
2319 373 2451 444 158

119 499 122 504 -
231 606 237 612 ,
276 543 548 617 aarum,
577 544 786 604 Caesar
830 561 868 602 a
907 540 1239 604 Commodo
1286 542 1510 616 dictus,
1552 545 1611 604 in
1642 495 1949 604 Britannia
1975 543 2277 618 desciscit,
2301 557 2363 607 et
2384 548 2450 608 in

276 643 454 702 atroci
479 641 687 721 praelio
710 639 787 701 ad
808 640 1162 722 Lug-dunum
1184 661 1224 702 a
1241 642 1460 704 Severo
1486 652 1548 703 et
1576 639 1742 703 Loeto
1765 653 2079 723 superatus
2105 642 2219 704 sibi
2244 661 2451 707 necem

275 739 603 800 consciscit.
689 738 1079 798 Numerianus
1123 757 1367 818 gramm.
1410 737 1693 800 militibus
1730 739 1791 800 in
1845 739 2044 801 Gallia
2091 740 2325 822 scriptis
2358 761 2452 805 res

275 836 420 895 bene
449 836 621 915 gerit.
708 835 838 895 199.
881 834 1207 915 Vologeses
1252 836 1746 916 Mesopotamiam
1785 846 2073 920 occupat:
2118 837 2226 898 sed
2261 857 2299 898 a
2345 841 2453 901 Se⁴

276 938 408 991 ver‘o
435 941 496 993 et
521 931 686 991 Leno
727 929 805 992 ad
833 949 1038 1010 pacem
1065 930 1383 1012 petendam
1428 932 1683 1011 cogitur.
1762 932 1960 994 Julius
1994 933 2241 1016 Crispus
2285 937 2453 1015 praef.

277 1037 438 1107 praet.
468 1036 532 1087 et
575 1026 773 1086 Laetus
820 1038 1130 1087 necantur.
1212 1028 1597 1110 oppugnatio
1650 1031 1834 1089 Atrae.
1916 1033 2061 1090 200.
2096 1032 2215 1092 Iter
2257 1032 2458 1095 Severi

278 1125 333 1184 iu
375 1124 752 1185 Palaestinam
795 1133 856 1185 et
898 1125 1695 1205 AEgyptum.—Philostrati.
1778 1127 2156 1208 obsequens.
2236 1130 2314 1198 Q.
2350 1130 2457 1190 Se-

277 1241 446 1281 renus
476 1219 912 1282 Sammonicus,
983 1221 1236 1303 Fingal?
1302 1226 1443 1285 203.
1489 1224 1555 1283 L.
1603 1223 1849 1283 Fulvius
1898 1224 2246 1286 Plautianus
2289 1227 2456 1305 praef.

278 1331 438 1396 praet.
480 1319 698 1399 Sejano
746 1318 971 1394 similis,
1017 1321 1185 1401 cujus
1211 1320 1332 1382 filia
1373 1319 1654 1382 Plautilla
1697 1322 1987 1383 Bassiano
2027 1344 2074 1384 s.
2111 1323 2461 1398 Caracallae,

281 1416 474 1477 Severi
500 1417 643 1489 filio,
672 1436 730 1478 a.
753 1420 896 1478 202.
927 1428 1229 1497 nupserat,
1262 1418 1438 1500 jussu
1467 1419 1760 1500 Principis
1788 1422 2191 1481 obtruncatur.
2275 1421 2462 1482 Dam-

282 1513 436 1573 natio
494 1512 813 1585 Plautillae,
860 1515 1101 1587 Plautii,
1150 1515 1494 1595 Aproniani,
1566 1516 1839 1586 Quintilli
1907 1516 2225 1590 Plautiani,
2279 1518 2466 1582 Baebii

282 1608 631 1672 Marcellini.
714 1611 854 1671 Vita
898 1612 1190 1673 dissoluta
1240 1625 1301 1674 et
1355 1614 1653 1676 discordia
1703 1615 1952 1678 filiorum
2010 1615 2231 1676 Severi.
2316 1619 2466 1677 205·

280 1711 414 1768 270.
455 1708 752 1768 Plotinus.
835 1712 1129 1771 208-211.
1175 1710 1297 1770 Res
1340 1731 1376 1770 a
1417 1713 1635 1774 Severo
1673 1711 1732 1770 iu
1778 1712 2083 1773 Britannia
2125 1711 2259 1772 adv.
2294 1714 2468 1776 Cale-

284 1804 488 1865 donios
518 1814 579 1863 et
605 1806 858 1866 Maeatas
887 1819 1100 1887 gestae,
1126 1818 1188 1869 et
1213 1807 1433 1868 vallum
1461 1811 1537 1869 ab
1584 1829 1657 1870 eo
1699 1829 1804 1889 per
1853 1829 2089 1870 xxxrr.
2120 1809 2300 1870 millia
2330 1830 2467 1889 pas·-

205 1971 208 1974 ,
284 1922 446 1962 suum
477 1921 516 1961 a
544 1902 693 1961 mari
720 1903 797 1961 ad
827 1923 987 1963 mare
1013 1905 1283 1966 ductum.
1353 1908 1494 1966 210.
1539 1908 1841 1988 Diogenes
1869 1906 2161 1975 laertium
2206 1906 2470 1987 Agathe·

280 2018 438 2067 men
481 1998 809 2062 Dositbeus
855 2010 1101 2080 gramm.
1170 2001 1367 2080 Julius
1396 2002 1621 2063 Paulus
1644 2003 1760 2064 JC.
1832 2004 1922 2066 M.
1953 2003 2251 2064 Minucius
2284 2003 2468 2066 Felix.

283 2100 420 2159 211.
458 2098 716 2159 Severus
746 2099 996 2161 Eboraci
1025 2099 1289 2161 moritur.

627 2301 924 2360 211-217.
1007 2300 1358 2364 Antoninus
1391 2300 1699 2361 Caracalla
1727 2320 1780 2362 s.
1809 2302 2122 2364 Tar-antas.

359 2427 498 2491 211.
545 2430 682 2504 Hic,
713 2429 1006 2510 Caligulae
1034 2428 1383 2504 simillimuS,
1416 2429 1501 2493 P.
1533 2432 1880 2513 Septimium
1909 2431 2123 2493 Getam
2150 2431 2409 2499 fratrem,
2440 2446 2478 2487 a

285 2536 446 2604 patre
473 2538 811 2589 consortem
859 2528 1086 2609 imperii
1116 2529 1405 2601 relictum,
1437 2530 1568 2609 ipse
1619 2546 1728 2588 sua
1754 2548 1933 2588 manu
1964 2529 2025 2587 in
2054 2526 2275 2607 gremio
2298 2523 2477 2584 Julius

286 2625 480 2685 matris
529 2626 923 2696 obtruncavit,
967 2633 1028 2685 et
1073 2625 1371 2684 AEmilium
1429 2625 1845 2706 Papinianum,
1888 2625 2113 2685 sctum
2167 2621 2478 2682 celeberri-

287 2737 439 2779 mum
471 2741 544 2782 ac
568 2723 735 2802 praef.
757 2734 928 2803 praet.
971 2722 1128 2782 hauc
1154 2721 1380 2783 caedem
1409 2720 1731 2782 defendere
1759 2729 2154 2792 recusantem,
2183 2718 2480 2789 Cilonem,

155 2842 163 2848 ·
273 2830 707 2900 ,praeceptorem
740 2839 810 2880 ac
838 2821 1007 2900 praes.
1037 2819 1205 2892 Urbi,
1247 2819 1569 2879 Thraseam
1598 2818 1868 2878 Priscum
1918 2816 2186 2898 aliosque
2229 2815 2481 2891 interfici,

276 2912 462 2991 jubet.
551 2918 693 2978 212.
736 2915 966 2978 Stolida
996 2915 1320 2994 Alexandri
1347 2917 1615 2976 imitatio.
1702 2917 1874 2976 Nova
1900 2916 2123 2975 tributa
2150 2926 2213 2974 et
2238 2911 2485 2993 pecuni-

288 3029 449 3072 arum
510 3015 771 3075 exactio.
853 3015 1101 3075 Decima
1148 3013 1602 3087 haereditatium‚
1645 3014 2176 3075 manumissionum
2217 3009 2485 3090 largitioff

177 3156 186 3165 ,
287 3127 565 3191 numque.
647 3111 875 3172 Civitas
902 3112 1177 3199 omnibus
1207 3113 1504 3190 ingenuis,
1534 3111 1597 3170 in
1637 3112 1878 3193 imperio
1921 3112 2098 3171 Rom.
2130 3108 2485 3178 viventibus,

287 3205 448 3287 data.
519 3209 789 3270 Osroene
817 3221 878 3270 et
903 3209 1185 3270 Armenia
1211 3210 1616 3271 fraudulenter
1644 3210 1907 3289 regibus,
1936 3210 2179 3289 Augaro
2207 3216 2270 3266 et
2295 3207 2484 3281 Sana·

290 3304 457 3376 truci,
485 3316 728 3385 ereptae.
812 3308 954 3368 213.
998 3305 1312 3381 Alemanni
1343 3306 1567 3386 perfide
1595 3306 1897 3368 trucidati.
1968 3305 2234 3365 Pecunia
2263 3302 2487 3362 Cennis

291 3397 531 3481 aliisque
560 3402 875 3462 Germanis
903 3401 1066 3463 data.
1149 3405 1444 3463 213-273.
1486 3402 1808 3483 Longinus.
1893 3403 2186 3463 214-226.
2234 3399 2487 3459 Artaba·

290 3516 398 3557 nus
442 3518 541 3557 ιν.
585 3498 827 3559 ultimus
873 3498 1226 3563 Parthorum
1270 3521 1394 3561 rex.
1475 3502 1618 3562 216.
1662 3499 1896 3561 Bellum
1946 3499 2084 3560 adv.
2129 3495 2386 3557 Parthos
2429 3503 2491 3553 et

289 3595 598 3656 Armenios
645 3607 902 3674 gestum.
982 3595 1344 3657 Alexandria
1372 3595 1624 3676 direpta.
1706 3599 2001 3656 216-217.
2043 3595 2216 3653 Nova
2256 3610 2326 3650 ac
2355 3608 2489 3668 per·

202 3739 205 3742 .
290 3690 409 3751 fida
447 3691 748 3770 expeditio
788 3692 926 3754 adv.
972 3682 1357 3754 Artabanum.
1456 3692 1769 3753 Caracalla
1809 3689 2100 3752 occiditur
2140 3707 2178 3748 a
2219 3685 2490 3767 Macrino

290 3789 649 3868 praefiproet,
711 3827 720 3833 -

839 3939 979 3998 217.
1009 3941 1152 3999 218.
1198 3939 1299 3999 Μ.
1329 3937 1568 4018 Opilius
1597 3937 1919 3998 Macrinus

294 4055 354 4106 et
378 4049 902 4111 Diadumenianm
926 4051 1106 4111 filius.
1190 4054 1334 4113 218.
1376 4051 1681 4112 Macrinus
1724 4070 1762 4110 a
1799 4047 2041 4123 Parthis
2065 4047 2256 4107 victus
2285 4065 2492 4127 pacem

295 4143 471 4213 emit3
518 4145 869 4233 mitigatque
889 4147 1212 4208 Tiridatem
1241 4149 1539 4208 Armeniae
1567 4166 1765 4227 regem
1789 4156 1852 4207 et
1880 4145 2238 4226 Decringos.
2328 4142 2494 4202 Idem

299 4241 527 4311 statuit,
572 4242 771 4301 omnia
809 4244 1175 4323 superiorum
1234 4244 1574 4326 Principum
1634 4245 1922 4325 rescripta
1961 4243 2195 4321 tollere,
2251 4252 2321 4300 nt
2358 4239 2495 4319 jure,

422 4354 602 4417 Detpa.
626 4361 672 4405 et
702 4355 818 4406 Ver.
842 4356 972 4408 ctas.
1405 4356 1593 4408 Liuius.
2315 4352 2362 4402 P
