3034 4925
999 407 1147 455 mu.
1196 403 1313 453 ιιι.
1360 401 1522 452 car.
1567 386 1676 452 29.
2304 384 2438 450 596

215 554 430 637 signa
473 553 787 637 praelatu:
836 560 1114 618 secutus
1150 549 1486 616 exercitus
1526 546 1759 632 praeda
1798 549 2105 611 onustus.
2191 544 2435 630 Epulas

209 655 613 721 instruetae'
643 657 957 723 dicuntur
984 655 1194 721 fuisse
1222 659 1377 719 ante
1408 653 1707 716 omnium
1737 649 2008 715 domos:
2054 650 2432 734 epulantes-

209 777 374 843 que
413 779 568 824 cum
614 760 901 825 carmine
943 758 1316 843 triumphali
1362 761 1432 822 et
1475 753 1865 820 solennibus
1901 752 2138 837 jocis,⁸
2189 754 2431 818 comis·

205 863 515 928 nantium
562 859 816 942 ιιιοᾱο,ιι
858 881 1117 928 currum
1161 861 1374 927 secuti
1419 867 1600 925 sunt.
1687 856 1790 922 Eo
1835 856 1947 921 die
1993 856 2071 920 L.
2112 856 2426 921 Mamilio

200 963 632 1045 Tusculano,
660 965 1184 1052 approbantibus
1221 964 1506 1042 cunetiS,
1537 962 1782 1026 civitas
1825 960 1989 1026 data
2028 964 2158 1025 est.
2246 958 2424 1024 Con·

206 1066 456 1133 festim
510 1087 586 1131 se
639 1067 930 1134 dictator
980 1069 1375 1151 magistratu
1426 1064 1838 1142 abdicasset,
1885 1064 1957 1128 ni
2005 1062 2277 1127 comitia
2327 1060 2428 1124 M.

209 1167 496 1235 Volscii
540 1171 699 1237 falsi
746 1173 937 1236 testis
974 1172 1433 1237 tenuissentz⁸
1472 1189 1556 1234 ea
1591 1187 1676 1234 ne
1714 1166 2119 1251 impedirent
2158 1164 2430 1240 tribuni,

210 1271 578 1340 dictatoris
628 1274 889 1340 obstitit
937 1282 1184 1341 metus,
1290 1273 1620 1340 Volscius
1659 1275 2010 1339 damnatus
2054 1271 2430 1335 Lanuvium

210 1375 294 1438 in
343 1375 623 1442 exilium
653 1375 847 1443 abiit.
935 1377 1257 1458 Quintius
1286 1377 1487 1442 sexto
1517 1376 1781 1442 decimo
1811 1376 1923 1440 die
1955 1367 2325 1451 dictatura,i
2356 1371 2429 1435 iu

223 1574 231 1580 ·
282 1566 314 1591 ⁸
350 1558 469 1609 Nisi
485 1574 592 1610 suns
609 1559 914 1611 retinuissent
933 1558 1128 1609 comitia
1146 1560 1371 1610 adversus
1390 1558 1469 1610 M.
1501 1559 1929 1621 Volscius-satem
1947 1564 2113 1610 testem
2131 1556 2361 1608 habenda.
2386 1527 2393 1535 ’

1216 1724 1432 1777 NOTAE

209 1852 343 1886 cum
366 1837 604 1902 captivos
634 1839 756 1890 belli
781 1840 907 1906 jure
946 1841 1142 1890 vinctos
1166 1840 1288 1890 duci
1363 1839 1571 1899 bantur,
1611 1841 1765 1906 jocos
1820 1845 1874 1890 et
1917 1839 2211 1889 inconditos
2252 1853 2425 1888 versus

211 1914 410 1971 noluit,
456 1915 547 1965 sed
594 1918 763 1981 patrio
806 1932 947 1967 more
992 1917 1288 1968 succinctos
1363 1916 1414 1966 in
1448 1918 1855 1981 triumphantem
1877 1915 2157 1981 jactabant
2192 1929 2290 1978 per
2327 1916 2423 1966 las·

209 1989 299 2039 ire
343 1991 543 2054 jussit:
599 2006 790 2059 eosque
841 2002 1032 2045 exacta
1096 2007 1289 2058 pompa
1361 1993 1551 2043 civium
1574 1994 1872 2043 militarem.

210 2066 413 2117 liberos
457 2069 774 2137 donatusque
822 2071 1042 2134 remisit,
1093 2078 1154 2122 ut
1206 2079 1289 2120 est
1428 2067 1454 2102 ¹¹
1491 2069 1863 2118 emissent-'um
1896 2067 2299 2132 [comessantium]
2330 2082 2426 2116 nro·

210 2146 360 2209 apud
386 2144 714 2210 Appianum:
750 2163 865 2198 cnm
908 2147 1286 2211 triumphantes

210 2222 407 2283 ceteri,
451 2223 543 2272 ubi
586 2223 654 2274 de
696 2223 812 2274 foro
868 2225 919 2274 in
970 2225 1283 2290 Capitolium

210 2295 525 2357 flectebant,
565 2302 830 2366 captivos,
874 2303 1164 2366 proesertim
1207 2303 1285 2352 in-

208 2375 411 2439 signes,
432 2378 623 2442 quique
655 2377 1033 2430 discordiarum
1067 2385 1125 2430 et
1162 2379 1285 2430 belli

208 2457 456 2502 atictores
497 2451 735 2518 fuissent,
774 2455 827 2505 in
864 2456 1154 2507 custodiam
1193 2454 1284 2507 de-

206 2526 358 2579 trudi
389 2529 658 2591 juberent,
694 2532 872 2582 statim
910 2531 1190 2596 necandos,
1225 2539 1285 2583 ut

205 2618 281 2654 ex
321 2605 493 2655 Strah.
527 2607 620 2657 lib.
659 2620 764 2659 xu-
800 2608 1031 2673 Josepbo
1064 2609 1152 2660 lib.
1176 2624 1281 2661 vn.

209 2696 263 2731 c.
310 2685 391 2732 24.
432 2683 709 2747 discimus3
769 2685 859 2755 qui
914 2693 1135 2737 testatur
1176 2700 1281 2738 uon

203 2765 340 2809 ante
383 2775 412 2810 s
457 2761 657 2810 victore
704 2761 988 2811 immolatas
1030 2762 1096 2812 de
1136 2775 1281 2812 more

205 2836 378 2889 fuisse
415 2838 627 2895 bonnas,
649 2853 799 2905 qnam
827 2840 1055 2890 hostium
1092 2840 1278 2892 ducem

205 2913 334 2963 neci
356 2912 532 2963 datum
560 2928 676 2965 esse
703 2923 987 2966 constaret.

280 2985 301 3022 f
325 2989 493 3053 Epulo
513 2991 787 3057 instructa]
812 2988 874 3042 In
902 2992 1173 3056 triumphis
1197 3008 1278 3045 so·

206 3065 368 3116 lenue
397 3069 606 3130 epulum
643 3068 852 3131 publice
887 3068 1139 3120 dabatur:
1176 3083 1279 3135 qua

203 3143 266 3191 in
290 3157 347 3192 re
369 3144 661 3193 celebratur
685 3145 903 3196 Gaesaris
943 3145 1276 3211 magnificen-

206 3218 308 3282 tis,
331 3219 684 3284 qui.Africsno
709 3223 967 3288 triumpho
992 3238 1093 3274 uuo
1114 3225 1201 3275 die
1222 3225 1276 3275 in

204 3298 396 3361 viginti
433 3312 494 3348 ac
532 3298 733 3348 duobus
769 3301 997 3350 minibus
1022 3302 1275 3353 triclinio·

204 3385 323 3424 rum
363 3386 563 3424 mensas
606 3376 854 3427 instruxit
898 3390 961 3427 ea
997 3379 1065 3429 de
1097 3393 1274 3430 censa.

205 3447 296 3498 Ad
319 3449 417 3500 hoe
441 3451 650 3514 epulum
686 3452 895 3501 invitari
934 3455 1171 3505 eonsules
1193 3469 1276 3506 so·

201 3526 408 3586 lebant,
450 3541 511 3577 ae
550 3543 669 3577 mox
706 3529 872 3591 rogari
908 3543 975 3579 ne
1015 3531 1273 3593 venirent,

204 3616 275 3652 ne
315 3602 359 3650 si
394 3604 508 3667 quis
543 3604 703 3669 major
739 3605 1089 3668 triumphante
1115 3607 1272 3658 iuter·

205 3678 434 3739 veniret,
478 3680 687 3731 debitus
729 3680 828 3744 ipsi
871 3695 935 3747 eo
978 3681 1064 3730 die
1109 3682 1274 3733 honor

203 3755 595 3821 preriperetun
615 3767 830 3807 auctore
849 3756 993 3807 Plut.
1010 3757 1273 3810 Problem.

202 3833 290 3882 80.
356 3830 647 3892 Interdum,
684 3840 744 3881 nt
780 3846 920 3883 nunc
951 3831 1269 3898 factitatum,

200 3905 508 3956 victricibus
532 3907 820 3972 legionibus
844 3909 1011 3972 epulae
1033 3916 1271 3960 exstruc-

202 3989 381 4048 tueque
402 3995 591 4034 mensae
612 3992 733 4036 aute
752 3984 931 4034 domos
953 3987 1269 4037 exhibeban-

201 4066 290 4109 tur
314 4075 344 4109 a
366 4059 580 4110 civibus.

267 4143 296 4181 s
319 4137 389 4186 Et
407 4135 679 4186 “tenuibus
696 4135 849 4201 jocis]
882 4137 1082 4188 Milites
1105 4138 1272 4190 victo-

205 4213 279 4263 ris
317 4214 602 4273 exercitus,
640 4214 727 4279 qui
774 4215 959 4264 armati
995 4223 1050 4265 et
1090 4215 1269 4281 spoliis

203 4290 378 4341 ornati
420 4303 631 4341 currum
675 4290 1037 4356 triumphalem
1081 4307 1263 4359 seque·

1362 2145 1447 2211 do]
1469 2146 1739 2195 Comessari
1758 2159 1790 2194 a
1812 2145 2133 2196 comedendo
2152 2160 2269 2194 cum
2284 2145 2369 2193 La»
2378 2159 2424 2193 v.

1360 2223 1642 2272 Torrentio
1668 2225 1725 2273 iu
1748 2223 1896 2274 Suet.
1918 2222 2101 2272 Vitell.
2124 2222 2337 2285 dixeris,
2359 2236 2423 2271 an
2446 2287 2449 2292 .

1358 2299 1605 2349 sonuisset-i
1635 2314 1751 2349 cum
1785 2298 1920 2350 Aldo
1952 2299 2192 2348 Manutio
2216 2297 2423 2363 Juniore

1358 2377 1412 2427 in
1472 2376 1723 2442 Orthogr.
1786 2378 2006 2435 ratione,
2048 2384 2104 2427 et
2148 2378 2280 2438 aliis,
2330 2384 2424 2428 aut

1357 2456 1615 2505 comessuri
1656 2469 1771 2506 cum
1811 2453 1997 2505 Fulvio
2033 2454 2156 2505 Urs.
2181 2470 2210 2504 a
2232 2454 2422 2506 Graeco

1358 2532 1524 2583 verbo
1568 2529 1823 2596 κωμάζειν,
1865 2546 2015 2597 quam
2053 2529 2421 2595 etymologiam

1358 2610 1549 2673 probat
1604 2609 1882 2660 Lambinus
1935 2608 1989 2657 in
2041 2608 2228 2658 Horat.
2282 2606 2419 2657 haud

1357 2686 1598 2753 equidem
1618 2687 1674 2737 iu
1710 2699 1896 2749 magno
1918 2684 2210 2735 discrimine
2238 2697 2420 2748 posue·

1357 2779 1446 2825 ro;
1481 2765 1604 2814 dum
1639 2763 1863 2814 sciamus
1893 2763 1992 2812 hoc
2030 2761 2191 2811 verbo
2225 2759 2420 2826 signifi·

1355 2843 1461 2892 csri
1482 2857 1571 2890 eos
1608 2840 1695 2908 qui
1727 2840 2100 2904 intempestive
2124 2850 2186 2888 ac
2210 2851 2420 2902 praser-

1355 2919 1449 2968 tim
1472 2926 1637 2969 noctu
1669 2924 1788 2982 post
1821 2930 2021 2967 coeusrn
2044 2915 2420 2965 convivantur:

1352 2995 1489 3061 quod
1512 3009 1631 3044 cum
1669 2992 1783 3044 fere
1816 3007 1934 3044 cum
1960 2992 2169 3042 lascivia
2191 2999 2246 3043 et
2271 2998 2419 3056 petu-

1352 3071 1517 3121 lantia
1554 3068 1776 3137 quadam
1804 3068 1920 3132 fist,
1963 3069 2149 3118 merito
2173 3066 2322 3132 jocos
2354 3082 2418 3120 sc

1351 3147 1619 3198 liberiores
1678 3147 1815 3197 sales
1866 3145 2086 3196 militum
2136 3159 2228 3210 per
2273 3147 2415 3197 vicos

1351 3226 1676 3289 epulantium
1738 3233 2008 3287 comparat
2066 3222 2242 3273 Livius
2297 3239 2414 3277 cum

1350 3302 1656 3353 scurrilibus
1679 3301 2074 3352 comessantium
2098 3300 2254 3351 ludis.

1415 3379 1431 3414 ¹
1452 3379 1781 3429 Sextodecimo
1802 3377 1880 3426 die
1901 3376 2164 3440 dictatura]
2181 3377 2242 3426 L.
2258 3376 2419 3427 Quin·

1349 3454 1453 3504 tius
1509 3455 1696 3503 iterum
1749 3452 1954 3502 honoris
1998 3451 2152 3499 delati
2202 3450 2414 3500 fastidio

1349 3530 1568 3593 gloriam
1612 3536 1804 3591 suget:
1853 3542 1956 3591 qua
2017 3527 2083 3575 de
2128 3541 2183 3576 re
2228 3527 2412 3577 Florus

1348 3606 1596 3669 egregiez
1630 3605 1646 3632 ‘
1666 3604 1756 3654 Sic
1789 3602 2127 3667 expeditione
2161 3600 2311 3653 finita
2334 3617 2412 3652 re·

1347 3682 1445 3732 diit
1468 3682 1534 3731 ad
1555 3681 1714 3731 boves
1739 3693 1915 3728 rursus
1937 3678 2254 3742 triumphalis
2275 3679 2410 3743 agri.

1345 3759 1481 3809 cola.
1549 3755 1732 3808 Fidem
1755 3755 2046 3804 numinum!
2082 3769 2183 3818 qua
2218 3756 2411 3806 veloci-

1348 3838 1488 3884 tatel
1557 3833 1707 3884 lutra
1726 3830 2022 3897 quindecim
2047 3829 2157 3880 dies
2179 3838 2408 3895 coeptnm

1346 3918 1722 3976 peractumque
1776 3907 2003 3957 bellum:
2070 3921 2283 3970 prorsus
2348 3915 2408 3960 ut

1344 3986 1624 4038 festinasse
1658 3986 1885 4036 dictator
1914 3983 1981 4034 ad
2022 3984 2256 4035 relictum
2276 4001 2406 4052 opus

1341 4062 1649 4116 videretur.’
1714 4063 1961 4113 Ceterum
1991 4061 2233 4112 Quintius
2267 4064 2405 4128 opti·

1342 4157 1480 4192 mum
1528 4140 1776 4191 adversus
1831 4144 2195 4202 paupertatem
2238 4153 2402 4189 reme-

1345 4216 1483 4268 dium
1513 4215 1697 4267 habuit
1729 4213 2024 4266 divitiarum
2047 4223 2362 4265 contemtum
2383 4231 2400 4265 ε

1343 4295 1475 4346 sdeo
1497 4299 1558 4344 u't
1579 4306 1677 4344 nec
1702 4306 1767 4343 ex
1794 4305 1921 4357 agro
1951 4292 2195 4356 praedave
2226 4290 2403 4341 'hostili
