3034 4925
1042 404 1186 454 mn.
1236 404 1317 453 ιι.
1367 403 1529 478 9³¹?-
1575 389 1684 454 40.
2325 390 2459 456 457

261 559 550 644 periisse
582 556 897 639 tradunt;
928 556 1045 623 alii
1075 556 1210 623 alio
1240 558 1402 622 leto.
1473 555 1681 643 Apud
1715 558 2028 637 Fabium,
2058 559 2255 642 longe
2286 558 2458 624 anti-

254 663 663 746 ,quissimum
692 667 1053 738 auctorem,
1083 681 1290 744 usque
1322 662 1409 756 ad
1439 668 1846 726 senectutem
1885 661 2144 726 vixisse
2175 661 2459 728 eundem

260 763 557 829 invenio.
645 763 879 829 Refert
907 768 1108 841 certe,
1136 763 1309 827 hanc
1349 783 1535 847 saepe
1567 783 1717 827 eum
1762 770 2007 828 exacta
2039 770 2239 828 aetate
2269 781 2461 827 usur-

259 884 470 949 passe
514 887 767 944 vocem,
799 866 1068 930 ‘Multo
1128 867 1437 931 miserius
1495 866 1641 930 seni
1698 866 1971 930 exilium
2014 886 2185 930 esse.
2191 866 2207 893 ’
2296 856 2459 931 Non

258 961 641 1034 inviderunt
697 968 934 1034 laudes
987 976 1196 1032 suas4
1233 970 1631 1033 mulieribus
1683 969 1805 1032 viri
1853 968 2168 1035 Romani.
2256 968 2456 1034 Adeo

262 1068 415 1134 sine
457 1072 930 1136 obtrectatione
973 1071 1201 1153 gloriae
1248 1071 1485 1135 alienae
1530 1070 1933 1137 vivebatur.⁵
2024 1055 2457 1137 Monumento

263 1190 536 1256 quoque
568 1173 751 1257 quod
793 1180 993 1252 esset,
1034 1174 1355 1257 templum
1401 1173 1720 1238 Fortunae
1766 1173 2127 1238 Muliebri!
2166 1173 2460 1238 aedifica-

261 1279 409 1339 tum
445 1276 966 1361 dedicatumque
996 1283 1117 1341 est.
1207 1276 1500 1341 Rediere
1534 1275 1774 1341 deinde
1803 1275 2071 1354 Volsci,
2120 1276 2457 1359 adJunotis

1176 1448 1417 1470 OOOOOOOO
1422 1448 1542 1470 ‘N‘

259 1551 296 1597 4
333 1548 472 1596 Flor.
492 1552 712 1612 uterque
737 1547 885 1597 Rott.
907 1549 1058 1598 Voss.
1085 1547 1262 1600 Helm.
1286 1546 1436 1598 Chifl.
1472 1550 1611 1599 laude
1629 1563 1733 1599 sua.
1734 1553 1881 1598 —5‘
1900 1550 2031 1599 Post
2050 1548 2295 1600 vivebatur
2309 1548 2462 1625 cuj-a·

261 1611 379 1661 cius
401 1612 552 1661 Obss.
576 1617 786 1662 111.24.
820 1627 886 1661 ex
923 1613 1240 1677 plenioribus
1276 1614 1407 1663 Mss.
1442 1613 1555 1662 haec
1592 1614 1868 1663 inserenda
1899 1616 2144 1678 putabat:
2185 1614 2317 1662 Tunc
2335 1613 2462 1663 enim

249 1676 470 1739 primum
489 1678 719 1727 sancitum
735 1677 864 1739 fnit,
881 1684 937 1728 ut
955 1679 1231 1728 mutieribus
1247 1680 1306 1728 de
1327 1679 1408 1727 oia
1425 1680 1688 1738 cederetur,
1706 1680 1834 1729 nain
1856 1680 2049 1730 curibus
2070 1679 2245 1740 eureis,
2265 1686 2317 1728 ut
2344 1692 2460 1741 pur-

253 1755 413 1805 purea
440 1747 584 1798 veste,
613 1746 669 1791 ut
697 1744 855 1792 aureis
883 1745 1155 1805 segmentis,
1175 1749 1230 1791 ut
1251 1757 1367 1792 novo
1398 1744 1537 1793 viuoe
1556 1744 1829 1795 discrimine
1849 1750 2108 1795 uterentur.
2173 1744 2278 1794 Sed
2302 1745 2463 1794 ullum

255 1819 446 1856 eorum
470 1808 736 1869 vestigium
776 1823 942 1870 neque
973 1823 1058 1870 ap.
1096 1809 1314 1869 Dionys.
1351 1816 1406 1858 et
1439 1808 1580 1860 Plut.
1604 1824 1771 1873 neque
1793 1810 1845 1858 in
1870 1810 1973 1859 ullo
1995 1810 2176 1859 codice
2199 1815 2464 1872 repertum

259 1877 382 1922 estz
416 1873 552 1921 unde
588 1873 726 1921 Duk.
752 1880 807 1922 et
828 1873 990 1923 Drak.
1029 1876 1382 1936 suspicantur,
1411 1873 1500 1921 illa
1535 1889 1602 1922 ex
1638 1874 1812 1924 Valet.
1838 1876 1980 1924 Max.
2001 1890 2054 1925 v·
2076 1879 2125 1925 Β.
2153 1879 2198 1924 1.
2221 1890 2250 1923 a
2275 1878 2464 1923 nasuto

259 1935 487 2002 quodam
510 1938 837 1989 concinnata.
902 1939 1104 1989 Vellem
1143 1946 1313 1988 tamen
1338 1938 1585 2003 Cujacius
1606 1938 1840 1995 dixisset,
1860 1939 2049 2006 quibus
2082 1940 2213 1991 Mss.
2236 1940 2305 1989 sit
2326 1952 2467 1989 usus.

1254 2067 1478 2119 NOTAE

259 2169 461 2221 vertet,
500 2178 599 2215 nec
622 2164 792 2217 ”mihiz
829 2166 1052 2230 patriam
1097 2164 1334 2225 servasti,

258 2254 356 2291 me
377 2254 500 2289 vero
524 2242 662 2305 pium
699 2249 754 2292 et
790 2242 1145 2308 indulgentem
1174 2243 1333 2298 tilium

261 2315 584 2381 perdidisti.’
650 2318 884 2368 Decreta
923 2320 1113 2369 deinde
1144 2320 1334 2370 disces·

260 2408 352 2455 su,
406 2390 473 2440 de
521 2390 689 2442 reditu
732 2408 843 2457 suo,
895 2395 990 2444 nisi
1048 2396 1336 2459 composita

261 2484 391 2519 cum
425 2470 627 2520 Volscis
676 2485 826 2535 pace,
886 2475 1061 2523 Romae
1112 2474 1236 2523 nihil
1282 2489 1335 2523 a·

262 2547 494 2612 gendum
519 2550 750 2599 censuit:
774 2550 886 2614 sed,
911 2552 1115 2601 reddita
1133 2551 1335 2601 Volscis

261 2639 444 2674 rerum
469 2639 498 2673 a
522 2640 578 2675 se
613 2633 876 2690 gestarum
914 2628 1129 2691 ratione,
1153 2637 1337 2690 peten-

260 2699 391 2750 dum
419 2709 477 2751 ut
515 2716 568 2751 se
605 2702 936 2765 pacificatore
971 2703 1033 2752 ad
1058 2703 1337 2753 amicitiam

261 2779 410 2828 iuter
435 2782 990 2844 utrumque,populum
1028 2781 1189 2851 aequis
1219 2796 1339 2831 con-

259 2854 555 2904 ditionibus
602 2856 1043 2906 reconciliandam
1090 2865 1335 2907 utantur:

263 2934 464 2998 alioqui
488 2935 832 2984 abdicandum
855 2935 1143 2999 imperium.

336 3019 363 3045 ¹
403 3012 713 3077 Oppressum]
751 3011 867 3061 Etsi
906 3012 1098 3060 milites
1139 2999 1336 3069 Volsci,

262 3088 467 3141 divitiis
487 3103 550 3136 ex
573 3088 754 3152 praeda
779 3102 872 3152 per
902 3087 1159 3137 Marcium
1178 3088 1337 3145 aucti,

260 3164 317 3215 ei
357 3162 620 3221 faverent,
657 3171 829 3213 tamen
853 3164 941 3228 qui
966 3163 1102 3212 domi
1135 3179 1337 3214 manse-

262 3246 406 3302 rant,
430 3239 623 3289 invidia
657 3239 709 3289 in
740 3240 928 3303 socioS,
963 3239 1082 3289 odio
1116 3238 1168 3287 in
1193 3240 1332 3289 Mar·

261 3314 407 3369 cium
447 3316 672 3375 accensi,
705 3315 858 3366 finem
895 3315 1032 3366 bello
1067 3330 1162 3380 per
1196 3317 1337 3367 exci-

264 3394 416 3444 dium
445 3395 623 3444 Romae
658 3392 957 3457 impositum
982 3408 1083 3442 non
1108 3408 1220 3445 esse
1245 3393 1336 3443 do-

262 3469 471 3519 lebant.
525 3469 700 3519 Tullus
722 3467 918 3532 Attius,
943 3469 1029 3533 qui
1054 3484 1119 3518 ex
1144 3470 1338 3519 invidia

267 3545 590 3596 decreverat
628 3545 905 3602 Marcium,
947 3547 991 3596 si
1049 3546 1339 3611 perdomita

265 3626 444 3676 Roma
465 3616 842 3688 reverteretur,
875 3640 968 3689 per
999 3625 1234 3684 insidias,
1259 3624 1338 3675 sin

265 3714 333 3750 re
356 3697 559 3749 infecta
582 3700 796 3762 rediret,
818 3701 1007 3764 palam,
1029 3707 1085 3749 ut
1111 3700 1342 3764 prodito·

269 3790 409 3838 rem,
446 3776 513 3825 de
554 3776 728 3826 medio
764 3777 976 3838 tollere,
1014 3764 1358 3840 popularium

266 3853 381 3902 iras
429 3852 765 3903 accendebat.
834 3853 1067 3916 Cumque
1112 3852 1342 3902 Marcius

270 3941 384 3976 non
431 3927 530 3976 nisi
566 3927 705 3989 apud
740 3928 899 3976 totius
934 3929 1102 3990 gentis
1134 3927 1341 3977 comitia

269 4003 440 4052 vellet
493 4003 749 4052 rationem
794 4011 1056 4067 gestorum
1106 4004 1348 4065 reddere,

266 4079 466 4130 Tullus
486 4079 533 4127 ei
552 4078 687 4128 diem
707 4080 859 4143 dixit,
873 4082 938 4130 ad
955 4097 1106 4146 quam
1125 4081 1343 4144 imperio

273 4155 524 4219 deposito
551 4170 759 4206 causam
790 4158 856 4208 de
887 4160 1181 4223 proditione
1205 4161 1345 4208 dice·

272 4240 406 4293 ret;
440 4247 501 4281 ac
535 4233 618 4282 die
652 4235 977 4285 comitiorum
1015 4251 1044 4286 e
1082 4237 1197 4286 loco
1237 4236 1346 4285 edi-

270 4310 418 4363 tiore
452 4308 629 4359 dicere
669 4318 935 4374 parantem
978 4327 1074 4377 per
1103 4328 1210 4362 suae
1235 4311 1344 4360 fac·

413 4389 590 4455 Delph.
607 4396 659 4442 rt
685 4392 806 4444 Ver.
820 4391 953 4447 Clas.

1293 4391 1479 4440 Livius.

1409 2166 1563 2217 tionis
1598 2167 1827 2218 homines
1860 2164 2119 2231 lapidibus
2152 2164 2296 2216 obrui
2320 2179 2464 2217 cura·

1410 2243 1504 2295 vit.
1553 2244 1989 2308 Supervenientes
2012 2242 2221 2302 deinde,
2244 2243 2331 2307 qui
2354 2245 2465 2309 ejus

1410 2321 1655 2385 auspiciis
1680 2321 2045 2383 militaverant,
2068 2318 2120 2369 in
2151 2318 2263 2369 foro
2285 2320 2467 2383 jacen·

1408 2404 1538 2461 tem,
1574 2398 1905 2448 miseratione
1941 2398 2089 2446 simul
2133 2403 2188 2444 et
2229 2395 2467 2460 indigua-

1411 2476 1553 2524 tione
1577 2476 1843 2539 commoti,
1873 2476 1975 2525 suis
2015 2474 2237 2523 humeris
2269 2473 2466 2522 extule-

1414 2560 1565 2614 runt;
1599 2553 1748 2617 eique
1787 2550 2111 2616 splendidum
2138 2549 2309 2612 funus,
2348 2563 2466 2612 pro·

1413 2639 1665 2694 sequente
1704 2646 1802 2681 nou
1837 2631 1948 2679 sine
1982 2629 2221 2691 lacrymis
2256 2627 2470 2691 populo,

1412 2705 1673 2757 fecerunt.
1712 2709 1777 2756 Et
1802 2714 1982 2770 postea
2005 2713 2112 2755 tum
2135 2705 2335 2766 Volsci,
2358 2699 2490 2752 tum‘

1414 2783 1633 2835 Romani
1670 2783 1909 2847 privatim
1946 2781 2256 2846 publiceque
2285 2793 2470 2842 paren·

1415 2865 1621 2909 tat-unt:
1659 2867 1904 2908 matrouae
1947 2872 2067 2906 vero
2099 2870 2214 2906 eum
2252 2870 2345 2918 per
2381 2869 2470 2904 nn·

1415 2950 1533 2985 num
1590 2936 1854 2990 luxerunt,
1894 2934 1970 2983 uti
2009 2930 2171 2983 refert
2213 2933 2302 2983 lib.
2345 2944 2469 2982 vm.

1414 3011 1711 3073 Dionysius.

1478 3096 1502 3130 ἵ
1521 3089 1749 3138 Fortunoe
1765 3087 2023 3151 Muliebri]
2046 3085 2132 3135 Ob
2148 3085 2357 3149 egregie
2381 3098 2470 3136 na·

1412 3172 1587 3214 vatam
1625 3179 1655 3213 a
1689 3165 1936 3214 matronis
1970 3178 2203 3227 operam,
2239 3160 2474 3212 decrerit

1414 3241 1634 3291 Senatus
1657 3248 2040 3291 monumentum
2075 3241 2126 3290 in
2154 3255 2225 3289 aes
2254 3240 2472 3291 incisum

1414 3317 1479 3367 ad
1522 3324 1827 3382 perpetuam
1874 3318 2195 3382 posteritatis
2239 3317 2475 3367 memori·

1416 3409 1495 3442 am
1519 3410 1534 3455 ς
1560 3402 1611 3443 et
1637 3403 1889 3457 praeterea
1909 3393 2173 3458 praemium
2192 3392 2474 3456 quodcum-

1413 3484 1513 3534 que
1556 3469 1683 3532 ipsis
1732 3470 2077 3533 gratissimum
2122 3466 2294 3527 foret;
2336 3465 2475 3531 quod

1415 3545 1923 3595 senatusconsultum
1950 3543 2227 3606 plebiscito
2251 3548 2331 3589 est
2354 3554 2477 3589 con·

1413 3621 1690 3672 firmatum.
1758 3621 1868 3670 111ae
1891 3619 2015 3668 nihil
2035 3617 2172 3668 aliud
2196 3617 2476 3680 petierunt,

1417 3714 1566 3764 quam
1591 3705 1647 3747 ut
1681 3696 1777 3745 sibi
1809 3697 1992 3746 liceret
2024 3696 2266 3744 Fortunae
2290 3692 2478 3741 Mulie·

1416 3777 1495 3829 bri
1541 3775 1786 3839 templum
1832 3788 1893 3823 eo
1924 3774 2037 3822 loco
2069 3769 2346 3829 aedificare‚
2377 3783 2477 3832 quo

1417 3852 1825 3902 incolumitatem
1863 3849 2018 3898 Urbis
2055 3849 2482 3910 impetraverunt,

1420 3929 1557 3997 quod
1584 3942 1768 3991 nempe
1793 3927 2021 3977 Fortuna
2057 3924 2335 3984 Romanos,
2374 3937 2481 3971 mu-

1420 4007 1602 4055 lierum
1627 4018 1786 4067 opera
1809 4008 1861 4050 et
1890 3999 2150 4064 precibus,
2171 4015 2201 4048 a
2225 3999 2483 4063 periculo-

1421 4097 1477 4132 so
1500 4081 1637 4129 bello
1660 4080 1949 4129 liberasset.
2015 4077 2079 4126 Id
2112 4076 2327 4138 pecnnia
2352 4074 2481 4139 pub·

1422 4159 1525 4208 lica
1552 4157 1664 4206 fieri
1698 4156 1919 4204 Senatus
1956 4154 2279 4218 populusque
2304 4153 2485 4202 decre·

1427 4235 1534 4283 vit:
1586 4241 1641 4282 et
1684 4233 1846 4295 prima
1892 4232 2134 4281 sacerdos
2177 4236 2356 4281 creata
2400 4232 2484 4275 est

1425 4311 1655 4367 Valeria,
1698 4308 1846 4374 cujus
1884 4310 2040 4359 antea
2083 4306 2277 4356 mentio
2321 4300 2483 4352 facta.

2252 4388 2285 4434 2
2312 4383 2356 4432 1.
