3034 4925
1044 383 1189 435 ms.
1238 386 1288 433 1.
1334 385 1501 434 ose.
1548 369 1616 434 5.
2303 368 2432 436 185

274 549 388 614 que
409 530 791 596 lasciviam¹
829 535 1211 610 'currerent3
1267 550 1467 614 quem
1510 529 1805 596 Romani
1842 529 2081 596 deinde
2109 537 2434 598 vocarunt

272 632 546 697 Inuum.y
596 634 782 699 Huic
801 633 1050 699 deditis
1070 630 1387 712 ludici-of
1404 641 1428 669 ⁸
1451 653 1605 698 cum
1633 633 1909 698 solenne
1937 640 2207 699 notum*
2235 643 2451 716 esset,

270 736 605 804 insidiatos
653 740 742 804 ob
771 739 936 804 iram
966 738 1213 821 praedae
1245 740 1516 804 amissae
1566 738 1884 815 latrones,
1922 757 2076 803 cum
2106 738 2435 804 Romulus

271 839 332 902 vi
354 858 422 903 se
449 839 873 918 defendisset,
897 840 1188 906 Remum
1220 840 1479 924 cepisse
1500 861 1519 921 ;
1551 845 1825 924 captum
1853 841 1995 923 regi
2016 839 2289 906 Amulio
2309 847 2439 906 tra-

272 940 525 1019 didisse,
555 942 729 1006 nltro
753 941 1193 1007 accusantes?
1280 941 1556 1006 Crimini
1586 944 1879 1007 maxime
1908 944 2174 1021 debant,
2203 945 2271 1009 in
2295 943 2440 1008 Nu-

271 1044 740 1127 mitoris-agros
769 1047 855 1110 ab
884 1044 990 1109 his
1017 1043 1550 1136 impetum-fieri:
1598 1043 1751 1108 iude
1781 1064 1921 1120 eos,
1950 1046 2234 1111 collecta
2249 1046 2437 1129 juve·

272 1164 414 1211 num
437 1166 656 1225 manu,
677 1147 980 1211 hostilem
1003 1147 1069 1211 in
1090 1145 1363 1211 modum
1380 1146 1648 1230 praedas
1672 1166 1893 1228 agere.
1955 1147 2073 1211 Sic
2106 1148 2444 1214 Numitori

274 1247 347 1309 ad
369 1250 765 1332 supplicium
796 1250 1048 1315 Remus
1071 1248 1349 1314 deditur.
1435 1248 1595 1313 Jam
1614 1249 1767 1313 inde
1786 1251 1872 1313 ab
1902 1249 2092 1314 initio
2116 1250 2445 1316 Faustulo·

272 1368 415 1432 spes
442 1352 671 1429 fuerat,
693 1353 940 1435 regiam
962 1354 1240 1436 stirpem
1273 1352 1455 1434 apud
1483 1373 1556 1416 se
1583 1351 1850 1417 educari
1870 1352 1935 1433 ς]
1958 1371 2111 1417 nam
2142 1360 2211 1417 et
2239 1369 2445 1436 expo·-

274 1453 427 1516 sitos
445 1452 644 1537 jussu
675 1456 849 1538 regis
879 1456 1173 1521 infantes
1214 1456 1490 1532 sciebat,
1540 1464 1610 1519 et
1651 1461 1944 1539 tempuS,
1971 1475 2115 1539 quo,
2153 1457 2299 1538 ipse
2327 1471 2446 1518 eos

272 1555 659 1634 sustulisset,
707 1557 791 1622 ad
831 1558 901 1622 id
940 1558 1162 1641 ipsum
1205 1577 1603 1640 congruere3
1654 1559 1774 1622 sed
1825 1578 1966 1622 rem
2008 1558 2449 1631 immaturam,

270 1656 386 1719 nisi
414 1663 524 1722 aut
553 1678 676 1741 per
704 1662 1150 1738 occasionem,
1180 1667 1294 1726 aut
1324 1680 1439 1744 per
1462 1662 1960 1739 necessitatem,
1988 1661 2235 1744 aperiri
2258 1660 2450 1725 nolu*-

319 1856 353 1899 ί
372 1858 688 1925 Supte-'onem
710 1863 969 1930 Emathis
990 1865 1217 1915 habuerat
1239 1864 1430 1915 εάυαιη·
1449 1864 1579 1914 densi
1597 1878 1698 1914 suoe
1718 1866 1928 1926 regalem
1945 1864 2234 1928 progeniem.

1247 2030 1463 2081 NOTAE

271 2119 575 2182 primordiis,
609 2123 673 2172 nd
698 2122 890 2174 Amulii
929 2139 1109 2175 necem
1143 2139 1319 2176 nume·
1398 2128 1450 2175 in
1475 2123 1632 2175 Italia
1655 2124 1989 2190 agnoscebat,
2019 2140 2173 2192 quam
2204 2126 2341 2191 quod
2378 2131 2460 2176 est

273 2204 461 2247 rentur.
1397 2204 1449 2253 in
1474 2203 1704 2253 Etruria.

329 2280 354 2305 Χ
382 2274 483 2328 Per
526 2276 680 2325 lusum
722 2285 863 2340 atque
902 2277 1171 2340 lasciviam]
1236 2278 1323 2327 Its

274 2352 476 2413 corrigit
498 2352 824 2410 Gronovius:
861 2354 983 2410 alias
1016 2369 1103 2416 per
1140 2356 1324 2415 luxum,

275 2438 559 2491 perperam,
589 2429 690 2478 nisi
726 2431 890 2479 luxum
925 2430 1033 2479 sive
1069 2431 1322 2480 luxuriam

274 2516 361 2564 pro
401 2505 611 2555 lascivia
655 2522 843 2557 sumas.
929 2507 1137 2572 Alioqui
1188 2508 1323 2556 euim

276 2581 381 2640 quis
403 2596 517 2631 esse
554 2583 726 2645 potuit
762 2586 906 2633 luxus
937 2584 988 2633 in
1027 2584 1102 2633 bis
1131 2584 1326 2647 Luper-

274 2668 436 2706 corum
475 2658 656 2708 Pnnos
692 2659 1016 2710 sacerdotum
1053 2660 1203 2721 ludis,
1238 2660 1324 2723 qui

275 2744 424 2793 capra
464 2740 520 2782 et
567 2749 700 2784 caue
744 2750 895 2785 sacra
947 2735 1219 2797 facerent;
1272 2743 1329 2784 et

274 2806 387 2855 nudi
412 2814 504 2858 aut
527 2810 749 2872 pellibus
774 2818 975 2861 tentum
999 2813 1226 2875 caprini-s
1243 2825 1327 2862 ac·

274 2883 425 2933 cincti
448 2886 788 2937 saltitarent?
854 2889 1202 2952 Lupercorum
1238 2903 1327 2938 au-

275 2965 370 3008 tem
406 2962 610 3012 illorum
646 2964 1053 3028 antiquissimum
1086 2965 1327 3014 sacerdo-

274 3036 415 3098 tium,
439 3039 660 3100 tardius,
680 3054 779 3090 nec
803 3043 897 3091 nisi
921 3040 1198 3090 Anastasio
1227 3041 1331 3090 Im·

275 3118 507 3174 peratore
532 3130 596 3164 ac
628 3117 953 3166 Theodorico
992 3117 1158 3166 Italiae
1184 3131 1331 3182 rege,

277 3190 446 3242 Romae
473 3193 736 3243 sublatum
760 3203 859 3245 est.

333 3275 355 3309 5
393 3269 636 3319 vocarunt
677 3270 872 3335 Inuum]
907 3272 1018 3321 Pan
1056 3272 1225 3322 ovium
1251 3287 1331 3321 ar-

277 3351 667 3410 mentorumque
698 3354 873 3397 custos
895 3363 925 3397 n
958 3348 1151 3398 Latinis
1188 3348 1333 3399 Inous

279 3418 461 3483 dictus,
485 3423 571 3470 vel
597 3423 765 3486 Inuus,
799 3423 863 3473 sb
887 3425 1077 3486 eundo,
1112 3438 1203 3473 seu
1225 3425 1333 3475 iue-

278 3498 428 3559 nndo,
448 3498 601 3562 quasi
625 3500 713 3562 qui
738 3501 926 3562 passim
959 3502 1060 3550 iret
1089 3514 1203 3550 cum
1227 3517 1333 3551 om-

278 3572 422 3623 nibus
456 3575 788 3637 animalibus,
823 3585 882 3626 ut
907 3577 1131 3626 -servius
1170 3584 1335 3629 notat.

280 3649 391 3699 Nec
414 3650 620 3706 mirum,
650 3665 765 3701 cum
797 3654 1132 3703 Ethnicorum
1168 3655 1337 3704 Theo-

280 3724 412 3788 logia
436 3719 607 3789 Faue,
628 3742 691 3775 ex
718 3728 878 3791 ipsius
910 3729 1127 3778 nominis
1151 3730 1223 3791 vi,
1245 3745 1336 3779 na·

281 3806 408 3851 turae
469 3802 862 3852 universitatem
923 3804 1333 3867 interpretetur:

281 3885 358 3926 est
373 3879 515 3928 enim
537 3880 643 3927 Πᾶν
659 3893 831 3942 omne,
844 3880 953 3929 sive
976 3887 1159 3929 totum.
1194 3882 1335 3931 Deus

281 3963 447 4004 autem
469 3957 563 4005 ille
587 3957 778 4005 honore
798 3956 1061 4020 praecipuo
1077 3956 1338 4007 colebatur

284 4035 417 4094 apud
459 4034 708 4083 Castrum
741 4033 890 4090 Iunis
913 4034 1049 4098 quod
1087 4034 1336 4097 oppidum

283 4106 376 4157 fuit
413 4110 465 4158 in
509 4109 822 4159 Rutulorum
859 4109 1065 4171 fluibus,
1109 4111 1183 4158 uti
1221 4109 1339 4159 Clu-

287 4185 451 4235 verius
492 4186 836 4255 demoustrat,
877 4185 1056 4234 Servio
1090 4188 1337 4248 explos03

1417 2313 1418 2318 ,
1462 2277 1492 2308 *
1529 2278 1669 2328 Ante
1687 2278 1820 2329 vrb.
1845 2278 1998 2330 cond.
2024 2292 2107 2330 nn.
2128 2282 2178 2328 2.

1460 2364 1481 2388 ⁸
1515 2356 1746 2419 Ludit-ro]
1781 2356 2032 2406 solennes
2058 2355 2207 2405 ludos
2231 2359 2287 2403 et
2310 2366 2457 2415 spec·

1399 2432 1568 2481 taculn
1614 2431 1808 2481 Noster
1846 2431 2030 2480 ludicra
2069 2443 2258 2480 vocare
2303 2436 2458 2478 emat.

1398 2507 1486 2556 Sic
1521 2506 1751 2555 Velleius
1775 2506 1870 2556 lib.
1892 2521 1932 2556 t.
1973 2505 2118 2555 ludos
2151 2506 2459 2570 Olympicus

1400 2583 1557 2645 dixit,
1572 2583 1588 2612 ‘
1612 2583 1860 2632 ludicrum
1883 2580 2184 2632 certamen!

1464 2666 1491 2693 ⁸
1523 2660 1727 2709 Solense
1742 2657 1929 2721 uotum]
1963 2657 2127 2707 Recte
2143 2657 2372 2721 quisquis
2387 2657 2462 2706 sic

1402 2736 1714 2792 emendavit,
1751 2749 1868 2784 cum
1890 2741 2046 2783 antea
2081 2734 2364 2796 legeretur,
2385 2747 2465 2781 oo·

1404 2818 1501 2860 tum
1538 2818 1692 2861 esset:
1743 2819 1906 2875 recte,
1943 2811 2174 2875 inquam,
2214 2808 2462 2874 quicquid

1402 2889 1651 2939 reclamet
1670 2888 2025 2940 Robortellus.
2094 2887 2216 2937 Non
2234 2886 2370 2936 euim
2395 2899 2463 2934 ex

1402 2970 1527 3013 voto
1552 2963 1918 3019 celebrabatur
1941 2963 2038 3013 boc
2059 2962 2345 3023 ludicrum;
2368 2960 2463 3011 sed

1406 3054 1471 3090 ex
1495 3040 1690 3090 solenni
1716 3052 1890 3089 moret
1926 3036 2066 3087 unde
2098 3039 2324 3088 latrones
2345 3037 2467 3086 insi-

1406 3118 1599 3166 dieturi
1623 3118 1836 3179 geminis
1859 3115 2125 3180 fratribus,
2148 3122 2353 3177 tempus
2373 3129 2468 3164 no·

1410 3200 1592 3243 verant
1614 3193 1751 3261 illius
1771 3191 1996 3242 solennis
2020 3190 2148 3255 ludi,
2166 3191 2248 3240 cni
2271 3188 2464 3239 fratres

1407 3268 1573 3318 dediti
1599 3275 1764 3319 erent.

1472 3344 1496 3379 Β
1535 3344 1674 3395 Ultro
1706 3341 2000 3405 cremantes]
2047 3343 2266 3406 Dionys.
2302 3340 2392 3389 lib.
2423 3354 2466 3391 1.

1408 3424 1506 3474 hoc
1539 3424 1680 3473 inter
1715 3422 1856 3485 ipsos
1895 3428 1950 3471 et
1986 3420 2274 3471 Numitoris
2298 3425 2468 3480 pasto-

1413 3514 1494 3549 res
1521 3499 1586 3548 de
1612 3497 1968 3549 communibus
2004 3495 2208 3559 pascuis
2234 3493 2467 3557 jurgium

1411 3591 1477 3625 ex
1520 3576 1807 3625 Numitoris
1841 3573 2002 3636 ipsius
2034 3572 2297 3621 sententia
2330 3569 2472 3618 exci-

1412 3659 1580 3702 tatum
1622 3651 1823 3705 scribit,
1868 3655 1928 3697 ut
1972 3654 2113 3697 esset
2161 3644 2470 3695 criminandi

1414 3729 1637 3789 initium,
1661 3734 1716 3776 et
1750 3723 2040 3789 pastoribus
2063 3724 2273 3772 daretur
2296 3721 2361 3771 nd
2384 3736 2469 3773 ur.

1410 3807 1531 3855 bem
1550 3803 1792 3853 veniendi
1817 3801 2054 3860 occasi05
2089 3814 2307 3863 cumque
2330 3799 2395 3849 de
2422 3799 2473 3849 vi

1417 3892 1596 3931 eorum
1619 3879 1756 3943 apud
1777 3878 2036 3928 Amulium
2062 3874 2307 3926 Numitor
2325 3890 2474 3940 ques-

1418 3965 1500 4007 tus
1522 3965 1681 4018 esset,
1703 3956 1789 4006 die
1822 3953 1966 4003 dicta
1998 3953 2064 4002 ad
2087 3968 2292 4002 causam
2317 3967 2474 4017 ngen-

1418 4032 1537 4083 dsm
1581 4033 1767 4082 multos
1811 4031 2141 4093 convenisse3
2195 4039 2302 4079 tum
2349 4044 2471 4079 vero

1417 4118 1568 4160 evum
1581 4112 1850 4175 juvenum,
1885 4110 2168 4159 denarratis
2188 4123 2363 4159 eorum
2387 4123 2471 4157 cn-

1420 4187 1575 4249 sibus,
1596 4186 1922 4236 adhortatum
1946 4196 2003 4239 ut
2020 4186 2258 4238 vindictas
2282 4185 2473 4235 occasi-

287 4263 368 4325 qui
395 4277 498 4311 non
523 4261 664 4310 aliud
683 4262 929 4324 oppidum
950 4261 1116 4313 Csstri
1139 4262 1342 4313 nomine
1423 4277 1573 4313 onem
1597 4263 1903 4327 arriperent.

321 4362 326 4366 ·
413 4342 596 4406 Delph.
614 4347 666 4392 et
690 4344 810 4393 Var-
826 4341 957 4392 Clas.

1296 4343 1482 4394 Livius.
2300 4343 2348 4390 R
