3034 4925
587 340 719 408 446
1519 356 1589 405 τ.
1636 356 1830 407 mvn

579 503 822 570 ‘eadem
847 502 972 569 illa
1002 522 1157 569 cum
1189 495 1511 570 Patribus
1539 505 1789 588 ingenti
1817 505 2104 570 omnium
2131 504 2576 570 admiratione
2605 521 2778 568 enar·

580 613 828 683 asset,
870 625 1032 672 ecce
1073 607 1256 672 aliud
1284 607 1698 673 miraculum.
1786 605 1925 686 Qui
1956 614 2200 691 captus
2233 608 2543 672 omnibus
2587 626 2779 669 mem-

584 702 728 773 bris
758 707 1020 774 delatus
1047 709 1119 773 in
1149 710 1404 775 curiam
1440 717 1641 789 esset,
1688 730 1842 775 eum
1877 710 2174 776 functum
2224 708 2449 775 officio
2494 709 2779 794 pedibus

588 809 735 876 suis
764 809 1031 898 domum
1059 811 1387 891 rediisse:³
1423 814 1731 880 traditum
1758 813 2094 879 memoriae
2123 819 2252 879 est.

668 915 781 979 37.
812 912 989 979 Ludi
1016 899 1215 999 quam
1245 916 1642 1000 amplissimi
1672 924 1749 980 ut
1769 914 2057 991 fierent}
2084 921 2364 980 senatus
2388 912 2776 978 decrerim*

588 1015 703 1080 Ad
746 1034 867 1081 eos
895 1016 1115 1095 ludoS,
1161 1025 1432 1084 auctore
1463 1017 1656 1084 Attio
1684 1019 1918 1099 Tullo,·
1954 1019 2063 1085 vis
2102 1038 2350 1102 magna
2379 1016 2776 1082 Volscorum

586 1119 787 1185 venit.
874 1120 1278 1206 Priusquam
1337 1121 1898 1204 committerentur
1939 1121 2110 1200 ludi,
2158 1119 2419 1197 Tullus,
2474 1123 2554 1182 ut
2611 1115 2776 1204 domi

588 1224 1032 1308 compositum
1069 1245 1220 1290 cum
1249 1225 1513 1289 Marcio
1541 1224 1799 1302 fuerat,·'
1832 1224 1926 1289 ad
1958 1224 2281 1291 consules
2312 1217 2552 1287 venit.‘¹
2605 1218 2780 1285 Dicit

586 1343 759 1403 esse,
794 1346 944 1411 quae
967 1334 1220 1393 secreto
1251 1347 1444 1411 agere
1473 1329 1558 1392 de
1586 1329 1935 1413 republica
1965 1328 2142 1395 velit.
2231 1325 2527 1393 Arbitris
2571 1341 2776 1387 remo-

584 1428 701 1507 tis,
751 1433 771 1464 ⁶
796 1427 1105 1510 Invitus?
1145 1432 1384 1517 inquit,
1427 1435 1448 1465 ‘
1472 1433 1657 1518 quod
1707 1434 1989 1519 sequius
2033 1432 2142 1512 sit,
2195 1432 2279 1498 de
2322 1431 2491 1496 meis
2520 1426 2775 1493 civibus

560 1531 838 1615 loquor.
928 1532 1087 1611 Non
1134 1541 1359 1600 tamen
1407 1534 1776 1600 admissum
1824 1537 2191 1620 quicquam
2236 1536 2325 1600 ab
2355 1534 2443 1599 iis
2475 1530 2775 1596 crimina-

583 1637 723 1696 tum
761 1634 980 1713 venio,
1013 1635 1131 1700 sed
1161 1644 1450 1716 cautum,
1497 1658 1585 1704 ne
1614 1638 1989 1706 admittant.
2079 1638 2310 1704 Nimio
2351 1637 2531 1720 pluS‚
2581 1652 2772 1718 quam

581 1735 809 1814 velim,
838 1743 1215 1803 nostrorum
1245 1740 1510 1824 ingenia
1540 1750 1700 1808 sunt
1722 1742 2021 1808 mobilia.
2118 1741 2358 1806 Multis
2378 1739 2447 1804 id
2477 1737 2778 1803 cladibus

585 1840 961 1921 sensimus3
1006 1841 1263 1928 quippe
1309 1845 1425 1929 qui
1467 1865 1605 1911 non
1648 1852 1874 1912 nostro
1914 1847 2172 1925 merito,
2217 1846 2336 1911 sed
2394 1850 2623 1908 vestra
2662 1858 2776 1923 pa-

583 1942 833 2021 tientia,
872 1944 1246 2012 incolumes
1295 1950 1532 2014 simus.
1646 1950 1900 2033 Magna
1966 1951 2080 2016 hic
2138 1970 2317 2016 nunc
2374 1947 2776 2013 Volscorum

580 2045 959 2114 multidudo
1016 2057 1141 2116 est.
1246 2053 1422 2118 Ludi
1472 2059 1643 2119 sunt.
1746 2055 2162 2141 Spectaculo
2220 2054 2484 2119 intenta
2539 2048 2778 2114 civitas

582 2147 732 2213 erit.
820 2150 1128 2231 Memini,
1181 2156 1347 2241 quid
1406 2178 1530 2242 per
1575 2158 1850 2224 eandem
1897 2160 2318 2225 occasionem
2362 2158 2449 2221 ab
2501 2152 2776 2219 Sabino·

581 2272 725 2317 rum
743 2254 1131 2340 juventute⁶
1174 2261 1243 2324 in
1286 2260 1414 2325 hac
1458 2262 1625 2326 urbe
1666 2265 2095 2329 commissum
2142 2262 2251 2328 sit.
2345 2259 2596 2325 Horret
2636 2254 2781 2320 ani-

579 2373 758 2435 mus,
801 2376 886 2423 ne
923 2361 1084 2444 quid
1113 2363 1481 2429 inconsulte
1512 2384 1595 2431 ac
1623 2370 1869 2432 temere
1915 2366 2053 2432 fiat.
2139 2365 2344 2444 Haec,
2371 2369 2603 2428 nostra
2630 2380 2780 2424 ves-

580 2458 811 2544 ttaque
856 2482 1085 2543 causa,
1129 2467 1314 2553 prius
1362 2468 1651 2534 dicenda
1703 2471 1928 2549 vobiS,
1976 2470 2317 2549 consules»,
2378 2472 2560 2533 ratus
2608 2485 2778 2538 sum,

583 2560 787 2643 Quod
811 2566 901 2632 ad
923 2588 1029 2634 me
1065 2572 1322 2651 attinet,
1370 2573 1716 2657 extemplo
1737 2573 1892 2641 hinc
1923 2573 2195 2639 domum
2225 2573 2414 2638 abire
2455 2572 2525 2636 in
2552 2568 2778 2635 animo

579 2674 707 2746 est,
732 2688 815 2734 ne
838 2670 1040 2755 quus
1067 2672 1231 2739 facti
1261 2674 1513 2740 dictive
1544 2677 1946 2759 contagione
1975 2695 2277 2763 praesens
2298 2672 2555 2740 violer.'
2600 2672 2775 2738 Haec

574 2766 853 2838 locutus
882 2774 1066 2841 abiit.
1157 2776 1487 2844 Consules
1535 2800 1684 2845 cum
1738 2782 1825 2845 ad
1884 2781 2120 2846 Patres
2147 2800 2289 2846 rem
2331 2778 2611 2844 dubiam
2647 2778 2775 2842 sub

580 2880 849 2942 auctore
879 2885 1061 2944 certo
1096 2879 1512 2960 detulissent,
1560 2889 1799 2948 auctor
1850 2884 2091 2967 magia
2140 2891 2218 2948 ut
2262 2882 2362 2962 fit,
2410 2900 2611 2967 quam
2650 2899 2774 2957 reS,

577 2974 666 3039 ad
714 2983 1229 3061 praecavendum
1281 2986 1387 3051 vel
1439 3006 1530 3051 ex
1589 2987 2058 3071 supervacuo‘
2098 2987 2330 3052 movit.
2428 2984 2774 3069 Factoque

581 3085 858 3145 senatus
899 3087 1228 3164 consulto,
1252 3080 1260 3087 ’
1281 3096 1353 3154 ut
1379 3091 1602 3155 urbem
1647 3090 2043 3157 excederent
2063 3088 2083 3123 ³
2113 3088 2382 3169 Volsci,
2429 3107 2776 3174 praecones

644 3209 672 3243 '⁸
704 3213 970 3277 Antequam
990 3218 1096 3267 tadi
1116 3219 1379 3285 inciperent
1401 3224 1643 3275 celebrari.

641 3274 680 3375 ἷ-
696 3277 1092 3395 ἓιιὼεηιηῗάωοάηω
1111 3283 1258 3364 Antii
1274 3286 1553 3340 bonet-uerat
1571 3306 1677 3340 cum
1703 3290 1973 3342 Coriolano.

890 3361 981 3397 non
1002 3363 1276 3401 necessario.

1489 3431 1857 3458 Onomante

639 3513 672 3560 4
706 3509 935 3562 Decet-nit
958 3512 1090 3563 Edd.
1113 3523 1233 3565 ante
1250 3518 1517 3570 Drak.—-5
1554 3522 1619 3571 In
1642 3521 1748 3572 Mn.
1769 3521 1947 3572 Veith.
1971 3529 2052 3573 ert
2085 3521 2200 3572 urbe
2219 3523 2538 3580 excedet-ena·
2573 3526 2630 3571 et
2658 3533 2768 3569 mox

574 3574 844 3640 indignatio
864 3584 1024 3629 coorta
1042 3585 1114 3630 est
1129 3597 1146 3631 .·
1179 3582 1263 3633 Se.
1567 3652 1783 3705 NOTAE

639 3729 662 3756 ⁶
694 3723 1024 3776 Pedibuuuis
1050 3729 1235 3778 domum
1257 3730 1479 3794 rediisse]
1508 3733 1631 3784 Sive
1713 3734 1843 3785 cnlsi
1880 3735 2096 3784 Volscos
2134 3734 2385 3799 injuriose
2446 3737 2767 3789 tractarenn

573 3800 833 3853 simulatur
856 3803 1081 3870 morbus,
1101 3808 1213 3857 rive
1235 3823 1387 3859 casus
1404 3808 1521 3862 fult.
1711 3820 1768 3863 et
1809 3812 1885 3862 sic
1928 3812 2249 3861 exacerbatis
2289 3810 2551 3873 utrimque
2592 3806 2768 3858 ani-ir

639 3872 664 3902 ⁶
697 3878 763 3929 A.
788 3880 852 3930 U.
878 3881 937 3930 C.
956 3885 1073 3933 264.
1709 3887 1832 3938 belli
1861 3902 1985 3939 ansa
2021 3889 2269 3949 claretum
2303 3887 2441 3951 quod
2473 3900 2622 3951 tque
2653 3884 2767 3933 Tul·

636 3949 663 3986 Ἰ
697 3955 885 4006 Tullus.
903 3992 917 4007 .
935 3991 949 4007 .
969 3993 982 4008 .
998 3960 1062 4008 ud
1094 3963 1309 4013 consules
1338 3963 1494 4030 venit]
1528 3965 1626 4015 Vel
1711 3969 1790 4017 lus
1811 3967 2144 4032 Marcinsqne
2168 3964 2440 4030 optabant,
2477 3968 2635 4027 prout
2651 3974 2764 4024 cap·

571 4029 763 4092 potins,
782 4036 1205 4097 quemadmodum
1230 4040 1445 4105 Dionys.
1463 4042 1629 4093 refert
1709 4047 1945 4109 proximo
1966 4044 2268 4096 indicatum.

571 4104 663 4155 lib.
702 4119 824 4156 vm.
851 4110 1006 4161 index
1047 4129 1078 4163 a
1109 4115 1257 4166 Tullo
1299 4119 1627 4179 subornatus,
1770 4129 1794 4157 0
1824 4121 1902 4172 Ab
1923 4120 2488 4187 Sabinorumjtwenme]
2519 4118 2658 4171 Vide
2677 4118 2764 4167 ln·

571 4180 661 4247 qni
682 4185 1028 4238 aconsnlibus
1065 4191 1117 4240 in
1147 4192 1396 4245 Senatum
1434 4196 1624 4247 adduc·
1698 4199 1790 4266 jus
1813 4200 1931 4251 libri
1954 4215 2000 4251 c.
2026 4204 2106 4252 18.

574 4264 676 4316 tur,
711 4266 770 4312 ut
799 4260 1017 4313 Romani
1046 4263 1180 4318 falsa
1211 4269 1470 4323 delatione
1506 4288 1626 4339 per-
