3034 4925
571 383 705 455 362
1508 391 1584 439 r.
1628 390 1828 439 mvn

570 543 1013 614 ministerium
1065 540 1240 627 patri
1274 539 1357 604 de
1406 537 1639 604 liberis
1684 524 2072 603 consulatus
2119 527 2471 616 imposuit,
2521 532 2607 604 et,
2653 523 2762 611 qui

571 656 915 736 spectator
963 654 1107 713 erat
1156 643 1594 722 amovendus,
1630 661 1780 707 eum
1827 642 2051 725 ipsum
2079 635 2354 703 fortuna
2380 640 2763 698 exactorem

572 753 898 838 supplicii
954 750 1159 816 dedit.
1247 747 1529 813 Stabant
1587 745 1861 829 deligati
1908 743 1992 808 ad
2045 741 2321 827 palum²
2363 733 2764 803 nobilissimi

563 855 867 942 juvenes.
953 853 1086 920 Sed
1110 871 1154 917 a
1179 852 1447 929 ceteris,
1473 851 1663 916 velut
1692 849 1779 914 ab
1807 848 2054 932 ignotis
2085 844 2443 928 capitibuS,
2477 839 2766 906 consulis

571 960 766 1027 liberi
794 958 1088 1026 omnium
1116 957 1187 1020 in
1226 974 1299 1019 se
1342 960 1726 1021 averterant
1750 960 1775 990 ²
1821 951 2083 1026 oculos,
2124 947 2619 1029 miserebatque
2645 960 2765 1007 non

572 1078 797 1147 poenae
833 1059 1048 1141 magis
1097 1057 1424 1135 homineS,
1455 1076 1661 1142 quam
1691 1055 2021 1133 sceleritas
2067 1073 2206 1139 quo
2253 1069 2533 1136 poenam
2565 1045 2769 1113 meriti

575 1168 836 1244 essent3
884 1162 1066 1239 illos,
1098 1181 1177 1225 eo
1216 1160 1644 1244 potissimum
1686 1178 1859 1225 anno
1907 1159 2196 1243 patriam
2236 1156 2617 1230 liberatam,
2653 1169 2770 1234 pa-

575 1275 744 1334 trem
774 1267 1253 1341 liberatorem,⁸
1295 1263 1714 1329 consulatum
1758 1270 1977 1328 ortum
2024 1281 2112 1328 ex
2140 1260 2341 1326 domo
2368 1257 2415 1323 J
2420 1255 2611 1334 unia,
2642 1254 2772 1319 Pa-

574 1377 734 1450 tres,
781 1370 1073 1455 plebem,
1119 1366 1440 1452 quicquid
1486 1365 1782 1431 Deorum
1818 1365 2286 1449 hominumque
2308 1361 2771 1427 Romanorum

576 1481 778 1554 esset,
806 1472 1163 1538 induxisse
1191 1470 1262 1535 in
1286 1472 1597 1549 animum,
1624 1477 1698 1536 ut
1741 1469 2042 1553 superbo
2073 1467 2414 1553 quondam
2444 1464 2613 1548 regi,
2639 1467 2770 1528 tum

575 1578 821 1643 infesto
878 1574 1087 1652 exuli,
1138 1573 1524 1657 proderent.
1613 1572 1949 1639 Consules
1995 1573 2065 1637 in
2106 1572 2333 1638 sedem
2379 1585 2770 1655 processere

577 1700 792 1757 suam,
824 1679 1148 1760 missique
1193 1676 1466 1741 lictores
1501 1676 1587 1742 ad
1619 1676 2007 1741 sumendum
2055 1674 2467 1760 supplicium
2490 1671 2770 1737 nudatos

575 1784 782 1866 virgis
812 1781 1101 1858 caedunt,
1150 1771 1515 1863 securique
1547 1779 1832 1846 feriunt:
1874 1799 2025 1846 cum
2065 1781 2234 1844 inter
2278 1796 2475 1843 omne
2512 1783 2769 1859 tempus

575 1893 786 1971 pater,
835 1885 1214 1967 vultusque,
1261 1888 1329 1948 et
1379 1904 1457 1948 os
1503 1885 1671 1969 ejuS,
1714 1883 2106 1970 spectaculo
2156 1882 2390 1960 esset,⁴¹
2446 1879 2769 1945 eminente

578 1990 801 2054 animo
821 1987 1041 2073 patrio
1069 1995 1088 2034 ³
1111 1984 1136 2023 ι’
1177 1987 1349 2052 inter
1376 1988 1676 2071 publicae
1709 1978 1933 2072 poenae
1966 1985 2427 2052 ministerium.
2517 1982 2772 2047 Secun-

576 2091 733 2157 dum
766 2111 1030 2177 poenam
1082 2092 1480 2167 nocentium,
1520 2092 1692 2157 utin
1733 2098 2084 2176 utramque
2126 2094 2429 2174 partem⁰
2471 2083 2768 2151 arcendis

578 2194 950 2261 sceleribus
992 2194 1380 2278 exemplum
1410 2195 1632 2259 nobile
1664 2203 1870 2274 esset,
1910 2194 2255 2279 praemium
2299 2190 2534 2267 indici,
2572 2206 2771 2273 pecu·

640 2373 673 2413 ὅ
697 2377 1003 2443 Spectaretur
1019 2377 1222 2427 omnium
1242 2376 1295 2427 in
1314 2390 1365 2426 se
1382 2379 1620 2428 conversis
1637 2379 1799 2429 oculis.

1506 2523 1871 2545 ‘nutem‘

576 2625 739 2677 Drak.
777 2632 1072 2678 constanter
1108 2631 1315 2676 servent
1332 2625 1485 2692 firma
1523 2626 1635 2676 sine
1669 2627 1890 2692 copula?
1924 2628 2159 2693 Βοενᾶτις.
2162 2631 2259 2678 -2
2293 2623 2409 2676 ‘AL
2454 2625 2775 2683 adverterant,

577 2694 710 2758 quod
735 2692 1115 2760 praeferendum
1141 2690 1303 2757 puto.’
1338 2692 1486 2742 Idem.
1490 2696 1586 2742 -3
1621 2694 1921 2759 Legendum
1952 2702 2102 2759 putat
2125 2693 2325 2746 Stroth.
2368 2691 2656 2743 merem
2674 2688 2770 2739 aaa·

1569 2824 1783 2876 NOTAE

639 2932 663 2957 ¹
693 2920 902 2974 Stabant
920 2921 1121 2985 deligati
1143 2922 1206 2972 ad
1231 2919 1419 2986 palum]
1473 2920 1633 2972 Vides
1733 2950 1736 2953 >
1777 2931 1802 2958 ¹⁵
1832 2924 2029 2974 Patrem
2044 2921 2365 2987 liberatorem]
2386 2922 2519 2973 Nam
2538 2920 2770 2972 consules

575 3000 822 3066 graphice
845 3000 1112 3064 depictum
1141 2999 1383 3064 supplicii
1419 2999 1485 3049 de
1517 3014 1633 3050 sou·
1717 3015 1810 3065 per
1858 3002 2066 3052 insidias
2121 3002 2417 3068 opprimere
2477 3004 2770 3051 statuerant

576 3077 717 3128 tibus
738 3077 871 3141 apud
891 3077 1152 3127 Romanos
1169 3076 1405 3127 sumendi
1421 3091 1633 3128 morem.

577 3152 772 3204 Brutus
807 3154 858 3203 in
899 3153 1030 3203 filios
1067 3154 1191 3203 nihil
1218 3153 1282 3203 ad
1303 3152 1512 3218 objecta
1534 3157 1631 3206 cri-

574 3228 713 3279 mina
734 3229 1126 3294 respondentes,
1150 3230 1291 3296 quasi
1313 3231 1434 3294 jure
1459 3240 1631 3296 pater-

574 3322 642 3357 no
686 3306 1049 3357 animadvertit
1071 3319 1091 3359 ’τ
1138 3308 1447 3374 reliquorum
1491 3310 1630 3374 judi-

570 3384 935 3435 cium-civibus
962 3384 1212 3449 permisit.

639 3473 663 3521 1·
701 3466 959 3516 Miserebat
973 3481 1065 3514 non
1075 3480 1222 3529 ρωποι
1237 3467 1393 3531 magis
1409 3466 1635 3530 homines,

571 3554 711 3605 quam
730 3541 942 3604 sceleris]
993 3542 1215 3592 Miseros
1240 3557 1330 3593 eos
1352 3545 1633 3594 censebant

571 3630 672 3666 non
694 3625 897 3668 tautum
921 3617 1059 3682 quod
1079 3619 1130 3668 in
1153 3620 1318 3683 prima
1334 3619 1632 3670 adolescen-

572 3693 649 3742 tia
671 3694 866 3744 nobiles
892 3695 1114 3758 juvenes
1138 3697 1314 3760 eapite
1336 3711 1514 3762 poenas
1542 3698 1630 3746 da-

573 3767 732 3832 bant3
774 3769 866 3820 sed
908 3770 1046 3836 quod
1092 3779 1196 3823 tam
1239 3779 1394 3838 turpe
1431 3771 1630 3823 facinus

572 3844 914 3909 admisissent,
937 3863 1000 3897 eo
1027 3855 1175 3913 patre
1195 3850 1301 3898 nati
1326 3856 1482 3915 atque
1503 3849 1629 3898 iniis

573 3921 990 3987 circumstantiis,
1032 3938 1148 3991 quoe
1189 3942 1219 3975 a
1253 3927 1402 3977 Livio
1441 3941 1628 3977 memo·

572 4004 770 4046 rantur.
837 3998 1045 4065 Alioqui
1080 4016 1182 4052 non
1224 4003 1374 4054 video
1398 3993 1631 4068 qui‘d‘sib

571 4071 764 4122 miseret
807 4089 881 4123 me
929 4077 1133 4141 sceleris,
1183 4078 1271 4127 vix
1319 4079 1455 4129 enim
1503 4085 1631 4144 puto

575 4160 725 4213 posse
746 4148 872 4212 dici,
909 4152 1074 4201 scelus
1102 4163 1241 4204 tunm
1275 4155 1403 4205 facit
1425 4168 1506 4204 me
1539 4155 1631 4204 mi·

574 4239 762 4275 serum.
826 4226 960 4275 Vide
995 4227 1192 4281 Sanetii
1224 4233 1514 4284 Minervam
1544 4232 1636 4283 lib.

577 4315 655 4352 ιν.
678 4317 724 4356 c.
745 4306 794 4353 3.
825 4303 885 4354 J.
911 4303 1138 4355 Clericus.

1715 3080 1989 3144 conjurati.
2013 3080 2229 3144 Dionys.

1778 3153 1802 3189 ¹²
1836 3157 2088 3208 Eminente
2110 3155 2266 3207 animo
2280 3153 2465 3220 patrio]
2497 3153 2584 3203 An
2598 3158 2768 3217 pater·

1713 3249 1833 3284 num
1858 3233 2124 3298 affectum,
2143 3232 2469 3299 quantumvis
2482 3230 2770 3281 dissimula·

1716 3318 1844 3375 tum,
1867 3311 2098 3376 erupisse
2121 3312 2236 3360 vult
2258 3310 2312 3360 in
2332 3308 2484 3359 Bruti
2505 3305 2647 3357 facie
2667 3308 2688 3356 ?
2706 3320 2766 3355 sn

1715 3388 1943 3439 studium
1988 3390 2040 3437 in
2074 3386 2300 3453 patriam
2338 3399 2512 3435 onmes
2548 3381 2764 3434 affectus

1716 3466 1766 3514 i'n
1806 3474 1909 3515 tam
1950 3465 2081 3514 duro
2122 3463 2411 3513 ministerio
2454 3457 2766 3524 superasse?

1714 3543 1809 3591 hoe
1863 3541 2046 3591 suadet
2086 3540 2213 3590 illud
2256 3538 2480 3605 Virgilii,
2524 3538 2544 3565 ‘
2577 3537 2765 3587 Vincet

1714 3633 1857 3669 amor
1875 3616 2096 3684 patriae!

1731 3710 1738 3715 ·
1779 3696 2031 3745 Eminente
2072 3693 2228 3744 animo
2260 3691 2443 3758 patrio]
2476 3691 2533 3742 Si
2576 3690 2763 3741 animus

1712 3772 1911 3835 patrius
1949 3772 2017 3820 sit
2062 3771 2261 3820 animus
2296 3771 2349 3819 in
2385 3769 2609 3835 patriam
2641 3769 2765 3818 bene

1711 3845 2589 3911 affectus‚significaturconstantia
2601 3844 2769 3905 Bruti3

1710 3926 1753 3974 si
1790 3938 1913 3974 vero
1949 3925 2148 3974 animus
2186 3932 2453 3989 paternus,
2486 3923 2764 3973 misericor-

1713 4001 1798 4050 dia
1821 4015 1942 4065 erga
1964 3999 2109 4065 filios,
2133 4015 2248 4066 quae
2273 4014 2388 4049 sese
2408 3998 2681 4064 prodebat.
2711 3997 2762 4046 J.

1717 4078 1945 4128 Clericus.

1776 4163 1796 4190 ⁰
1833 4156 1896 4204 Ιτι
1916 4160 2162 4220 utramque
2177 4153 2387 4221 partem]
2402 4154 2532 4206 Tam
2553 4151 2763 4221 premii,

1715 4245 1866 4298 quam
1892 4246 2073 4297 poenae.
