3034 4925
1025 366 1170 415 ms.
1216 367 1336 416 111.
1381 369 1548 423 car.
1589 354 1700 421 37.
2312 362 2443 429 eu

331 514 445 579 374
492 512 1078 598 Circumspectare
1133 520 1278 581 tum
1323 517 1759 603 patriciorum
1803 520 2027 587 vultus
2063 523 2341 606 plebeii,
2381 524 2452 592 'et

239 615 402 681 iude
420 616 751 682 libertatis
787 624 1066 702 captare
1099 637 1360 699 auram,
1402 621 1587 686 unde
1614 624 2008 690 servitutem
2054 627 2348 694 timendo
2378 630 2449 693 in

242 743 402 789 eum
431 729 677 791 statum
706 743 844 789 rem
866 725 1206 809 publicam
1234 725 1705 794 adduxerant!
1792 731 2133 797 Primores
2164 732 2449 799 Patrum

244 827 484 891 odisse
515 827 957 906 decemviros»,
993 827 1234 894 odisse
1280 829 1590 913 plebem:
1636 851 1761 897 nec
1792 835 2100 919 probare,
2134 855 2289 919 quae
2330 837 2455 903 fie-

240 939 437 1009 rent;
481 938 551 995 et
576 930 873 1009 credere,
899 931 1077 996 haud
1105 930 1400 1015 indiguis
1430 934 1760 1000 accidere.
1832 934 2057 1003 Avide
2080 938 2339 1004 ruendo
2359 940 2457 1004 ad-

242 1031 622 1098 libertatem
672 1034 737 1097 iu
778 1034 1166 1099 servitutem
1205 1035 1475 1126 elapsos
1507 1044 1528 1083 ³
1564 1036 1808 1121 juvare
1849 1040 2024 1105 nolle
2051 1059 2075 1101 a
2114 1042 2453 1107 cumulare

247 1150 520 1220 qnoque
547 1136 853 1224 iujurias,
881 1149 957 1202 ut
985 1138 1191 1203 taedio
1220 1140 1655 1222 praesentium
1674 1141 1996 1220 ‚consules
2027 1142 2163 1209 dno
2185 1144 2450 1209 tandem

246 1243 317 1302 et
349 1245 562 1304 status
596 1240 915 1323 pristinus
944 1259 1165 1305 rerum
1209 1240 1279 1305 in
1321 1242 1736 1307 desiderium
1768 1245 2089 1311 veniant.¹
2173 1246 2335 1312 Jam
2382 1251 2457 1311 et

245 1349 680 1424 processerat
731 1361 892 1427 pars
933 1344 1147 1430 major
1189 1344 1370 1423 anni,
1419 1351 1491 1411 et
1549 1346 1701 1412 duae
1752 1347 2008 1415 tabulae
2029 1359 2056 1385 ¹
2099 1350 2314 1434 legum
2366 1351 2453 1415 ad

242 1444 498 1527 prioris
545 1447 700 1510 anni
728 1446 956 1511 decem
996 1448 1264 1513 tabulas
1304 1457 1497 1514 erant
1543 1450 1874 1534 adjectae:
1920 1472 2046 1518 nee
2090 1453 2454 1537 quicquam

232 1546 388 1632 jam
418 1555 779 1633 supererat,
811 1549 875 1614 si
903 1550 1008 1615 hee
1052 1570 1319 1636 quoque
1348 1553 1528 1637 leges
1559 1556 1953 1620 centuriatis
1984 1555 2274 1649 comitiis
2305 1574 2451 1638 per-

242 1651 412 1715 latae
469 1663 720 1733 essent,
783 1670 902 1718 cur
955 1673 1038 1718 eo
1086 1655 1485 1738 magistratu
1537 1657 1631 1721 rei
1680 1653 1977 1740 publicae
2024 1675 2197 1741 opus
2249 1662 2453 1722 esset.

246 1749 758 1844 Expectabant,
790 1777 990 1841 quam
1022 1777 1185 1822 mox
1223 1760 1622 1825 consulibus
1663 1759 1972 1826 creandis
2006 1760 2295 1832 comitia,
2314 1759 2457 1825 edi·

248 1863 566 1923 cerentur.
584 1888 604 1907 ο
655 1857 738 1924 Id
769 1858 971 1926 modo
995 1860 1230 1944 plebes
1261 1862 1580 1943 agitabat,
1612 1881 1905 1948 quonam
1952 1861 2150 1928 modo
2180 1862 2458 1928 tribuni-

251 1960 429 2024 ciam
463 1967 885 2046 potestatem,
928 1962 1410 2027 munimentum
1458 1964 1774 2041 libertati,
1806 1984 1944 2028 rem
1974 1966 2455 2043 intermissam,

249 2070 659 2147 repararent.
751 2064 919 2132 Cum
963 2065 1227 2134 interim
1276 2067 1527 2132 mentio
1571 2067 2001 2134 comitiorum
2039 2068 2227 2132 nulla
2267 2066 2458 2149 fieri3

251 2173 328 2231 et
356 2166 759 2247 decemvir-L*
800 2168 916 2253 qui
943 2168 1160 2253 primo
1185 2165 1580 2235 tribunicios
1609 2167 1939 2249 homineS,
1964 2170 2126 2254 quia
2147 2169 2214 2233 id
2248 2190 2462 2255 popu-

249 2268 400 2334 lare
439 2269 834 2349 habebatur,
886 2272 1138 2337 circum
1185 2292 1261 2338 se
1307 2277 1801 2339 ostentaverant
1840 2272 2114 2356 plebei,⁵
2158 2274 2461 2356 patriciis

242 2374 615 2458 juvenibus
646 2381 997 2460 sepserant
1024 2375 1255 2441 latera.
1344 2375 1599 2441 Eorum
1629 2381 1920 2441 catervae
1952 2375 2309 2439 tribunalia
2338 2377 2462 2443 ob-

258 2476 591 2543 sederant.
682 2478 782 2544 Hi
811 2479 1000 2557 ferre,
1029 2499 1222 2564 agere
1264 2480 1526 2564 plebem
1557 2479 1913 2564 plebisque
1945 2489 2095 2558 res}
2139 2499 2291 2547 cum
2321 2479 2463 2544 for-

324 2652 353 2686 ?
388 2647 521 2696 Tunc
540 2647 711 2710 plebeii
748 2653 967 2700 accurate
1001 2649 1357 2700 considerabant
1397 2650 1559 2700 vultus
1588 2647 1917 2711 patriciorum,
1936 2647 2073 2712 quasi
2092 2651 2316 2696 venantes
2333 2660 2467 2710 spen

257 2710 499 2771 libertatis
520 2716 849 2775 recuperanda
868 2729 952 2779 per
972 2717 1171 2776 eosdem,
1206 2731 1237 2764 a
1258 2714 1423 2777 quibus
1444 2730 1550 2764 cum
1567 2714 1662 2763 sibi
1681 2713 1956 2764 servitutem
1978 2712 2222 2762 imminere
2240 2712 2463 2776 suspicati

257 2782 433 2829 essent,
456 2777 713 2843 effecerant
733 2785 788 2828 ut
807 2779 979 2829 civitas
1000 2780 1052 2829 in
1074 2780 1198 2830 huuc
1210 2781 1463 2843 pessimum
1484 2784 1661 2829 statum
1681 2779 1995 2841 redigeretur.
2338 2841 2348 2852 .

328 2848 352 2881 ⁴1
391 2842 742 2893 Existimabam
761 2843 962 2908 plebeios
977 2844 1150 2906 dignos
1169 2860 1271 2895 esse
1290 2846 1354 2894 iis
1372 2845 1531 2909 malis,
1553 2860 1658 2910 quoe
1679 2844 1798 2908 ipsis
1814 2859 1898 2908 per
1918 2842 2202 2893 decemviros
2223 2846 2463 2903 continge·

265 2905 418 2965 hauh·
449 2902 608 2971 eisque
630 2924 760 2973 opem
778 2909 919 2970 serre
941 2910 1182 2971 nolebant,
1204 2912 1327 2974 quod
1347 2910 1402 2959 in
1433 2925 1536 2960 eam
1555 2910 1827 2960 servitutem
1849 2908 2147 2972 cecidissent,
2164 2909 2276 2957 dum
2297 2912 2469 2956 arden·

261 2973 368 3020 tius
383 2984 524 3034 qnam
542 2986 634 3036 pm·
652 2980 756 3024 erat
773 2974 1042 3025 libertatem
1062 2980 1353 3039 appeterent.
2440 3002 2447 3009 ’

328 3043 353 3068 ’
383 3037 668 3100 Hijumes
684 3040 880 3105 patricii
899 3040 1207 3105 diripiebant,
1226 3041 1554 3106 amburitque
1566 3041 1745 3106 plebem
1765 3044 1815 3091 et
1832 3039 1935 3101 ἠιω
1953 3039 2088 3089 boum

1183 3186 1541 3208 mOOOO‘OOOO

329 3286 361 3334 3
397 3283 415 3313 ‘
432 3285 665 3350 Rectius,
698 3292 847 3350 puto,
880 3286 967 3337 slii
992 3288 1072 3337 vel
1106 3291 1278 3354 lapsos,
1301 3291 1385 3339 vel
1406 3291 1637 3353 delapsos,
1659 3286 1741 3337 vel
1778 3286 2018 3350 relapsos.'
2051 3286 2296 3348 Doering.
2367 3286 2469 3335 De-

259 3352 417 3414 lapsos
436 3357 526 3401 sut
549 3352 716 3416 lapsos
739 3353 1015 3418 legendum
1037 3361 1189 3405 notat
1223 3365 1280 3406 et
1312 3355 1633 3419 Doujat.-·4
1666 3353 1729 3402 Iu
1768 3352 1870 3403 Ms.
1908 3352 2082 3401 Veitb.
2115 3352 2307 3415 legitur
2340 3353 2475 3399 nsua

1260 3497 1475 3548 No'rAE

333 3616 361 3645 ¹
394 3612 520 3662 Duoe
556 3611 754 3677 tabule]
793 3610 891 3662 His
918 3610 1156 3677 adjectis,
1180 3612 1325 3662 Duo·
1405 3609 1494 3662 sed
1535 3624 1563 3659 a
1600 3609 1920 3671 consulibus,
1955 3623 2071 3672 cap.
2106 3613 2188 3659 57.
2221 3608 2375 3670 iufra,
2414 3615 2471 3659 et

270 3687 445 3738 decim
476 3689 789 3738 Tabularum
829 3691 992 3751 Leges
1018 3688 1326 3752 extiterunt,
1408 3686 1543 3752 apud
1567 3686 1873 3750 Dionysium
1895 3685 1987 3735 lib.
2009 3698 2088 3735 xi.
2156 3684 2308 3734 Inter
2329 3685 2470 3748 leges

266 3781 390 3830 quae
414 3770 468 3817 et
491 3766 725 3816 absolute
746 3766 1051 3828 Duodecim,
1066 3771 1119 3815 et
1142 3765 1327 3815 Graece
1405 3767 1584 3815 barum
1625 3764 1839 3815 duarum
1872 3763 2163 3813 tabularum
2206 3777 2355 3810 ninam
2391 3760 2473 3809 fu-

266 3841 726 3904 AoessendBeM-omet
749 3840 916 3905 Leges
941 3840 1330 3891 Decemvirales
1408 3844 1512 3893 isse
1535 3841 1713 3892 scribit
1737 3839 2020 3905 Dionysius
2051 3846 2287 3888 extremo
2302 3836 2391 3887 lib.
2415 3851 2472 3888 x.

268 3914 460 3970 dictae:
497 3927 677 3984 utpote
711 3934 742 3968 a
781 3918 1105 3981 decemviris,
1142 3916 1331 3981 partim
1413 3935 1528 3984 qnae
1552 3917 1864 3969 connubium
1897 3916 2109 3965 vetabat
2145 3915 2280 3965 iuter
2312 3916 2473 3980 patri·

268 3996 459 4060 prioris
494 3996 682 4060 partim
719 3995 1021 4059 posterioris
1053 3995 1190 4052 anni,
1227 4003 1331 4045 tam
1373 3993 1378 3996 ’
1412 3996 1517 4046 cios
1544 4003 1599 4045 et
1623 3994 1889 4060 plebeios:
1925 4006 2023 4041 nou
2059 3991 2126 4041 ob
2164 3991 2315 4042 aliam
2351 4007 2471 4042 cau-

267 4085 338 4120 εκ
361 4070 581 4135 Solonis,
620 4071 835 4134 aliisque
871 4070 1176 4122 Graecorum
1206 4070 1332 4146 legi·
1413 4088 1539 4137 sam,
1562 4079 1619 4121 ut
1642 4071 1754 4135 ipse
1787 4070 2182 4133 interpretatur,
2215 4084 2367 4134 quam
2390 4082 2472 4125 ne,

164 4162 168 4168 ’
271 4149 393 4224 bus,
417 4163 570 4213 quam
593 4164 658 4198 ex
695 4146 873 4213 patriis
902 4148 1170 4205 institutis,
1205 4148 1332 4212 legi·
1413 4148 1721 4199 consociatis
1761 4144 1986 4210 familiis,
2018 4146 2298 4198 concordia
2333 4146 2474 4195 inter

270 4224 457 4286 busve,
480 4240 657 4276 omnes
694 4226 1028 4290 compositae:
1065 4226 1187 4276 licet
1218 4226 1331 4276 duae
1414 4224 1623 4277 ordines
1653 4224 1822 4275 fieret.

272 4302 555 4366 postremae
580 4301 644 4353 ab
668 4302 846 4354 iisdem
863 4303 1074 4369 perlatae
1089 4317 1188 4353 non
1207 4305 1331 4365 sint,
