3034 4925
997 411 1143 461 mn.
1191 412 1277 461 ιι.
1323 412 1487 464 cn.
1531 395 1594 462 8,

2189 370 2204 379 ’
2255 394 2387 464 371

142 560 217 626 in
252 558 533 643 vulgus
565 556 746 642 leges
774 558 984 624 fuere.
1072 556 1268 638 Quas
1296 576 1448 624 cum
1493 557 1679 625 solus
1721 557 2130 643 pertulisset,
2159 564 2238 623 ut
2264 578 2388 625 sua

142 663 365 730 unius
420 665 503 728 in
530 662 634 727 his
666 663 876 746 gratia
905 671 1130 742 esset,⁸
1174 669 1313 728 tum
1360 661 1594 728 deinde
1626 663 1905 728 comitia
1936 661 2215 746 collegas
2246 682 2388 729 sur·

145 766 487 851 rogando
512 766 769 832 habuit.
835 766 1118 833 Creatus
1140 767 1262 852 Sp.
1287 766 1645 834 Lucretius
1661 774 1688 814 ‘¹
1715 767 1976 846 consul,
1998 767 2116 851 qui
2144 784 2386 849 magno

143 875 370 948 natu‚‘
424 887 574 936 non
609 868 1096 936 sufficientibus
1126 871 1274 958 jam
1305 869 1562 936 viribus
1593 870 1678 936 ad
1710 868 2092 936 consularia
2120 888 2390 936 munera

148 972 523 1052 obeunda,
566 973 739 1040 intra
767 993 1028 1058 paucos
1057 975 1206 1041 dies
1236 975 1533 1041 moritur.
1625 974 1956 1039 Suffectus
1993 974 2065 1039 in
2092 971 2389 1042 Lucretii

145 1078 387 1146 locum
454 1075 558 1148 M.
611 1075 945 1144 Horatius
992 1078 1374 1144 Pulvilluss

1489 1074 1694 1162 Apud
1748 1077 2081 1162 quosdam
2127 1082 2389 1148 veteres

151 1188 494 1246 auctores
540 1200 679 1246 non
725 1181 995 1248 invenio
1042 1182 1430 1248 Lucretium
1464 1180 1859 1246 consulem:
1905 1180 2123 1246 Bruto
2154 1180 2387 1246 statim

155 1283 546 1350 Horatium
596 1292 979 1368 suggerunt.
1076 1284 1324 1365 Credo,
1371 1287 1531 1371 quia
1572 1286 1753 1351 nulla
1795 1298 1985 1368 gesta
2028 1305 2138 1349 res
2186 1285 2387 1367 insig-

155 1407 315 1452 nem
347 1387 601 1454 fecerit
632 1388 1086 1467 consulatum,
1136 1390 1524 1454 memoriam
1575 1386 2109 1453 intercidisse.¹⁸⁸
2197 1385 2388 1451 Non-

158 1490 316 1556 dum
365 1491 692 1558 dedicata
720 1499 867 1557 erat
894 1492 963 1557 in
996 1490 1342 1575 Capitolio
1372 1490 1418 1555 J
1420 1491 1571 1556 ovis
1602 1490 1805 1556 aedes.
1893 1488 2208 1555 Valerius
2238 1488 2385 1555 Ho-

158 1596 519 1682 ratiusque
572 1596 888 1674 consules
933 1595 1197 1675 sortiti,t
1240 1605 1389 1662 uter
1441 1595 1804 1661 dedicaret.
1892 1592 2181 1659 Horatio
2210 1599 2386 1660 sorte

164 1700 419 1765 evenit.
496 1699 859 1765 Publicola
881 1698 967 1764 ad
990 1697 1378 1764 Veientium
1402 1698 1647 1762 bellum
1680 1696 2040 1781 profectus.
2086 1695 2384 1778 AEgriuS,

162 1822 366 1887 quam
398 1802 676 1888 dignum
706 1807 870 1883 erat,
919 1802 1124 1868 tulere
1159 1801 1423 1867 Valerii
1469 1800 1852 1881 necessarii,
1896 1798 2385 1868 dedicationem

166 1912 300 1972 tam
330 1906 584 1992 inclyti
613 1906 842 1992 templi
874 1895 1170 1971 Horatio
1205 1896 1402 1971 dari?
1470 1905 1554 1970 ld
1588 1903 1899 1970 omnibus
1923 1904 2142 1969 modis
2171 1904 2382 1988 imper»

167 2007 300 2074 dire
333 2010 596 2088 conati,
627 2012 985 2094 postquam
1009 2008 1152 2073 alia
1172 2008 1421 2074 frustra
1442 2014 1704 2074 tentata
1722 2012 1929 2084 erant,
1955 2012 2218 2091 postem
2237 2006 2385 2091 jam

170 2112 417 2178 tenenti
474 2110 745 2180 consuli
796 2109 1057 2190 foedum
1104 2110 1271 2176 inter
1321 2111 1781 2195 precationem
1829 2110 2051 2175 Deum
2081 2109 2382 2176 nuntium

170 2214 499 2281 incutiunt
517 2236 537 2298 ;
557 2226 588 2256 ’⁸
628 2220 651 2256 ⁴
674 2225 1009 2283 mortuum
1038 2213 1189 2300 ejus
1218 2215 1430 2281 filium
1460 2234 1639 2293 esse,
1661 2214 2065 2296 funestaque
2087 2210 2385 2279 familia¹

174 2316 485 2384 dedicare
514 2336 670 2384 eum
719 2317 1051 2406 templum
1095 2338 1236 2388 non
1277 2316 1580 2404 posse.'⁸¹
1668 2316 1830 2382 Non
1862 2314 2219 2381 crediderit
2248 2314 2387 2381 fac-

238 2507 257 2533 ⁸
296 2502 363 2553 Ut
384 2504 564 2554 borum
583 2501 914 2569 beneficiorum
934 2502 1159 2555 meritum
1175 2502 1444 2568 sol-sapsa
1460 2505 1683 2570 populum
1698 2503 1907 2561 haberet,
1925 2503 2051 2554 nullo
2071 2502 2250 2564 collega
2269 2500 2382 2566 Μ’-

180 2564 423 2630 ticipante.
626 2571 643 2607 ⁸
677 2570 846 2620 AEtcte
865 2572 1135 2633 provectus.

234 2639 260 2664 ¹⁸
293 2635 537 2699 cumjam
560 2636 773 2686 soletum
787 2634 1097 2684 dedicationis
1113 2647 1276 2697 preces
1291 2635 1648 2700 renuntiaret,
1671 2636 1788 2686 mali
1823 2635 1994 2686 eatinis
2022 2631 2243 2684 nuntium
2262 2629 2384 2696 affe-

182 2702 298 2746 runt·
626 2708 652 2735 ²
694 2702 816 2751 Cum
832 2700 932 2763 dus
940 2699 1140 2761 familia
1152 2698 1331 2761 funere
1353 2701 1676 2752 contaminata
1695 2707 1834 2755 esset.

1104 2844 1317 2866 ΜΟΝΟ
1321 2845 1469 2867 ΝΟΟΟ

184 2943 322 2997 licolae
345 2950 536 3014 probat
558 2950 755 3001 Stroth.
780 2955 835 3001 et
860 2950 936 3001 ita
956 2948 1285 3000 scribendum
1309 2956 1486 3002 mouet
1503 2950 1897 3016 &genium—18
1929 2949 2041 3000 ‘Ita
2064 2962 2128 2998 ex
2151 2944 2384 3011 plurimis

189 3008 306 3075 Μαι.
330 3017 541 3081 reposui
565 3031 661 3084 pro
683 3017 824 3082 vulg.
858 3017 1083 3068 memoria
1105 3015 1437 3069 intercidisse)
1469 3018 1691 3084 Rupert.
1756 3016 1952 3067 Probat
1975 3016 2219 3078 Doering.

1169 3147 1386 3201 NOTAE

194 3253 252 3288 ex
283 3241 427 3295 bonis
471 3245 729 3312 ejusmodi
768 3245 1124 3298 damnatorum
1159 3262 1239 3296 re-

196 3314 355 3369 dactas
400 3322 584 3379 Cereri
626 3338 798 3376 sacras
849 3323 1010 3376 fuisse
1060 3325 1241 3381 scribit

196 3389 400 3462 Dionys.
421 3400 516 3450 lib.
540 3415 598 3453 x.

250 3470 485 3528 Sacranae
528 3493 633 3528 eum
670 3479 824 3546 bouis,
855 3479 965 3547 ξω]
1019 3479 1124 3537 Qui
1157 3495 1238 3531 sa·

198 3547 262 3595 cri
281 3551 420 3603 erant
446 3555 737 3619 plebiscito,
759 3572 848 3608 eos
872 3558 1082 3621 impune
1103 3558 1237 3608 occi-

200 3622 310 3677 dere
348 3631 556 3698 licebat,
604 3643 663 3687 ut
705 3635 899 3687 docent
943 3637 1146 3701 Festus,
1186 3637 1238 3686 in

200 3699 214 3726 ‘
237 3717 367 3757 sacer
400 3710 580 3769 mons‚'
614 3720 669 3763 et
701 3712 1003 3765 Macrobius
1025 3714 1239 3767 Saturn.

203 3777 327 3833 hur.
349 3801 395 3838 c.
417 3793 466 3839 7.
499 3791 648 3841 Bona
681 3805 806 3843 vero
840 3791 915 3842 sic
949 3806 1101 3843 sacra
1123 3806 1241 3857 per·

205 3855 462 3931 debantn13
498 3876 557 3919 ut
586 3868 753 3935 liquet
782 3868 1023 3934 exemplo
1050 3868 1242 3934 segetis

203 3933 442 4006 Tarquinii
465 3961 621 4011 supra
635 3952 744 3998 c.5.
797 3947 929 3999 Vide
947 3952 1004 3997 et
1025 3946 1155 3997 Intt.
1179 3945 1244 3995 ad

208 4017 454 4078 septimam
469 4025 781 4075 Tabularum
805 4038 910 4075 ιιι.
935 4026 991 4075 J.
1009 4025 1243 4075 Clericus.

262 4100 284 4139 ’ἲ
313 4097 393 4163 Sp.
417 4103 691 4170 Lucretius]
729 4104 1051 4169 Cognomine
1084 4104 1244 4154 Trici-

209 4167 396 4235 pitinus,
441 4189 589 4244 pater
631 4182 930 4242 Lucretiae3
986 4180 1053 4234 ob
1100 4182 1245 4247 cujus

214 4253 481 4330 memoriam
512 4272 644 4311 anno
680 4258 846 4325 primo
879 4258 1158 4322 libertatis,
1189 4265 1246 4313 et

212 4331 357 4376 vnn-um
377 4337 429 4382 et
453 4341 653 4400 patrem
671 4333 906 4389 consules
923 4333 1091 4389 factos
1116 4335 1244 4387 scri·

1319 3247 1398 3303 bit
1420 3248 1627 3301 Cicero.

1379 3333 1400 3361 ¹*
1422 3326 1502 3377 Μ.
1522 3327 1762 3377 Horatius
1776 3322 2037 3388 Pulvillus]
2061 3320 2167 3372 Hic
2190 3319 2255 3372 ab
2275 3319 2385 3371 Ho-

1318 3404 1452 3454 ratio
1491 3404 1779 3469 tergemino
1811 3401 2161 3453 Curiatiorum
2186 3398 2386 3447 victore

1319 3483 1574 3547 originem
1592 3483 1823 3537 trahens,
1838 3486 2055 3545 patruus
2069 3473 2304 3527 creditur
2318 3472 2385 3527 P.

1323 3557 1532 3611 Horatii
1557 3558 1790 3608 Coclitis.

1397 3646 1417 3673 θ
1437 3636 1721 3687 Memoriam
1751 3629 2023 3698 [memoria]
2062 3625 2382 3691 intercidisse]

1320 3712 1529 3775 Repete
1548 3725 1577 3760 e
1601 3710 1837 3778 proximo
1852 3707 2158 3758 mantnt-m.
2365 3726 2371 3744 ι

1381 3789 1398 3829 ⁸
1441 3788 1668 3839 Consules
1706 3783 1891 3846 sortiti]
1961 3783 2079 3832 Non
2123 3781 2200 3831 ita
2242 3779 2388 3829 Plut.

1322 3866 1459 3932 apud
1487 3880 1638 3932 quem
1671 3864 1921 3928 primores
1954 3858 2184 3910 civitatis
2206 3856 2259 3908 id
2281 3872 2387 3909 mu·

1323 3944 1465 3999 neris
1497 3958 1565 3995 ex
1597 3941 1790 3993 invidia
1817 3940 1866 3988 in
1891 3938 1955 3988 P.
1978 3935 2261 3993 Valerium,
2296 3933 2386 4000 qui

1321 4022 1507 4075 mirum
1527 4020 1580 4070 in
1600 4018 1804 4069 modurn
1823 4015 1949 4066 illud
1967 4012 2251 4080 ambiebat,
2276 4013 2386 4065 Hov

1326 4098 1457 4153 tatio
1479 4112 1513 4148 a
1536 4096 1727 4162 populo
1748 4091 1978 4145 mandari
2001 4100 2265 4143 curarunt.
2345 4104 2376 4133 ’-

1392 4175 1422 4205 ⁸
1455 4173 1524 4226 A.
1545 4175 1611 4224 U.
1634 4173 1695 4223 C.
1719 4175 1835 4222 245.
2464 4223 2470 4229 ,

1390 4263 1414 4288 ¹¹
1469 4252 1707 4304 Dedicare
1750 4265 1843 4301 non
1892 4249 2047 4314 posse]
2124 4246 2390 4302 observat

1325 4328 1593 4397 Turnebus
1626 4328 1682 4381 iu
1707 4325 2030 4381 Adversarii:
2054 4320 2269 4389 auguria
2291 4320 2408 4393 ¹¹¹¹&
