3034 4925
1007 399 1151 449 un.
1196 398 1248 448 1.
1291 399 1454 449 cu.
1494 382 1604 451 28.
1700 388 1713 399 “
2257 356 2389 452 '25⁷

228 546 572 613 certamine
621 544 920 624 animus:
964 552 1033 613 et
1077 544 1410 625 hostibus,
1454 546 1914 613 circumveniri
1969 567 2044 614 se
2101 567 2147 614 a
2200 555 2389 632 tergo

227 650 409 726 ratis,
425 656 631 725 terror
658 666 741 714 ac
770 648 931 733 fuga
956 647 1351 734 injiceretur.
1416 648 1571 715 Nec
1591 668 1674 715 ea
1696 650 1918 736 culpa,
1943 670 2139 737 quam
2161 669 2390 735 arguo,

228 751 512 817 omnium
557 750 971 819 Albanorum
990 760 1019 799 ¹¹
1047 758 1177 820 est.
1262 754 1523 819 Ducem
1554 754 1774 819 secuti
1802 759 1997 820 sunt‘:
2043 761 2115 822 ut
2145 759 2215 820 et
2242 771 2391 832 vos,

227 857 445 939 siquo
474 874 601 939 ego
630 855 780 922 inde
811 874 1047 939 agmen
1064 856 1393 923 declinare
1422 855 1798 949 voluissem,
1820 858 2171 923 fecissetis.
2215 854 2392 921 Met·
2456 930 2461 935 ,

226 959 324 1021 tus
344 956 463 1022 ille
494 964 600 1025 est
628 957 855 1024 ductor
876 959 1132 1025 itineris
1160 958 1385 1045 hujus,
1418 959 1675 1024 Mettus
1715 957 1890 1024 idem
1917 958 2112 1043 hujus
2143 956 2395 1024 machi·

225 1066 412 1125 nator
424 1061 608 1140 belli,
627 1061 887 1127 Mettus
914 1062 1191 1128 foederis
1221 1061 1513 1127 Romani
1540 1058 1922 1145 Albanique
1950 1067 2199 1145 ruptor.
2253 1056 2396 1125 Au·

228 1159 371 1227 deat
396 1159 635 1227 deinde
662 1162 829 1229 talia
858 1163 1057 1241 alius,
1099 1163 1231 1230 nisi
1260 1163 1329 1228 iu
1353 1163 1529 1228 hunc
1561 1163 1822 1246 insigne
1853 1161 1998 1246 jam
2038 1161 2399 1237 documen-

227 1267 359 1327 tum
402 1264 796 1331 mortalibus
853 1265 1145 1333 dedero?
1258 1265 1704 1333 Centuriones
1759 1265 1997 1331 armati
2042 1261 2327 1329 Mettum
2345 1270 2399 1303 ¹⁸

228 1363 727 1434 circumsistunt.
815 1367 974 1435 Rex
996 1375 1237 1449 cetera,
1269 1377 1345 1435 ut
1372 1387 1568 1435 orsus
1599 1374 1768 1446 erat,
1797 1366 2100 1452 peragit:
2145 1369 2166 1400 ‘
2192 1363 2400 1446 Quod

228 1467 488 1548 bonum,
516 1468 843 1549 faustum,
875 1469 1173 1555 felixque
1220 1470 1311 1538 sit
1342 1470 1606 1556 populo
1636 1468 1946 1536 Romano
1976 1488 2059 1535 ac
2085 1467 2248 1533 mihi
2280 1486 2396 1534 vo-

227 1568 477 1656 bisque,
513 1570 807 1655 Albani3
850 1573 1182 1657 populum
1205 1592 1463 1640 omnem
1487 1572 1830 1639 Albanum
1861 1571 2151 1638 Romam
2177 1569 2400 1637 tradu-

230 1691 369 1739 cere
391 1676 464 1739 in
507 1674 730 1741 animo
762 1682 916 1758 est:
960 1675 1299 1743 civitatem
1333 1676 1491 1742 dare
1532 1677 1715 1761 plebi
1730 1684 1775 1759 3¹
1817 1675 2138 1760 primores
2165 1674 2236 1739 in
2267 1673 2405 1739 Pa·

229 1778 348 1840 tres
366 1776 626 1860 legere:
668 1797 871 1844 unam
897 1779 1147 1858 urbem,
1172 1797 1370 1845 unam
1418 1798 1558 1843 rem
1600 1777 1940 1862 publicam
1970 1775 2219 1842 facere.
2307 1773 2408 1840 Ut

231 1894 310 1942 ex
349 1897 480 1946 uno
508 1881 847 1964 quondam
889 1882 957 1947 in
997 1880 1172 1948 duos
1209 1881 1506 1967 populos
1525 1889 1548 1918 ⁸
1571 1880 1794 1947 divisa
1821 1878 2093 1945 Albana
2136 1898 2243 1945 res
2278 1883 2406 1957 est,

232 1980 324 2046 sic
348 2001 527 2050 nunc
544 1985 616 2049 in
638 2004 846 2050 unum
873 1984 1149 2052 redeat?
1232 1985 1347 2051 Ad
1388 1985 1540 2052 baec
1569 1983 1837 2050 Albana
1866 1984 2106 2068 pubes,
2133 1980 2405 2047 inermis

233 2083 312 2148 ab
339 2087 624 2177 armatis*
652 2092 868 2171 septa,
896 2088 969 2152 iu
1002 2087 1209 2154 variis
1250 2087 1761 2167 voluntatibus,t
1802 2084 2140 2151 communi
2182 2091 2409 2149 tamen

233 2191 405 2252 metu
439 2198 750 2274 cogente,
799 2189 1136 2256 silentium
1168 2195 1369 2257 tenet.
1432 2188 1611 2255 Tum
1631 2188 1921 2256 Tullus:
1966 2189 1985 2224 ‘
2007 2185 2218 2254 Metto
2249 2185 2409 2251 Fuf-

233 2289 384 2368 feti,’
424 2292 663 2376 inquit,
710 2296 731 2327 ‘
762 2294 826 2358 si
871 2293 1023 2379 ipse
1069 2293 1325 2360 discere
1359 2311 1602 2379 posses
1629 2291 1829 2357 fidem
1858 2310 1942 2357 ac
1970 2288 2229 2357 foedera
2269 2308 2412 2355 ser·

233 2410 407 2472 vare,
438 2394 600 2461 vivo
628 2395 750 2461 tibi
786 2415 870 2462 ea
923 2396 1283 2483 disciplina
1303 2409 1326 2435 ⁰
1374 2415 1417 2462 a
1458 2414 1566 2461 me
1596 2394 1894 2460 adbibita
1921 2398 2122 2459 esset.
2207 2390 2414 2457 Nunc

237 2485 547 2580 quoniam
577 2504 771 2564 tuum
798 2500 1170 2567 insanabile
1198 2499 1531 2584 ingenium
1560 2503 1687 2577 est,
1726 2504 1801 2563 at
1833 2503 1907 2562 tu
1935 2502 2053 2563 tuo
2081 2493 2415 2580 supplicio

237 2596 392 2664 doce
418 2599 787 2667 humanum
818 2623 1023 2686 genus
1053 2622 1138 2669 ea
1189 2608 1428 2669 sancta
1457 2600 1779 2679 credere?
1809 2617 1966 2684 quae
1997 2617 2042 2664 a
2067 2602 2134 2663 te
2158 2596 2419 2662 violata

239 2705 403 2766 sunt.
492 2700 596 2766 Ut
634 2702 836 2787 igitur
866 2703 1076 2789 paulo
1107 2710 1263 2769 ante
1295 2704 1590 2769 animum
1635 2702 1806 2767 inter
1852 2699 2242 2765 Fidenatem
2273 2696 2420 2763 Ro-

238 2820 627 2891 manamque
643 2818 675 2856 ²
715 2826 853 2873 rem
872 2807 1229 2893 ancipitem
1259 2807 1553 2890 gessisti,
1583 2806 1684 2871 ita
1699 2803 1849 2891 jam
1879 2823 2128 2888 corpus
2161 2801 2419 2887 passim

240 2904 724 2975 distrahendum
748 2909 989 2976 dabis-³
1080 2909 1360 2992 Exinde,
1407 2909 1672 2989 duabus
1714 2907 2001 2975 admotis
2030 2904 2394 2990 quadrigis,

296 3096 318 3121 ⁰
350 3091 471 3154 25⁸⁸
489 3092 563 3143 ὀὗ
580 3097 835 3158 precepta·
960 3102 991 3138 Ρ
1023 3093 1162 3146 Inter
1184 3094 1492 3146 Fidenatium
1509 3098 1558 3145 et
1584 3093 1898 3145 nomm
1917 3095 2098 3156 portes.
2224 3080 2234 3089 ’

1139 3234 1506 3274 ορηοὸηοοοο

245 3338 338 3384 tum
357 3335 457 3387 del.
481 3336 640 3390 Grut.
662 3338 894 3392 Gronov.
914 3340 1136 3407 Doujat.
1199 3340 1420 3395 Addidit
1454 3340 1624 3392 Drak.
1691 3337 1813 3390 vid.
1850 3337 1979 3390 Not.
2011 3336 2268 3387 Vsu—18
2301 3331 2425 3383 Vid.

1219 3497 1441 3553 NOTAE

304 3602 328 3636 Ἰ
363 3595 465 3659 Nec
492 3611 552 3647 eu
586 3599 723 3662 eulpa
746 3632 762 3649 .
781 3631 795 3648 .
815 3633 831 3650 .
851 3599 1056 3650 ennium
1084 3598 1294 3650 Albano·
1372 3610 1460 3646 ms
1481 3593 1696 3645 condita
1713 3599 1811 3655 est,
1830 3607 1896 3642 ex
1918 3589 2133 3642 Albanis
2154 3585 2432 3638 maximam

247 3670 370 3735 runt]
430 3673 498 3723 In
552 3675 719 3725 socios
773 3682 948 3726 tamen
989 3674 1295 3741 proditionis
1373 3680 1575 3738 partem
1604 3679 1869 3731 constans,
1889 3677 1945 3720 et
1969 3681 2091 3718 vere
2108 3664 2429 3717 Albanorum

249 3744 418 3796 Tullus
440 3749 831 3801 animadvertit.
1374 3752 1595 3803 colonia.

259 3869 265 3874 .
306 3828 326 3854 ¹
360 3823 623 3875 civitates·
642 3824 915 3890 dureplebi]
945 3826 1070 3878 Non
1092 3833 1297 3879 tantum
1442 3829 1459 3861 ¹
1488 3827 1552 3877 Is
1588 3825 1738 3876 curiis
1771 3819 2115 3884 voluntatibus]
2155 3819 2287 3869 Cum
2320 3815 2435 3867 aliis

250 3895 512 3951 civitatem
527 3900 583 3950 in
606 3900 767 3952 tribus
788 3909 844 3955 et
859 3902 1029 3954 curias
1047 3904 1300 3956 Romanas
1377 3917 1480 3954 non
1511 3903 1850 3967 displicerent
1868 3898 2056 3949 oblata:
2080 3912 2111 3946 a
2131 3894 2288 3945 Tullo
2311 3906 2435 3943 con·

255 3972 420 4024 ascitis
442 3976 661 4027 Albanis
691 3992 750 4029 se
780 3978 1025 4029 daturum
1063 3981 1303 4046 promisit
1379 3982 1621 4037 ditiones,
1654 3980 1829 4044 plures
1865 3987 2013 4025 suum
2036 3971 2325 4037 patria-que
2345 3983 2434 4019 ca·

254 4047 527 4103 Hostilius:
568 4054 656 4103 sed
696 4060 753 4104 et
791 4055 969 4118 egenis
1005 4057 1206 4120 praedis
1233 4056 1301 4107 de
1379 4071 1494 4109 sum
1519 4056 1848 4105 vehementer
1867 4048 2120 4100 dolerent.
2184 4057 2187 4060 ·
2246 4071 2251 4084 ι

256 4127 455 4189 publico
479 4129 778 4188 divisurum,
800 4145 900 4196 qna
921 4144 978 4181 re
1001 4131 1108 4181 laeti
1147 4132 1300 4196 pleri·
1444 4140 1470 4167 ⁸
1507 4133 1583 4181 Eu
1599 4134 1763 4179 unctu
1781 4125 1994 4190 audere]
2029 4123 2209 4175 Fidem
2246 4134 2438 4185 nempe

257 4215 349 4266 que
366 4204 533 4254 minus
564 4205 628 4255 de
653 4206 818 4257 Metio
838 4205 985 4258 fuere
1006 4207 1215 4259 soliciti.
1384 4222 1446 4262 sc
1467 4205 1663 4257 foedera
1676 4200 2016 4269 jurejurando
2037 4200 2257 4252 sancita·

317 4283 335 4310 ⁸
363 4278 425 4329 Is
443 4280 564 4330 duos
586 4280 800 4345 populos]
834 4280 963 4333 Cum
977 4281 1178 4336 scilicet
1202 4282 1302 4335 Ro·
1446 4292 1473 4321 ⁸
1506 4282 1729 4336 Admotis
1747 4276 2019 4347 quadrigis]
2046 4270 2438 4352 Hoesupplieii
