<?xml version="1.0" encoding="UTF-8"?>
<!DOCTYPE html PUBLIC "-//W3C//DTD XHTML 1.0 Transitional//EN"
    "http://www.w3.org/TR/xhtml1/DTD/xhtml1-transitional.dtd">
<html xmlns="http://www.w3.org/1999/xhtml" xml:lang="en" lang="en">
 <head>
  <title>
</title>
<meta http-equiv="Content-Type" content="text/html;charset=utf-8" />
  <meta name='ocr-system' content='tesseract 3.04.00' />
  <meta name='ocr-capabilities' content='ocr_page ocr_carea ocr_par ocr_line ocrx_word'/>
</head>
<body>
  <div class='ocr_page' id='page_1' title='image "./tliviipatavinih23unkngoog_0222.png"; bbox 0 0 3034 4925; ppageno 0'>
   <div class='ocr_carea' id='block_1_1' title="bbox 539 358 1801 425">
    <p class='ocr_par' dir='ltr' id='par_1_1' title="bbox 539 358 1801 425">
     <span class='ocr_line' id='line_1_1' title="bbox 539 358 1801 425; baseline -0.004 0"><span class='ocrx_word' id='word_1_1' title='bbox 539 358 667 425; x_wconf 84' lang='lat'>150</span> <span class='ocrx_word' id='word_1_2' title='bbox 1482 370 1801 421; x_wconf 66' lang='lat' dir='ltr'>manna:</span> 
     </span>
    </p>
   </div>
   <div class='ocr_carea' id='block_1_2' title="bbox 538 520 2736 801">
    <p class='ocr_par' dir='ltr' id='par_1_2' title="bbox 538 520 2736 801">
     <span class='ocr_line' id='line_1_2' title="bbox 538 520 2730 611; baseline -0.002 -24"><span class='ocrx_word' id='word_1_3' title='bbox 538 528 690 611; x_wconf 85' lang='lat' dir='ltr'>pias.</span> <span class='ocrx_word' id='word_1_4' title='bbox 741 526 1011 587; x_wconf 87' lang='lat' dir='ltr'>Hermas.</span> <span class='ocrx_word' id='word_1_5' title='bbox 1065 524 1131 584; x_wconf 90' lang='lat' dir='ltr'>L.</span> <span class='ocrx_word' id='word_1_6' title='bbox 1178 523 1439 583; x_wconf 79' lang='lat' dir='ltr'>Annaeus</span> <span class='ocrx_word' id='word_1_7' title='bbox 1480 524 1713 585; x_wconf 89' lang='lat' dir='ltr'>Florus.</span> <span class='ocrx_word' id='word_1_8' title='bbox 1801 524 1937 583; x_wconf 88' lang='lat'>117.</span> <span class='ocrx_word' id='word_1_9' title='bbox 1979 520 2269 602; x_wconf 85' lang='lat' dir='ltr'>Trajanus</span> <span class='ocrx_word' id='word_1_10' title='bbox 2299 521 2607 582; x_wconf 82' lang='lat' dir='ltr'>Selinunte</span> <span class='ocrx_word' id='word_1_11' title='bbox 2642 522 2730 598; x_wconf 81' lang='lat' dir='ltr'>(h.</span> 
     </span>
     <span class='ocr_line' id='line_1_3' title="bbox 539 618 2736 706; baseline -0.003 -21"><span class='ocrx_word' id='word_1_12' title='bbox 539 624 938 706; x_wconf 61' lang='lat' dir='ltr'>&#39;I‘rajanopolb</span> <span class='ocrx_word' id='word_1_13' title='bbox 964 623 1021 681; x_wconf 89' lang='lat' dir='ltr'>in</span> <span class='ocrx_word' id='word_1_14' title='bbox 1054 620 1263 681; x_wconf 91' lang='lat' dir='ltr'>Cilicia</span> <span class='ocrx_word' id='word_1_15' title='bbox 1287 621 1552 695; x_wconf 87' lang='lat' dir='ltr'>moritur,</span> <span class='ocrx_word' id='word_1_16' title='bbox 1580 632 1642 681; x_wconf 91' lang='lat' dir='ltr'>et</span> <span class='ocrx_word' id='word_1_17' title='bbox 1685 620 2024 681; x_wconf 83' lang='lat' dir='ltr'><strong>Hadrianus</strong></span> <span class='ocrx_word' id='word_1_18' title='bbox 2052 620 2272 681; x_wconf 87' lang='lat' dir='ltr'>artibus</span> <span class='ocrx_word' id='word_1_19' title='bbox 2308 618 2566 679; x_wconf 79' lang='lat' dir='ltr'>Plotinae</span> <span class='ocrx_word' id='word_1_20' title='bbox 2609 622 2736 679; x_wconf 84' lang='lat' dir='ltr'>Au·</span> 
     </span>
     <span class='ocr_line' id='line_1_4' title="bbox 541 718 1483 801; baseline -0.005 -19"><span class='ocrx_word' id='word_1_21' title='bbox 541 733 733 801; x_wconf 84' lang='lat' dir='ltr'>gustae</span> <span class='ocrx_word' id='word_1_22' title='bbox 762 721 838 781; x_wconf 93' lang='lat' dir='ltr'>ad</span> <span class='ocrx_word' id='word_1_23' title='bbox 868 718 1175 800; x_wconf 87' lang='lat' dir='ltr'>imperium</span> <span class='ocrx_word' id='word_1_24' title='bbox 1197 719 1483 798; x_wconf 85' lang='lat' dir='ltr'>pervenit.</span> 
     </span>
    </p>
   </div>
   <div class='ocr_carea' id='block_1_3' title="bbox 1104 901 2199 966">
    <p class='ocr_par' dir='ltr' id='par_1_3' title="bbox 1104 901 2199 966">
     <span class='ocr_line' id='line_1_5' title="bbox 1104 901 2199 966; baseline -0.002 -3"><span class='ocrx_word' id='word_1_25' title='bbox 1104 906 1387 965; x_wconf 86' lang='lat'>117-138.</span> <span class='ocrx_word' id='word_1_26' title='bbox 1471 904 1560 964; x_wconf 88' lang='grc' dir='ltr'>Ρ.</span> <span class='ocrx_word' id='word_1_27' title='bbox 1587 902 1790 964; x_wconf 74' lang='lat' dir='ltr'>AElius</span> <span class='ocrx_word' id='word_1_28' title='bbox 1818 901 2199 966; x_wconf 73' lang='lat' dir='ltr'><strong><em>Hadrianus.</em></strong></span> 
     </span>
    </p>
   </div>
   <div class='ocr_carea' id='block_1_4' title="bbox 471 1031 2736 3057">
    <p class='ocr_par' dir='ltr' id='par_1_4' title="bbox 471 1031 2736 3057">
     <span class='ocr_line' id='line_1_6' title="bbox 627 1031 2733 1116; baseline -0.003 -20"><span class='ocrx_word' id='word_1_29' title='bbox 627 1040 762 1107; x_wconf 85' lang='lat'>117.</span> <span class='ocrx_word' id='word_1_30' title='bbox 815 1034 1050 1108; x_wconf 86' lang='lat' dir='ltr'>Celsus,</span> <span class='ocrx_word' id='word_1_31' title='bbox 1107 1035 1338 1108; x_wconf 88' lang='lat' dir='ltr'>Palma,</span> <span class='ocrx_word' id='word_1_32' title='bbox 1396 1035 1628 1108; x_wconf 91' lang='lat' dir='ltr'>Lusius,</span> <span class='ocrx_word' id='word_1_33' title='bbox 1675 1034 1985 1114; x_wconf 78' lang='lat' dir='ltr'>Nigrinus,</span> <span class='ocrx_word' id='word_1_34' title='bbox 2045 1034 2472 1116; x_wconf 85' lang='lat' dir='ltr'>Apollodorus,</span> <span class='ocrx_word' id='word_1_35' title='bbox 2517 1031 2733 1111; x_wconf 87' lang='lat' dir='ltr'>aliique</span> 
     </span>
     <span class='ocr_line' id='line_1_7' title="bbox 541 1132 2732 1214; baseline -0.003 -18"><span class='ocrx_word' id='word_1_36' title='bbox 541 1134 741 1196; x_wconf 84' lang='lat' dir='ltr'>occisi.</span> <span class='ocrx_word' id='word_1_37' title='bbox 826 1133 1155 1214; x_wconf 81' lang='lat' dir='ltr'><strong>Euphrates</strong></span> <span class='ocrx_word' id='word_1_38' title='bbox 1194 1132 1403 1194; x_wconf 88' lang='lat' dir='ltr'>iterum</span> <span class='ocrx_word' id='word_1_39' title='bbox 1437 1133 1566 1193; x_wconf 84' lang='lat' dir='ltr'>finis</span> <span class='ocrx_word' id='word_1_40' title='bbox 1604 1133 1831 1214; x_wconf 87' lang='lat' dir='ltr'>imperii</span> <span class='ocrx_word' id='word_1_41' title='bbox 1859 1134 1919 1192; x_wconf 90' lang='lat' dir='ltr'>in</span> <span class='ocrx_word' id='word_1_42' title='bbox 1947 1133 2188 1196; x_wconf 83' lang='lat' dir='ltr'>Oriente</span> <span class='ocrx_word' id='word_1_43' title='bbox 2217 1142 2499 1192; x_wconf 88' lang='lat' dir='ltr'>statutus.</span> <span class='ocrx_word' id='word_1_44' title='bbox 2591 1132 2732 1190; x_wconf 90' lang='lat'>119·</span> 
     </span>
     <span class='ocr_line' id='line_1_8' title="bbox 547 1227 2734 1310; baseline -0.004 -16"><span class='ocrx_word' id='word_1_45' title='bbox 547 1236 682 1295; x_wconf 91' lang='lat'>135.</span> <span class='ocrx_word' id='word_1_46' title='bbox 728 1233 844 1293; x_wconf 91' lang='lat' dir='ltr'>Iter</span> <span class='ocrx_word' id='word_1_47' title='bbox 892 1233 966 1292; x_wconf 90' lang='lat' dir='ltr'>ab</span> <span class='ocrx_word' id='word_1_48' title='bbox 996 1232 1301 1292; x_wconf 86' lang='lat' dir='ltr'>Hadriano</span> <span class='ocrx_word' id='word_1_49' title='bbox 1351 1250 1454 1309; x_wconf 87' lang='lat' dir='ltr'>per</span> <span class='ocrx_word' id='word_1_50' title='bbox 1501 1251 1708 1291; x_wconf 87' lang='lat' dir='ltr'>omnes</span> <span class='ocrx_word' id='word_1_51' title='bbox 1738 1231 1858 1290; x_wconf 86' lang='lat' dir='ltr'>fere</span> <span class='ocrx_word' id='word_1_52' title='bbox 1901 1231 2230 1310; x_wconf 82' lang='lat' dir='ltr'>provincias</span> <span class='ocrx_word' id='word_1_53' title='bbox 2280 1230 2525 1291; x_wconf 85' lang='lat' dir='ltr'>factum.</span> <span class='ocrx_word' id='word_1_54' title='bbox 2612 1227 2734 1288; x_wconf 84' lang='lat' dir='ltr'>Res</span> 
     </span>
     <span class='ocr_line' id='line_1_9' title="bbox 528 1326 2732 1407; baseline -0.002 -18"><span class='ocrx_word' id='word_1_55' title='bbox 528 1330 805 1390; x_wconf 83' lang='lat' dir='ltr'>militaris</span> <span class='ocrx_word' id='word_1_56' title='bbox 847 1341 909 1390; x_wconf 93' lang='lat' dir='ltr'>et</span> <span class='ocrx_word' id='word_1_57' title='bbox 950 1327 1264 1407; x_wconf 83' lang='lat' dir='ltr'><strong>disciplina</strong></span> <span class='ocrx_word' id='word_1_58' title='bbox 1293 1327 1743 1406; x_wconf 82' lang='lat' dir='ltr'>diligentissime</span> <span class='ocrx_word' id='word_1_59' title='bbox 1787 1327 2138 1389; x_wconf 86' lang='lat' dir='ltr'>constituta.</span> <span class='ocrx_word' id='word_1_60' title='bbox 2228 1330 2364 1388; x_wconf 81' lang='lat'>120.</span> <span class='ocrx_word' id='word_1_61' title='bbox 2409 1326 2476 1386; x_wconf 92' lang='lat' dir='ltr'>P.</span> <span class='ocrx_word' id='word_1_62' title='bbox 2507 1327 2732 1387; x_wconf 85' lang='lat' dir='ltr'>Juven-</span> 
     </span>
     <span class='ocr_line' id='line_1_10' title="bbox 536 1424 2730 1510; baseline -0.001 -25"><span class='ocrx_word' id='word_1_63' title='bbox 536 1427 655 1486; x_wconf 89' lang='lat' dir='ltr'>tius</span> <span class='ocrx_word' id='word_1_64' title='bbox 703 1426 935 1510; x_wconf 74' lang='lat' dir='ltr'>Celsus,</span> <span class='ocrx_word' id='word_1_65' title='bbox 962 1426 1135 1497; x_wconf 74' lang='lat' dir='ltr'>filine,</span> <span class='ocrx_word' id='word_1_66' title='bbox 1164 1425 1278 1485; x_wconf 88' lang='lat' dir='ltr'>JC.</span> <span class='ocrx_word' id='word_1_67' title='bbox 1364 1424 1624 1486; x_wconf 86' lang='lat' dir='ltr'>Masora.</span> <span class='ocrx_word' id='word_1_68' title='bbox 1697 1425 1988 1487; x_wconf 87' lang='lat' dir='ltr'>Kabbala.</span> <span class='ocrx_word' id='word_1_69' title='bbox 2078 1425 2368 1486; x_wconf 82' lang='lat'>120-192.</span> <span class='ocrx_word' id='word_1_70' title='bbox 2416 1424 2493 1486; x_wconf 89' lang='lat' dir='ltr'>R.</span> <span class='ocrx_word' id='word_1_71' title='bbox 2523 1424 2730 1490; x_wconf 82' lang='lat' dir='ltr'>Juda;</span> 
     </span>
     <span class='ocr_line' id='line_1_11' title="bbox 540 1515 2730 1602; baseline -0.001 -19"><span class='ocrx_word' id='word_1_72' title='bbox 540 1515 620 1584; x_wconf 89' lang='lat' dir='ltr'>R.</span> <span class='ocrx_word' id='word_1_73' title='bbox 647 1523 994 1591; x_wconf 70' lang='lat' dir='ltr'>Jochanan:</span> <span class='ocrx_word' id='word_1_74' title='bbox 1039 1523 1116 1583; x_wconf 88' lang='lat' dir='ltr'>R.</span> <span class='ocrx_word' id='word_1_75' title='bbox 1146 1520 1456 1583; x_wconf 86' lang='lat' dir='ltr'>Gamaliel.</span> <span class='ocrx_word' id='word_1_76' title='bbox 1548 1523 1682 1583; x_wconf 81' lang='lat'>122.</span> <span class='ocrx_word' id='word_1_77' title='bbox 1728 1521 1795 1581; x_wconf 92' lang='lat' dir='ltr'>In</span> <span class='ocrx_word' id='word_1_78' title='bbox 1828 1524 2086 1602; x_wconf 86' lang='lat' dir='ltr'>AEgypto</span> <span class='ocrx_word' id='word_1_79' title='bbox 2124 1523 2367 1583; x_wconf 87' lang='lat' dir='ltr'>moritur</span> <span class='ocrx_word' id='word_1_80' title='bbox 2396 1522 2730 1582; x_wconf 76' lang='lat' dir='ltr'>Antinous:</span> 
     </span>
     <span class='ocr_line' id='line_1_12' title="bbox 541 1617 2726 1699; baseline 0 -20"><span class='ocrx_word' id='word_1_81' title='bbox 541 1619 771 1681; x_wconf 79' lang='lat' dir='ltr'>deliciae</span> <span class='ocrx_word' id='word_1_82' title='bbox 803 1619 1116 1699; x_wconf 76' lang='lat' dir='ltr'>PrincipiS.</span> <span class='ocrx_word' id='word_1_83' title='bbox 1199 1619 1524 1679; x_wconf 83' lang='lat' dir='ltr'>Favorinus</span> <span class='ocrx_word' id='word_1_84' title='bbox 1551 1617 1792 1698; x_wconf 84' lang='lat' dir='ltr'>Aquila.</span> <span class='ocrx_word' id='word_1_85' title='bbox 1881 1620 2169 1682; x_wconf 80' lang='lat'>125-160.</span> <span class='ocrx_word' id='word_1_86' title='bbox 2214 1620 2502 1680; x_wconf 85' lang='lat' dir='ltr'>Claudius</span> <span class='ocrx_word' id='word_1_87' title='bbox 2528 1619 2726 1679; x_wconf 91' lang='lat' dir='ltr'>Ptole-</span> 
     </span>
     <span class='ocr_line' id='line_1_13' title="bbox 541 1715 2733 1779; baseline 0 -2"><span class='ocrx_word' id='word_1_88' title='bbox 541 1737 748 1777; x_wconf 84' lang='lat' dir='ltr'>maeus.</span> <span class='ocrx_word' id='word_1_89' title='bbox 827 1719 1148 1779; x_wconf 74' lang='lat'>’129-190.</span> <span class='ocrx_word' id='word_1_90' title='bbox 1217 1717 1400 1777; x_wconf 85' lang='lat' dir='ltr'>AElius</span> <span class='ocrx_word' id='word_1_91' title='bbox 1455 1715 1772 1777; x_wconf 73' lang='lat' dir='ltr'>AristideS.</span> <span class='ocrx_word' id='word_1_92' title='bbox 1891 1718 2025 1778; x_wconf 90' lang='lat'>130.</span> <span class='ocrx_word' id='word_1_93' title='bbox 2069 1717 2254 1778; x_wconf 91' lang='lat' dir='ltr'>Caius</span> <span class='ocrx_word' id='word_1_94' title='bbox 2308 1717 2425 1778; x_wconf 88' lang='lat' dir='ltr'>JC.</span> <span class='ocrx_word' id='word_1_95' title='bbox 2488 1717 2733 1777; x_wconf 88' lang='lat' dir='ltr'>Polemo</span> 
     </span>
     <span class='ocr_line' id='line_1_14' title="bbox 538 1812 2735 1896; baseline 0 -23"><span class='ocrx_word' id='word_1_96' title='bbox 538 1813 736 1874; x_wconf 85' lang='lat' dir='ltr'><strong>rhetor</strong></span> <span class='ocrx_word' id='word_1_97' title='bbox 762 1826 824 1874; x_wconf 89' lang='lat' dir='ltr'>et</span> <span class='ocrx_word' id='word_1_98' title='bbox 853 1814 1068 1895; x_wconf 64' lang='lat' dir='ltr'>philos».</span> <span class='ocrx_word' id='word_1_99' title='bbox 1158 1815 1292 1874; x_wconf 88' lang='lat'>131.</span> <span class='ocrx_word' id='word_1_100' title='bbox 1336 1812 1680 1873; x_wconf 87' lang='lat' dir='ltr'>Publicatur</span> <span class='ocrx_word' id='word_1_101' title='bbox 1707 1812 1963 1874; x_wconf 89' lang='lat' dir='ltr'>edictum</span> <span class='ocrx_word' id='word_1_102' title='bbox 1999 1825 2365 1896; x_wconf 87' lang='lat' dir='ltr'>perpetuum,</span> <span class='ocrx_word' id='word_1_103' title='bbox 2395 1814 2515 1894; x_wconf 86' lang='lat' dir='ltr'>(jus</span> <span class='ocrx_word' id='word_1_104' title='bbox 2546 1813 2735 1874; x_wconf 89' lang='lat' dir='ltr'>hono-</span> 
     </span>
     <span class='ocr_line' id='line_1_15' title="bbox 531 1908 2733 1990; baseline 0 -21"><span class='ocrx_word' id='word_1_105' title='bbox 531 1909 807 1984; x_wconf 51' lang='lat' dir='ltr'>rarium)</span> <span class='ocrx_word' id='word_1_106' title='bbox 849 1910 1238 1990; x_wconf 88' lang='lat' dir='ltr'>compositum</span> <span class='ocrx_word' id='word_1_107' title='bbox 1288 1929 1325 1969; x_wconf 92' lang='lat' dir='ltr'>a</span> <span class='ocrx_word' id='word_1_108' title='bbox 1362 1909 1560 1969; x_wconf 81' lang='lat' dir='ltr'>Salvio</span> <span class='ocrx_word' id='word_1_109' title='bbox 1604 1908 1850 1970; x_wconf 87' lang='lat' dir='ltr'>Juliano</span> <span class='ocrx_word' id='word_1_110' title='bbox 1893 1909 2009 1971; x_wconf 89' lang='lat' dir='ltr'>JC.</span> <span class='ocrx_word' id='word_1_111' title='bbox 2113 1913 2396 1973; x_wconf 82' lang='lat'>131-200.</span> <span class='ocrx_word' id='word_1_112' title='bbox 2440 1911 2733 1973; x_wconf 85' lang='lat' dir='ltr'>Galenus.</span> 
     </span>
     <span class='ocr_line' id='line_1_16' title="bbox 527 2007 2736 2087; baseline 0.001 -21"><span class='ocrx_word' id='word_1_113' title='bbox 527 2009 680 2067; x_wconf 72' lang='lat'>133.</span> <span class='ocrx_word' id='word_1_114' title='bbox 713 2007 865 2067; x_wconf 88' lang='lat' dir='ltr'>AElia</span> <span class='ocrx_word' id='word_1_115' title='bbox 882 2007 1220 2087; x_wconf 87' lang='lat' dir='ltr'>Capitolina</span> <span class='ocrx_word' id='word_1_116' title='bbox 1242 2018 1301 2067; x_wconf 89' lang='lat' dir='ltr'>et</span> <span class='ocrx_word' id='word_1_117' title='bbox 1320 2007 1483 2068; x_wconf 82' lang='lat' dir='ltr'>aedes</span> <span class='ocrx_word' id='word_1_118' title='bbox 1506 2008 1672 2068; x_wconf 87' lang='lat' dir='ltr'>Jovis</span> <span class='ocrx_word' id='word_1_119' title='bbox 1705 2016 2023 2069; x_wconf 75' lang='lat' dir='ltr'><strong>exstructae</strong></span> <span class='ocrx_word' id='word_1_120' title='bbox 2046 2007 2105 2067; x_wconf 91' lang='lat' dir='ltr'>in</span> <span class='ocrx_word' id='word_1_121' title='bbox 2131 2010 2259 2070; x_wconf 90' lang='lat' dir='ltr'>solo</span> <span class='ocrx_word' id='word_1_122' title='bbox 2289 2009 2501 2070; x_wconf 80' lang='lat' dir='ltr'>dirutae</span> <span class='ocrx_word' id='word_1_123' title='bbox 2523 2009 2736 2069; x_wconf 90' lang='lat' dir='ltr'>Hiero-</span> 
     </span>
     <span class='ocr_line' id='line_1_17' title="bbox 539 2103 2736 2185; baseline 0.001 -21"><span class='ocrx_word' id='word_1_124' title='bbox 539 2106 806 2185; x_wconf 81' lang='lat' dir='ltr'>solymae.</span> <span class='ocrx_word' id='word_1_125' title='bbox 892 2105 1050 2165; x_wconf 89' lang='lat' dir='ltr'>Hinc</span> <span class='ocrx_word' id='word_1_126' title='bbox 1076 2103 1274 2164; x_wconf 80' lang='lat' dir='ltr'>Judaei</span> <span class='ocrx_word' id='word_1_127' title='bbox 1319 2105 1627 2177; x_wconf 83' lang='lat' dir='ltr'>rebellant,</span> <span class='ocrx_word' id='word_1_128' title='bbox 1658 2116 1720 2166; x_wconf 92' lang='lat' dir='ltr'>et</span> <span class='ocrx_word' id='word_1_129' title='bbox 1745 2114 1875 2165; x_wconf 89' lang='lat' dir='ltr'>tota</span> <span class='ocrx_word' id='word_1_130' title='bbox 1916 2105 2037 2166; x_wconf 86' lang='lat' dir='ltr'>fere</span> <span class='ocrx_word' id='word_1_131' title='bbox 2065 2125 2213 2185; x_wconf 86' lang='lat' dir='ltr'>gens</span> <span class='ocrx_word' id='word_1_132' title='bbox 2242 2106 2469 2169; x_wconf 88' lang='lat' dir='ltr'>deletur</span> <span class='ocrx_word' id='word_1_133' title='bbox 2508 2127 2545 2167; x_wconf 90' lang='lat' dir='ltr'>a</span> <span class='ocrx_word' id='word_1_134' title='bbox 2570 2105 2736 2166; x_wconf 89' lang='lat' dir='ltr'>Julio</span> 
     </span>
     <span class='ocr_line' id='line_1_18' title="bbox 540 2200 2733 2283; baseline 0 -23"><span class='ocrx_word' id='word_1_135' title='bbox 540 2202 796 2271; x_wconf 73' lang='lat' dir='ltr'>Severo:</span> <span class='ocrx_word' id='word_1_136' title='bbox 842 2202 946 2282; x_wconf 89' lang='lat' dir='ltr'>qui</span> <span class='ocrx_word' id='word_1_137' title='bbox 973 2200 1190 2261; x_wconf 90' lang='lat' dir='ltr'>deinde</span> <span class='ocrx_word' id='word_1_138' title='bbox 1214 2200 1510 2281; x_wconf 78' lang='lat' dir='ltr'>Bithyniae</span> <span class='ocrx_word' id='word_1_139' title='bbox 1530 2202 1864 2281; x_wconf 78' lang='lat' dir='ltr'>praeficitur.</span> <span class='ocrx_word' id='word_1_140' title='bbox 1942 2201 2395 2277; x_wconf 84' lang='lat' dir='ltr'>Pharasmanes,</span> <span class='ocrx_word' id='word_1_141' title='bbox 2422 2202 2522 2283; x_wconf 88' lang='lat' dir='ltr'>qui</span> <span class='ocrx_word' id='word_1_142' title='bbox 2550 2203 2733 2262; x_wconf 86' lang='lat' dir='ltr'>Alba-</span> 
     </span>
     <span class='ocr_line' id='line_1_19' title="bbox 538 2297 2735 2374; baseline 0.001 -17"><span class='ocrx_word' id='word_1_143' title='bbox 538 2317 649 2358; x_wconf 87' lang='lat' dir='ltr'>nos</span> <span class='ocrx_word' id='word_1_144' title='bbox 692 2299 1093 2360; x_wconf 87' lang='lat' dir='ltr'>concitaverat</span> <span class='ocrx_word' id='word_1_145' title='bbox 1146 2297 1283 2359; x_wconf 87' lang='lat' dir='ltr'>adv.</span> <span class='ocrx_word' id='word_1_146' title='bbox 1340 2299 1663 2374; x_wconf 78' lang='lat' dir='ltr'>Romanos,</span> <span class='ocrx_word' id='word_1_147' title='bbox 1713 2299 1874 2360; x_wconf 90' lang='lat' dir='ltr'>venit</span> <span class='ocrx_word' id='word_1_148' title='bbox 1902 2299 2173 2362; x_wconf 85' lang='lat' dir='ltr'>Romam.</span> <span class='ocrx_word' id='word_1_149' title='bbox 2284 2299 2630 2361; x_wconf 87' lang='lat' dir='ltr'>Advocatus</span> <span class='ocrx_word' id='word_1_150' title='bbox 2681 2319 2735 2359; x_wconf 90' lang='lat' dir='ltr'>s.</span> 
     </span>
     <span class='ocr_line' id='line_1_20' title="bbox 535 2394 2734 2478; baseline -0 -21"><span class='ocrx_word' id='word_1_151' title='bbox 535 2407 822 2477; x_wconf 89' lang='lat' dir='ltr'>patronus</span> <span class='ocrx_word' id='word_1_152' title='bbox 870 2396 1003 2456; x_wconf 90' lang='lat' dir='ltr'>fisci</span> <span class='ocrx_word' id='word_1_153' title='bbox 1058 2395 1403 2456; x_wconf 85' lang='lat' dir='ltr'>instituitur.</span> <span class='ocrx_word' id='word_1_154' title='bbox 1506 2394 1699 2468; x_wconf 88' lang='lat' dir='ltr'>Italia,</span> <span class='ocrx_word' id='word_1_155' title='bbox 1749 2397 1808 2455; x_wconf 89' lang='lat' dir='ltr'>in</span> <span class='ocrx_word' id='word_1_156' title='bbox 1852 2406 2105 2475; x_wconf 90' lang='lat' dir='ltr'>quatuor</span> <span class='ocrx_word' id='word_1_157' title='bbox 2146 2395 2475 2478; x_wconf 84' lang='lat' dir='ltr'>provincias</span> <span class='ocrx_word' id='word_1_158' title='bbox 2528 2396 2734 2470; x_wconf 86' lang='lat' dir='ltr'>divisa,</span> 
     </span>
     <span class='ocr_line' id='line_1_21' title="bbox 527 2493 2733 2574; baseline -0.001 -18"><span class='ocrx_word' id='word_1_159' title='bbox 527 2495 967 2557; x_wconf 86' lang='lat' dir='ltr'>-Consularibus</span> <span class='ocrx_word' id='word_1_160' title='bbox 996 2494 1260 2574; x_wconf 85' lang='lat' dir='ltr'>regenda</span> <span class='ocrx_word' id='word_1_161' title='bbox 1288 2493 1484 2556; x_wconf 89' lang='lat' dir='ltr'>datur.</span> <span class='ocrx_word' id='word_1_162' title='bbox 1572 2494 1789 2554; x_wconf 89' lang='lat' dir='ltr'>Officia</span> <span class='ocrx_word' id='word_1_163' title='bbox 1816 2493 2099 2573; x_wconf 88' lang='lat' dir='ltr'>palatina,</span> <span class='ocrx_word' id='word_1_164' title='bbox 2133 2495 2429 2568; x_wconf 81' lang='lat' dir='ltr'>militaria,</span> <span class='ocrx_word' id='word_1_165' title='bbox 2472 2505 2535 2555; x_wconf 91' lang='lat' dir='ltr'>et</span> <span class='ocrx_word' id='word_1_166' title='bbox 2581 2494 2733 2574; x_wconf 90' lang='lat' dir='ltr'>pub-</span> 
     </span>
     <span class='ocr_line' id='line_1_22' title="bbox 534 2591 2736 2672; baseline -0 -21"><span class='ocrx_word' id='word_1_167' title='bbox 534 2591 672 2667; x_wconf 87' lang='lat' dir='ltr'>lica,</span> <span class='ocrx_word' id='word_1_168' title='bbox 701 2613 892 2672; x_wconf 90' lang='lat' dir='ltr'>usque</span> <span class='ocrx_word' id='word_1_169' title='bbox 934 2591 1010 2651; x_wconf 89' lang='lat' dir='ltr'>ad</span> <span class='ocrx_word' id='word_1_170' title='bbox 1041 2592 1502 2653; x_wconf 89' lang='lat' dir='ltr'>Constantinum</span> <span class='ocrx_word' id='word_1_171' title='bbox 1538 2592 1627 2652; x_wconf 92' lang='lat' dir='ltr'>M.</span> <span class='ocrx_word' id='word_1_172' title='bbox 1672 2601 1928 2654; x_wconf 84' lang='lat' dir='ltr'>servata.</span> <span class='ocrx_word' id='word_1_173' title='bbox 2022 2593 2156 2652; x_wconf 84' lang='lat'>134.</span> <span class='ocrx_word' id='word_1_174' title='bbox 2198 2592 2502 2653; x_wconf 87' lang='lat' dir='ltr'>Arrianus.</span> <span class='ocrx_word' id='word_1_175' title='bbox 2586 2592 2736 2651; x_wconf 91' lang='lat' dir='ltr'>Cor-</span> 
     </span>
     <span class='ocr_line' id='line_1_23' title="bbox 536 2688 2731 2768; baseline -0.002 -17"><span class='ocrx_word' id='word_1_176' title='bbox 536 2692 730 2751; x_wconf 87' lang='lat' dir='ltr'>nelius</span> <span class='ocrx_word' id='word_1_177' title='bbox 787 2690 1008 2751; x_wconf 87' lang='lat' dir='ltr'>Fronto</span> <span class='ocrx_word' id='word_1_178' title='bbox 1055 2689 1174 2750; x_wconf 89' lang='lat' dir='ltr'>JC.</span> <span class='ocrx_word' id='word_1_179' title='bbox 1261 2690 1550 2750; x_wconf 66' lang='lat'>134-189.</span> <span class='ocrx_word' id='word_1_180' title='bbox 1593 2688 1922 2768; x_wconf 86' lang='lat' dir='ltr'>Vologeses</span> <span class='ocrx_word' id='word_1_181' title='bbox 1970 2707 2083 2748; x_wconf 88' lang='lat'>11.·</span> <span class='ocrx_word' id='word_1_182' title='bbox 2156 2691 2291 2750; x_wconf 88' lang='lat'>135.</span> <span class='ocrx_word' id='word_1_183' title='bbox 2328 2690 2402 2751; x_wconf 90' lang='lat' dir='ltr'>L.</span> <span class='ocrx_word' id='word_1_184' title='bbox 2448 2688 2731 2750; x_wconf 75' lang='lat' dir='ltr'>Ceionius</span> 
     </span>
     <span class='ocr_line' id='line_1_24' title="bbox 538 2785 2730 2866; baseline -0.001 -19"><span class='ocrx_word' id='word_1_185' title='bbox 538 2787 725 2847; x_wconf 88' lang='lat' dir='ltr'>AElius</span> <span class='ocrx_word' id='word_1_186' title='bbox 770 2788 1133 2847; x_wconf 87' lang='lat' dir='ltr'>Commodus</span> <span class='ocrx_word' id='word_1_187' title='bbox 1162 2787 1355 2846; x_wconf 85' lang='lat' dir='ltr'>Verus</span> <span class='ocrx_word' id='word_1_188' title='bbox 1373 2786 1588 2863; x_wconf 87' lang='lat' dir='ltr'>(AElius</span> <span class='ocrx_word' id='word_1_189' title='bbox 1617 2785 1835 2860; x_wconf 86' lang='lat' dir='ltr'>Verus)</span> <span class='ocrx_word' id='word_1_190' title='bbox 1874 2785 2213 2866; x_wconf 86' lang='lat' dir='ltr'>adoptatur,</span> <span class='ocrx_word' id='word_1_191' title='bbox 2242 2805 2433 2865; x_wconf 88' lang='lat' dir='ltr'>eoque</span> <span class='ocrx_word' id='word_1_192' title='bbox 2474 2796 2730 2858; x_wconf 84' lang='lat' dir='ltr'>mortuo,</span> 
     </span>
     <span class='ocr_line' id='line_1_25' title="bbox 545 2883 2734 2964; baseline 0.001 -25"><span class='ocrx_word' id='word_1_193' title='bbox 545 2883 680 2943; x_wconf 90' lang='lat'>138.</span> <span class='ocrx_word' id='word_1_194' title='bbox 724 2883 795 2943; x_wconf 90' lang='lat' dir='ltr'>T.</span> <span class='ocrx_word' id='word_1_195' title='bbox 825 2883 1098 2943; x_wconf 88' lang='lat' dir='ltr'>Aurelius</span> <span class='ocrx_word' id='word_1_196' title='bbox 1128 2883 1380 2959; x_wconf 88' lang='lat' dir='ltr'>(Arrius,</span> <span class='ocrx_word' id='word_1_197' title='bbox 1401 2884 1660 2959; x_wconf 88' lang='lat' dir='ltr'>Annius)</span> <span class='ocrx_word' id='word_1_198' title='bbox 1691 2884 1910 2944; x_wconf 77' lang='lat' dir='ltr'>Fulvus</span> <span class='ocrx_word' id='word_1_199' title='bbox 1932 2884 2218 2964; x_wconf 86' lang='lat' dir='ltr'>Bojonius</span> <span class='ocrx_word' id='word_1_200' title='bbox 2242 2885 2600 2955; x_wconf 86' lang='lat' dir='ltr'>Antoninus,</span> <span class='ocrx_word' id='word_1_201' title='bbox 2631 2884 2734 2964; x_wconf 80' lang='lat' dir='ltr'>qui</span> 
     </span>
     <span class='ocr_line' id='line_1_26' title="bbox 471 2977 2732 3057; baseline 0.002 -19"><span class='ocrx_word' id='word_1_202' title='bbox 471 3012 477 3017; x_wconf 90' lang='lat'><strong>·</strong></span> <span class='ocrx_word' id='word_1_203' title='bbox 539 2979 652 3039; x_wconf 89' lang='lat' dir='ltr'>M.·</span> <span class='ocrx_word' id='word_1_204' title='bbox 677 2978 1041 3039; x_wconf 89' lang='lat' dir='ltr'>Antoninum</span> <span class='ocrx_word' id='word_1_205' title='bbox 1099 2979 1211 3056; x_wconf 91' lang='lat' dir='ltr'>(M.</span> <span class='ocrx_word' id='word_1_206' title='bbox 1256 2980 1510 3039; x_wconf 89' lang='lat' dir='ltr'>Annium</span> <span class='ocrx_word' id='word_1_207' title='bbox 1542 2977 1788 3055; x_wconf 90' lang='lat' dir='ltr'>Verum)</span> <span class='ocrx_word' id='word_1_208' title='bbox 1840 2994 1901 3041; x_wconf 90' lang='lat' dir='ltr'>et</span> <span class='ocrx_word' id='word_1_209' title='bbox 1943 2981 2010 3041; x_wconf 90' lang='lat' dir='ltr'>L.</span> <span class='ocrx_word' id='word_1_210' title='bbox 2043 2980 2342 3042; x_wconf 89' lang='lat' dir='ltr'>Aurelium</span> <span class='ocrx_word' id='word_1_211' title='bbox 2385 2981 2605 3041; x_wconf 90' lang='lat' dir='ltr'>Verum</span> <span class='ocrx_word' id='word_1_212' title='bbox 2634 2980 2732 3057; x_wconf 88' lang='lat' dir='ltr'>(L.</span> 
     </span>
    </p>
   </div>
   <div class='ocr_carea' id='block_1_5' title="bbox 530 3076 2734 3235">
    <p class='ocr_par' dir='ltr' id='par_1_5' title="bbox 530 3076 2734 3235">
     <span class='ocr_line' id='line_1_27' title="bbox 530 3076 2734 3165; baseline 0.004 -35"><span class='ocrx_word' id='word_1_213' title='bbox 530 3076 854 3136; x_wconf 80' lang='lat' dir='ltr'>Ceionium</span> <span class='ocrx_word' id='word_1_214' title='bbox 881 3076 1099 3139; x_wconf 85' lang='lat' dir='ltr'>AElium</span> <span class='ocrx_word' id='word_1_215' title='bbox 1130 3077 1525 3139; x_wconf 85' lang='lat' dir='ltr'>Commodum</span> <span class='ocrx_word' id='word_1_216' title='bbox 1552 3078 1772 3140; x_wconf 86' lang='lat' dir='ltr'>Verum</span> <span class='ocrx_word' id='word_1_217' title='bbox 1812 3078 2205 3155; x_wconf 84' lang='lat' dir='ltr'>Antoninum)</span> <span class='ocrx_word' id='word_1_218' title='bbox 2249 3078 2538 3165; x_wconf 75' lang='lat' dir='ltr'>adoptare</span> <span class='ocrx_word' id='word_1_219' title='bbox 2556 3077 2734 3159; x_wconf 85' lang='lat' dir='ltr'>jube·</span> 
     </span>
     <span class='ocr_line' id='line_1_28' title="bbox 538 3181 654 3235; baseline 0.026 -3"><span class='ocrx_word' id='word_1_220' title='bbox 538 3181 654 3235; x_wconf 84' lang='lat' dir='ltr'>tur.</span> 
     </span>
    </p>
   </div>
   <div class='ocr_carea' id='block_1_6' title="bbox 1165 3325 2103 3387">
    <p class='ocr_par' dir='ltr' id='par_1_6' title="bbox 1165 3325 2103 3387">
     <span class='ocr_line' id='line_1_29' title="bbox 1165 3325 2103 3387; baseline 0.004 -5"><span class='ocrx_word' id='word_1_221' title='bbox 1165 3325 1452 3384; x_wconf 87' lang='grc'><strong>138-161.</strong></span> <span class='ocrx_word' id='word_1_222' title='bbox 1536 3325 1891 3387; x_wconf 75' lang='lat' dir='ltr'>Antoninus</span> <span class='ocrx_word' id='word_1_223' title='bbox 1919 3325 2103 3386; x_wconf 74' lang='lat' dir='ltr'>Pius.</span> 
     </span>
    </p>
   </div>
   <div class='ocr_carea' id='block_1_7' title="bbox 527 3451 2738 4315">
    <p class='ocr_par' dir='ltr' id='par_1_7' title="bbox 527 3451 2738 4315">
     <span class='ocr_line' id='line_1_30' title="bbox 618 3451 2733 3537; baseline 0.002 -25"><span class='ocrx_word' id='word_1_224' title='bbox 618 3451 908 3534; x_wconf 80' lang='lat' dir='ltr'>Princeps</span> <span class='ocrx_word' id='word_1_225' title='bbox 949 3454 1164 3514; x_wconf 82' lang='lat' dir='ltr'>Numae</span> <span class='ocrx_word' id='word_1_226' title='bbox 1205 3455 1331 3534; x_wconf 87' lang='lat' dir='ltr'>regi</span> <span class='ocrx_word' id='word_1_227' title='bbox 1387 3455 1614 3530; x_wconf 86' lang='lat' dir='ltr'>similis,</span> <span class='ocrx_word' id='word_1_228' title='bbox 1641 3475 1679 3516; x_wconf 91' lang='lat' dir='ltr'>a</span> <span class='ocrx_word' id='word_1_229' title='bbox 1719 3466 1928 3516; x_wconf 85' lang='lat' dir='ltr'>senatu</span> <span class='ocrx_word' id='word_1_230' title='bbox 1958 3455 2293 3537; x_wconf 85' lang='lat' dir='ltr'>appellatus</span> <span class='ocrx_word' id='word_1_231' title='bbox 2332 3457 2516 3518; x_wconf 69' lang='lat' dir='ltr'>Pius.</span> <span class='ocrx_word' id='word_1_232' title='bbox 2601 3456 2733 3517; x_wconf 85' lang='lat' dir='ltr'>Bri-</span> 
     </span>
     <span class='ocr_line' id='line_1_31' title="bbox 536 3540 2733 3635; baseline 0.002 -24"><span class='ocrx_word' id='word_1_233' title='bbox 536 3549 701 3611; x_wconf 89' lang='lat' dir='ltr'>tanni</span> <span class='ocrx_word' id='word_1_234' title='bbox 728 3550 865 3611; x_wconf 84' lang='lat' dir='ltr'>victi</span> <span class='ocrx_word' id='word_1_235' title='bbox 893 3570 930 3611; x_wconf 94' lang='lat' dir='ltr'>a</span> <span class='ocrx_word' id='word_1_236' title='bbox 959 3551 1147 3614; x_wconf 91' lang='lat' dir='ltr'>Lollio</span> <span class='ocrx_word' id='word_1_237' title='bbox 1178 3552 1416 3626; x_wconf 87' lang='lat' dir='ltr'>Urbico,</span> <span class='ocrx_word' id='word_1_238' title='bbox 1447 3555 1524 3614; x_wconf 91' lang='lat' dir='ltr'>ab</span> <span class='ocrx_word' id='word_1_239' title='bbox 1554 3552 1693 3615; x_wconf 83' lang='lat' dir='ltr'>aliis</span> <span class='ocrx_word' id='word_1_240' title='bbox 1742 3545 1955 3635; x_wconf 81' lang='lat' dir='ltr'>legatis</span> <span class='ocrx_word' id='word_1_241' title='bbox 1983 3554 2200 3628; x_wconf 89' lang='lat' dir='ltr'>Mauri,</span> <span class='ocrx_word' id='word_1_242' title='bbox 2229 3553 2528 3625; x_wconf 83' lang='lat' dir='ltr'>Germani,</span> <span class='ocrx_word' id='word_1_243' title='bbox 2558 3540 2733 3626; x_wconf 81' lang='lat' dir='ltr'>Daci,</span> 
     </span>
     <span class='ocr_line' id='line_1_32' title="bbox 536 3647 2732 3731; baseline 0.002 -25"><span class='ocrx_word' id='word_1_244' title='bbox 536 3647 756 3723; x_wconf 78' lang='lat' dir='ltr'>Judaei,</span> <span class='ocrx_word' id='word_1_245' title='bbox 783 3649 1005 3724; x_wconf 81' lang='lat' dir='ltr'>Achaei,</span> <span class='ocrx_word' id='word_1_246' title='bbox 1040 3650 1325 3731; x_wconf 75' lang='lat' dir='ltr'>AEgyptii,</span> <span class='ocrx_word' id='word_1_247' title='bbox 1371 3650 1566 3711; x_wconf 82' lang='lat' dir='ltr'>Alani.</span> <span class='ocrx_word' id='word_1_248' title='bbox 1653 3651 1932 3712; x_wconf 85' lang='lat' dir='ltr'>Honores</span> <span class='ocrx_word' id='word_1_249' title='bbox 1956 3660 2017 3711; x_wconf 89' lang='lat' dir='ltr'>et</span> <span class='ocrx_word' id='word_1_250' title='bbox 2047 3650 2264 3711; x_wconf 88' lang='lat' dir='ltr'>salaria</span> <span class='ocrx_word' id='word_1_251' title='bbox 2292 3650 2621 3712; x_wconf 78' lang='lat' dir='ltr'>rhetoribus</span> <span class='ocrx_word' id='word_1_252' title='bbox 2660 3669 2732 3711; x_wconf 90' lang='lat' dir='ltr'>ac</span> 
     </span>
     <span class='ocr_line' id='line_1_33' title="bbox 536 3742 2732 3829; baseline 0.004 -28"><span class='ocrx_word' id='word_1_253' title='bbox 536 3742 903 3826; x_wconf 85' lang='lat' dir='ltr'>philosophis</span> <span class='ocrx_word' id='word_1_254' title='bbox 933 3746 1135 3808; x_wconf 84' lang='lat' dir='ltr'>delata</span> <span class='ocrx_word' id='word_1_255' title='bbox 1173 3747 1233 3805; x_wconf 89' lang='lat' dir='ltr'>in</span> <span class='ocrx_word' id='word_1_256' title='bbox 1262 3748 1535 3809; x_wconf 88' lang='lat' dir='ltr'>omnibus</span> <span class='ocrx_word' id='word_1_257' title='bbox 1563 3748 1903 3827; x_wconf 84' lang='lat' dir='ltr'>provinciis.</span> <span class='ocrx_word' id='word_1_258' title='bbox 1993 3749 2126 3809; x_wconf 80' lang='lat'>139.</span> <span class='ocrx_word' id='word_1_259' title='bbox 2170 3748 2448 3809; x_wconf 77' lang='lat' dir='ltr'>Justinus</span> <span class='ocrx_word' id='word_1_260' title='bbox 2476 3748 2732 3829; x_wconf 73' lang='lat' dir='ltr'>Mar-tyr.</span> 
     </span>
     <span class='ocr_line' id='line_1_34' title="bbox 545 3840 2738 3922; baseline 0.004 -26"><span class='ocrx_word' id='word_1_261' title='bbox 545 3840 680 3899; x_wconf 87' lang='lat'>140.</span> <span class='ocrx_word' id='word_1_262' title='bbox 725 3841 1014 3922; x_wconf 84' lang='lat' dir='ltr'>Phlegon.</span> <span class='ocrx_word' id='word_1_263' title='bbox 1053 3842 1373 3905; x_wconf 68' lang='lat' dir='ltr'>sustines?</span> <span class='ocrx_word' id='word_1_264' title='bbox 1461 3846 1599 3906; x_wconf 82' lang='lat'>143.</span> <span class='ocrx_word' id='word_1_265' title='bbox 1643 3844 1957 3909; x_wconf 81' lang='lat' dir='ltr'>Cornelius</span> <span class='ocrx_word' id='word_1_266' title='bbox 1985 3847 2206 3905; x_wconf 88' lang='lat' dir='ltr'>Fronto</span> <span class='ocrx_word' id='word_1_267' title='bbox 2243 3853 2307 3904; x_wconf 88' lang='lat' dir='ltr'>et</span> <span class='ocrx_word' id='word_1_268' title='bbox 2333 3844 2738 3906; x_wconf 87' lang='lat' dir='ltr'>Cl.·Herodes</span> 
     </span>
     <span class='ocr_line' id='line_1_35' title="bbox 536 3934 2733 4020; baseline 0.005 -27"><span class='ocrx_word' id='word_1_269' title='bbox 536 3934 798 4011; x_wconf 81' lang='lat' dir='ltr'>Atticus,</span> <span class='ocrx_word' id='word_1_270' title='bbox 846 3940 1131 4015; x_wconf 66' lang='lat' dir='ltr'>rhetores,</span> <span class='ocrx_word' id='word_1_271' title='bbox 1171 3951 1232 4002; x_wconf 89' lang='lat' dir='ltr'>et</span> <span class='ocrx_word' id='word_1_272' title='bbox 1275 3944 1497 4006; x_wconf 74' lang='lat' dir='ltr'>Junius</span> <span class='ocrx_word' id='word_1_273' title='bbox 1533 3942 1823 4004; x_wconf 78' lang='lat' dir='ltr'>Rusticus¹</span> <span class='ocrx_word' id='word_1_274' title='bbox 1849 3962 1923 4003; x_wconf 92' lang='lat' dir='ltr'>ac</span> <span class='ocrx_word' id='word_1_275' title='bbox 1964 3940 2322 4003; x_wconf 72' lang='lat' dir='ltr'>Nicomedes</span> <span class='ocrx_word' id='word_1_276' title='bbox 2351 3941 2733 4020; x_wconf 86' lang='lat' dir='ltr'>Apollonius,</span> 
     </span>
     <span class='ocr_line' id='line_1_36' title="bbox 537 4031 2731 4122; baseline 0.005 -32"><span class='ocrx_word' id='word_1_277' title='bbox 537 4031 754 4111; x_wconf 86' lang='lat' dir='ltr'>philos.</span> <span class='ocrx_word' id='word_1_278' title='bbox 812 4036 1016 4109; x_wconf 84' lang='lat' dir='ltr'>Stoici,</span> <span class='ocrx_word' id='word_1_279' title='bbox 1085 4053 1479 4122; x_wconf 73' lang='lat' dir='ltr'>praeceptores</span> <span class='ocrx_word' id='word_1_280' title='bbox 1530 4040 1815 4102; x_wconf 82' lang='lat' dir='ltr'>Antonini</span> <span class='ocrx_word' id='word_1_281' title='bbox 1862 4039 2099 4103; x_wconf 81' lang='lat' dir='ltr'>Philus.</span> <span class='ocrx_word' id='word_1_282' title='bbox 2213 4041 2352 4098; x_wconf 86' lang='lat'>147.</span> <span class='ocrx_word' id='word_1_283' title='bbox 2391 4038 2731 4118; x_wconf 86' lang='lat' dir='ltr'>Appianus.</span> 
     </span>
     <span class='ocr_line' id='line_1_37' title="bbox 527 4131 2734 4218; baseline 0.004 -30"><span class='ocrx_word' id='word_1_284' title='bbox 527 4131 981 4195; x_wconf 47' lang='lat' dir='ltr'>.150.1vinidius</span> <span class='ocrx_word' id='word_1_285' title='bbox 1008 4136 1219 4212; x_wconf 83' lang='lat' dir='ltr'>Verus,</span> <span class='ocrx_word' id='word_1_286' title='bbox 1251 4141 1485 4202; x_wconf 83' lang='lat' dir='ltr'>Salvius</span> <span class='ocrx_word' id='word_1_287' title='bbox 1513 4142 1843 4218; x_wconf 81' lang='lat' dir='ltr'>(Aburnus)</span> <span class='ocrx_word' id='word_1_288' title='bbox 1883 4137 2126 4210; x_wconf 87' lang='lat' dir='ltr'>Valens,</span> <span class='ocrx_word' id='word_1_289' title='bbox 2154 4138 2225 4198; x_wconf 92' lang='lat' dir='ltr'>L.</span> <span class='ocrx_word' id='word_1_290' title='bbox 2256 4135 2543 4197; x_wconf 86' lang='lat' dir='ltr'>Volusius</span> <span class='ocrx_word' id='word_1_291' title='bbox 2574 4135 2734 4197; x_wconf 75' lang='lat' dir='ltr'>Moe.</span> 
     </span>
     <span class='ocr_line' id='line_1_38' title="bbox 536 4228 2737 4315; baseline 0.005 -26"><span class='ocrx_word' id='word_1_292' title='bbox 536 4228 764 4305; x_wconf 77' lang='lat' dir='ltr'>cianus,</span> <span class='ocrx_word' id='word_1_293' title='bbox 807 4230 1017 4315; x_wconf 87' lang='lat' dir='ltr'>Ulpius</span> <span class='ocrx_word' id='word_1_294' title='bbox 1054 4235 1374 4301; x_wconf 79' lang='lat' dir='ltr'>Marcellus</span> <span class='ocrx_word' id='word_1_295' title='bbox 1415 4250 1476 4300; x_wconf 87' lang='lat' dir='ltr'>et</span> <span class='ocrx_word' id='word_1_296' title='bbox 1522 4238 1851 4302; x_wconf 76' lang='lat' dir='ltr'>Javolenus</span> <span class='ocrx_word' id='word_1_297' title='bbox 1891 4234 2055 4309; x_wconf 80' lang='lat' dir='ltr'>JCti,</span> <span class='ocrx_word' id='word_1_298' title='bbox 2096 4244 2159 4297; x_wconf 89' lang='lat' dir='ltr'>et</span> <span class='ocrx_word' id='word_1_299' title='bbox 2197 4234 2518 4297; x_wconf 79' lang='lat' dir='ltr'>consiliarii</span> <span class='ocrx_word' id='word_1_300' title='bbox 2555 4234 2737 4300; x_wconf 77' lang='lat' dir='ltr'>Prin-</span> 
     </span>
    </p>
   </div>
   <div class='ocr_carea' id='block_1_8' title="bbox 2972 2031 2975 2677">
    <p class='ocr_par' dir='ltr' id='par_1_8' title="bbox 2972 2031 2975 2677">
     <span class='ocr_line' id='line_1_39' title="bbox 2972 2031 2975 2677; baseline 0 0"><span class='ocrx_word' id='word_1_301' title='bbox 2972 2031 2975 2677; x_wconf 95' lang='lat' dir='ltr'> </span> 
     </span>
    </p>
   </div>
  </div>
 </body>
</html>
