3034 4925
991 409 1138 458 ma.
1183 408 1272 461 11.
1315 409 1483 460 car.
1526 392 1637 459 56.

2285 394 2425 467 505

212 552 496 620 minime
547 554 759 620 atroci
801 555 1176 636 ferebatur3
1211 554 1347 620 jsed
1374 574 1533 641 quae
1563 554 1873 639 patriciis
1903 575 2161 621 omnem
2190 560 2421 640 potes-'

209 666 424 722 tatem
473 676 591 742 per
642 657 982 723 clientium
1030 656 1347 741 suffragia
1395 653 1717 735 creandi}
1762 678 1936 743 quos
1985 659 2249 737 vellent,
2300 659 2421 725 ἰπὶ.

211 761 444 825 bunos
466 761 766 827 auferret.
827 761 1012 826 Huic
1034 760 1306 839 actioni,
1332 761 1733 844 gratissimae
1751 763 1955 848 plebi,
1974 768 2130 828 'cum
2151 782 2421 829 summa

209 863 291 928 vi
331 865 718 931 resisterent
764 863 1021 942 Patres»,
1064 883 1209 940 nec,
1259 883 1414 949 quae
1467 883 1608 929 una
1656 867 1765 930 vis
1808 865 1896 931 ad
1964 862 2415 931 resistendum

211 973 395 1044 erat,
443 971 516 1031 ut
568 966 1012 1045 intercederet,
1064 967 1312 1050 aliquis
1371 986 1462 1031 ex
1514 968 1799 1052 collegio
1848 967 2250 1034 auctoritate
2299 971 2421 1035 aut

213 1068 580 1133 consulum
625 1075 744 1135 aut
786 1070 1158 1155 principum
1212 1069 1451 1135 adduci
1498 1079 1729 1154 posset
1746 1092 1765 1153 3
1783 1071 1803 1110 ·'
1841 1091 1953 1136 res
1997 1078 2237 1147 tamen,
2292 1088 2419 1134 suo

213 1170 386 1252 ipsa
421 1171 760 1237 molimine
787 1173 1032 1254 graviS,
1061 1171 1537 1239 certaminibus
1556 1181 1576 1220 ³
1624 1174 1692 1237 in
1738 1188 1979 1240 annum
2007 1168 2417 1239 extrahitur}

302 1336 320 1369 ¹
346 1339 452 1389 Nec
468 1355 576 1390 vero
594 1342 850 1401 emulum,
871 1344 955 1390 aut
974 1340 1310 1406 primariorum
1330 1340 1615 1391 Senatorum
1634 1343 1916 1393 auctoritate
1936 1339 2153 1405 compelli
2173 1341 2416 1405 quisquam

208 1409 378 1465 posset
397 1419 460 1454 ex
476 1405 669 1467 collegio
688 1406 1002 1468 tribunorum,
1036 1411 1092 1455 nt
1114 1407 1211 1468 leg-i
1239 1405 1483 1456 Voleronis
1509 1409 1841 1459 adversuretur
1856 1424 1875 1457 .·
1906 1423 2013 1473 qnoe
2042 1413 2200 1457 tamen
2219 1407 2318 1455 sola
2341 1405 2421 1457 οἱα

203 1468 415 1529 parebat
431 1471 495 1519 ad
513 1472 825 1525 resistendam
845 1470 946 1533 dus
964 1470 1227 1523 conanus.

1364 1613 1490 1635 “N

212 1720 316 1766 ——3
354 1713 515 1767 ‘Veh
557 1713 723 1765 codex
767 1715 985 1781 plenior,
1027 1719 1197 1779 gravis
1235 1716 1421 1779 magnis
1463 1712 1818 1780 certaminibus,
1857 1724 1915 1767 et
1955 1713 2142 1768 recte.’
2184 1714 2419 1777 Sigon.—

1208 1864 1420 1915 NOTAE

212 1961 289 2012 tis
318 1968 475 2012 antea
496 1961 718 2011 comitiis
741 1960 1072 2024 creabantur,
1108 1976 1219 2026 quae
1245 1976 1276 2012 a

214 2037 457 2101 patriciis
501 2036 820 2101 pendebant.
875 2038 1086 2087 Curiata
1140 2037 1274 2086 euim

218 2114 457 2176 comitia,
495 2118 552 2162 nt
575 2113 732 2162 docet
753 2113 1037 2177 Dionysius
1064 2113 1100 2162 1.
1124 2105 1204 2164 ιί.
1226 2128 1274 2163 c.

213 2194 302 2241 41.
341 2189 615 2252 oportebat
654 2187 768 2239 fieri
810 2198 1020 2239 anctore
1060 2189 1272 2245 Senatu,

212 2274 276 2313 et
294 2263 656 2314 addicentibus
680 2264 878 2327 avibus,
902 2279 1017 2328 quae
1042 2264 1275 2328 auspicia

201 2340 289 2390 ‘ad
330 2341 465 2390 solos
503 2340 752 2405 patricios
787 2339 1134 2403 pertinebant.
1161 2340 1276 2388 Tri-

216 2418 353 2467 buta
394 2430 517 2467 vero
560 2416 768 2467 comitia
816 2416 925 2466 sine
966 2417 1282 2467 auctoritate

218 2496 450 2545 Senatus
473 2493 783 2558 auspiciisve
813 2492 1027 2557 fiebant,
1058 2493 1279 2557 ideoque

218 2576 472 2638 potestati
492 2571 830 2637 patriciorum
869 2579 1020 2621 erant
1054 2577 1278 2620 exemta.

218 2648 408 2713 Itaque
440 2647 644 2711 patricii
666 2648 742 2696 bis
768 2646 1189 2699 adversabantur.
1218 2646 1276 2695 J.

227 2725 457 2775 Clericus.

287 2799 317 2834 ἱ
354 2802 552 2850 onmem
580 2804 861 2863 potestatem
907 2815 995 2864 per
1036 2801 1281 2849 clientium

219 2875 462 2944 suffugia
482 2875 693 2936 creandi,
713 2876 822 2940 ξω]
855 2875 962 2924 Cur
984 2877 1037 2926 in
1061 2876 1280 2926 comitiis

216 2953 522 3004 centuriatis
566 2950 721 3001 facile
765 2952 1034 3003 vincerent
1073 2952 1282 3016 patricii

222 3038 280 3080 et
306 3029 644 3093 potentiores,
666 3043 733 3077 ex
757 3028 821 3080 iis
853 3044 968 3093 qum
989 3029 1075 3078 lib.
1098 3043 1136 3079 r.
1160 3043 1278 3092 cap.

222 3109 308 3156 43.
334 3106 491 3156 allata
511 3111 653 3165 aunt,
682 3104 813 3153 disci
846 3112 1037 3169 potest.
1088 3104 1153 3154 In
1188 3105 1279 3154 tri·

222 3183 365 3235 bntis
386 3196 488 3232 non
521 3182 598 3231 ita
629 3180 1045 3231 dominabantur.
1082 3180 1280 3243 Primo,

224 3257 361 3325 qnod
406 3271 522 3312 cum
566 3258 617 3306 in
658 3257 869 3309 curiatis
913 3259 1134 3308 comitiis
1182 3259 1278 3309 soli

223 3338 367 3386 cives
405 3335 492 3400 qui
537 3334 715 3383 Romae
767 3334 1078 3385 domicilium
1122 3334 1280 3385 babe-

225 3412 372 3474 bant,
405 3418 459 3460 et
495 3417 715 3474 quatuor
747 3416 948 3461 tantum
972 3411 1135 3460 tribus
1159 3426 1280 3462 con-

224 3487 438 3543 flabant,
469 3487 556 3550 jus
596 3486 847 3537 baberent
885 3487 1121 3538 dicendae
1166 3503 1282 3537 sen·

223 3563 433 3627 tentiae3
451 3563 503 3613 in
518 3561 722 3611 tributis
736 3562 1032 3628 suffragium
1047 3562 1285 3614 ferebant

225 3639 522 3712 quindecim
558 3639 675 3690 aliae
708 3640 893 3702 tribus,
933 3640 986 3689 in
1016 3654 1145 3703 quas
1180 3639 1285 3689 dis-

224 3722 395 3770 tincta
436 3724 574 3765 tunc
597 3722 710 3766 erat
752 3718 952 3766 rustica
983 3714 1284 3777 multitudo,

226 3810 345 3847 cum
365 3792 674 3843 coloniarum
696 3798 750 3842 et
759 3792 1066 3856 oppidorum
1086 3791 1285 3841 incolis.

217 3869 451 3931 Deinde,
461 3868 597 3934 quod
615 3868 667 3916 in
682 3868 764 3916 bis
778 3874 918 3918 sorte
940 3868 1288 3918 educerentur

225 3949 453 4009 nomina,
485 3962 585 3998 non
607 3947 760 3996 modo
782 3947 1173 4010 Praerogativae,
1193 3944 1286 3995 sed

231 4026 387 4077 etiam
419 4023 745 4087 sequentinm
781 4023 1026 4077 tribuum,
1063 4036 1177 4086 quai
1218 4019 1283 4070 ad

226 4099 447 4152 ferenda
485 4095 727 4161 suffragia
760 4098 1107 4148 vocabantur:
1142 4096 1285 4146 ideo-

231 4190 335 4244 que
385 4181 708 4237 compertum
762 4188 877 4223 esse
932 4188 1033 4223 non
1090 4180 1288 4240 posset²

159 4263 166 4274 ³
234 4257 486 4318 quae‘nam,
508 4250 674 4301 tribus
696 4248 996 4315 suffragium
1018 4258 1193 4302 esseut
1212 4250 1285 4299 la-

233 4338 381 4381 turae.
431 4328 548 4377 Non
581 4327 718 4376 enim
751 4340 930 4385 omnes
958 4330 1013 4381 in
1042 4327 1287 4393 suffragia

360 4406 535 4469 Delph-
557 4412 605 4458 ει
634 4407 752 4459 Vur.
778 4408 908 4460 Clas.

1291 4407 1477 4460 Livius.

1355 1961 1699 2012 mittebantur
1717 1978 1733 2010 ε
1766 1963 1855 2011 sed
1894 1971 2023 2026 quot
2049 1975 2265 2011 necesse
2285 1967 2419 2024 erat,

1357 2044 1416 2088 nt
1455 2039 1507 2087 in
1548 2052 1613 2088 ea
1656 2052 1711 2087 re
1754 2037 1822 2088 de
1863 2052 1963 2102 qua
2002 2037 2271 2101 agebatur,
2307 2037 2418 2086 sive

1357 2114 1641 2178 probanda,
1682 2113 1792 2163 sive
1829 2112 2134 2177 rejicienda,
2177 2113 2294 2176 pius
2338 2111 2421 2160 di-

1356 2189 1512 2238 midia
1561 2198 1711 2252 parte
1754 2189 2119 2249 convenirent3
2166 2186 2418 2239 veluti.si

1356 2262 1600 2316 undecim
1657 2265 1823 2315 tribus
1880 2265 2015 2315 idem
2074 2264 2418 2315 censuissent.

1355 2341 1548 2392 Tribus
1581 2344 1776 2406 quippe
1810 2348 1962 2392 erant
1983 2355 2088 2390 ana
2120 2346 2176 2389 et
2214 2340 2423 2402 viginti,

1353 2418 1555 2469 duabus
1580 2420 1644 2469 ad
1669 2433 1852 2470 novem
1873 2419 2091 2483 priores,
2113 2423 2236 2466 ante
2255 2430 2346 2466 sex
2363 2423 2418 2466 et
2470 2448 2485 2464 .

1356 2496 1541 2560 viginti
1565 2496 1730 2547 ferme
1753 2509 1936 2552 annos,
1973 2494 2201 2554 additis;
2237 2507 2420 2557 quem·

1354 2572 1626 2622 admodum
1649 2572 1804 2637 hujus
1825 2571 1940 2622 libri
1964 2585 2080 2635 cap.
2102 2574 2186 2624 21.
2206 2569 2419 2619 demon-

1354 2657 1574 2699 stratum
1620 2657 1720 2700 est.
1776 2648 1892 2699 Alia
1931 2648 2098 2697 adhuc
2133 2646 2283 2708 ratio,
2322 2660 2417 2696 cur

1353 2728 1521 2776 minus
1559 2727 1609 2777 in
1647 2726 1899 2792 ejusmodi
1942 2722 2164 2776 comitiis
2208 2729 2420 2786 possent

1353 2804 1582 2869 patricii,
1619 2802 1740 2867 fuit,
1762 2802 1897 2868 qnod
1928 2801 1979 2851 in
2013 2799 2220 2863 singulis
2258 2799 2420 2848 tribu-

1354 2878 1474 2941 bus,
1496 2881 1636 2930 nullo
1658 2894 1845 2929 census
1885 2885 1975 2928 ant
2007 2876 2277 2941 dignitatis
2317 2873 2419 2923 dis-

1356 2956 1591 3021 crimine,
1615 2947 1860 3019 suffragia
1881 2953 2148 3004 ferrentur
2167 2953 2231 3002 ab
2255 2951 2420 3002 omni·

1355 3031 1447 3082 bus
1483 3032 1740 3094 tribubus,
1770 3032 1908 3081 inter
1945 3045 2069 3095 qnos
2106 3044 2293 3093 magno
2323 3042 2420 3076 nu-

1355 3123 1497 3158 mero
1520 3123 1616 3174 per
1650 3107 2027 3159 omnes-tribus
2065 3106 2229 3170 sparsi
2266 3109 2419 3155 erant

1353 3186 1584 3250 homines
1609 3183 1861 3236 tenuioris
1884 3182 2131 3245 fortuna,
2154 3181 2241 3247 qui
2264 3182 2317 3230 in
2336 3195 2421 3230 co·

1354 3262 1511 3311 mitiis
1550 3262 1859 3312 centuriatis
1891 3261 1944 3311 in
1981 3260 2210 3309 ultimam
2236 3263 2423 3330 centn-¹

1353 3339 1479 3387 riam
1500 3337 1650 3387 simul
1674 3352 1853 3387 omnes
1867 3336 2068 3400 rejecti,
2087 3334 2171 3383 vix
2191 3347 2415 3397 unquam

1356 3412 1420 3462 ad
1444 3412 1657 3461 ferenda
1680 3410 1921 3475 suffragia
1952 3410 2285 3461 vocabantur.
2343 3407 2417 3455 0-

1356 3490 1530 3551 mitto,
1562 3495 1834 3553 postquam
1873 3485 2149 3548 LatiniJns
2182 3480 2420 3546 suffragii

1358 3561 1651 3624 obtinuere,
1681 3561 1904 3611 noudum
1943 3567 2088 3609 certa
2126 3559 2312 3622 cuique
2335 3572 2419 3606 as·

1359 3638 1560 3703 signata
1584 3637 1742 3699 tribu,
1765 3642 1902 3686 sorte
1926 3634 2095 3684 decidi
2118 3633 2347 3693 solitum,
2364 3631 2418 3682 iu

1359 3727 1461 3779 qua
1502 3712 1764 3762 numerari
1799 3724 1976 3761 omnes
2020 3715 2076 3758 et
2119 3706 2419 3770 suffragium

1360 3788 1495 3839 ferre
1516 3787 1790 3842 deberent,
1811 3802 1928 3853 quar
1954 3799 2038 3836 res
2062 3783 2228 3834 adbuc
2247 3783 2417 3832 incer·

1358 3867 1542 3917 tiorem
1579 3864 1838 3917 efficiebat
1870 3865 2050 3913 borum
2091 3860 2418 3916 comitiorum

1357 3951 1624 3995 eventum.

1422 4020 1436 4055 ¹
1458 4020 1522 4070 In
1539 4034 1716 4072 annm
1736 4015 2033 4079 extrahitur]
2068 4016 2273 4065 Praeter
2302 4013 2421 4066 baec

1358 4076 1565 4161 plebem
1589 4096 1725 4144 inter
1748 4094 2099 4158 patriciosque
2121 4093 2420 4150 certamina,

1363 4173 1642 4237 Dionysius
1658 4171 1807 4221 aliam
1826 4168 1980 4221 affert
1997 4184 2200 4220 causam
2219 4184 2312 4218 cur
2328 4169 2418 4217 lex

1360 4249 1656 4316 Veteronis,
1687 4249 1754 4299 de
1784 4248 2162 4314 magistratibus
2198 4247 2419 4312 plebeiis

1359 4342 1493 4378 novo
1533 4342 1677 4379 more
1711 4326 1983 4392 eligendis,
2018 4325 2071 4376 in
2109 4339 2296 4376 annum
2335 4335 2417 4372 se·
