3034 4925
2285 405 2412 477 181

249 580 374 639 t‘em
398 573 661 639 incertae
691 573 924 659 stirpis
972 577 1228 657 patrem
1252 570 1278 609 ¹²
1326 577 1695 656 nuncupat.
1782 570 1921 636 Sed
1949 590 2070 637 neo
2108 572 2249 651 Dii,
2290 593 2411 638 uec

243 677 545 756 homineS,
577 686 695 743 aut
723 678 970 761 ipsam,
1002 684 1121 743 aut
1162 676 1432 760 stirpem
1471 696 1514 740 a
1554 673 1954 740 crudelitate
1985 675 2162 757 regia
2183 680 2236 714 ¹²
2268 676 2415 739 vin-

247 780 497 846 dicant:
553 780 874 845 sacerdos
923 780 1154 844 vineta
1201 778 1275 841 in
1321 777 1700 843 custodium
1748 776 2023 860 datur30
2067 796 2311 861 pueros
2341 778 2414 841 in

1087 427 1228 477 ms.
1276 429 1326 476 1.
1372 426 1536 477 cAP.
1579 410 1642 475 4.

1142 943 1438 965 0000000000
1441 944 1502 964 υ

300 1049 358 1095 12
390 1045 615 1111 Conjicit
638 1045 863 1111 Rupert.
904 1045 1179 1109 regia—13
1214 1053 1230 1076 ‘
1254 1043 1403 1095 Forte
1445 1047 1650 1110 quadum
1681 1044 1932 1102 divinitus,
1973 1058 2048 1095 sc.
2073 1048 2371 1108 comparata
2396 1057 2411 1104 ;

1217 1207 1430 1261 No'rAE

1359 1295 1502 1388 eratJ'
1522 1324 1640 1375 Hae
1661 1323 1728 1374 de
1749 1337 1804 1371 re
1827 1321 2035 1387 copiose
2054 1327 2226 1371 actum
2248 1325 2327 1367 est
2352 1316 2417 1366 sd

1360 1401 1583 1451 Hesiodi
1624 1399 1989 1462 Theogoniam,
2029 1411 2083 1447 ν.
2115 1398 2232 1446 940.
2286 1395 2418 1444 Cum

244 1324 449 1376 Jovem:
495 1331 509 1353 ¹
532 1324 636 1373 Hic
661 1326 772 1388 jam
811 1329 1101 1375 tercentum
1146 1330 1283 1375 totos

244 1401 531 1465 regnabitur
556 1416 736 1463 anuos,
758 1401 933 1453 Gente
966 1402 1061 1453 sub
1086 1401 1283 1451 Hecto-

245 1477 357 1527 rea?
416 1479 518 1527 Sed
543 1478 721 1527 horum
746 1493 994 1528 annorum
1029 1480 1282 1529 rationem

244 1555 403 1604 iniisse
426 1555 575 1617 Virg.
597 1551 800 1604 videtur
836 1555 902 1603 ab
934 1569 1151 1605 excessu
1184 1552 1284 1603 As-

245 1631 364 1680 canii
400 1630 462 1679 ad
502 1632 703 1679 natales
739 1631 957 1687 Romuli,
982 1631 1100 1680 dum
1123 1630 1285 1694 subji-

244 1708 336 1757 cit:
379 1708 393 1733 ‘
417 1710 594 1757 Donec
622 1707 825 1772 Regius
847 1707 1087 1758 sacerdos
1109 1708 1282 1757 Morte

244 1784 398 1846 gravis
420 1784 678 1847 geminam
703 1793 856 1847 partu
882 1784 1028 1835 dabit
1048 1783 1148 1833 Ilia
1170 1797 1285 1847 pro-

244 1858 366 1908 lem.’
429 1861 500 1910 Et
537 1861 613 1910 sic
652 1861 771 1909 anni
817 1862 1018 1925 Regum
1056 1860 1286 1910 Albano·

242 1951 343 1985 rum
365 1936 428 1986 ad
452 1941 569 1986 855.
594 1935 755 2001 redigi
781 1944 1043 2001 poterunt.
1103 1935 1286 1986 Poetae

244 2021 401 2065 autem
425 2017 554 2067 satis
581 2013 683 2065 fuit
713 2016 991 2066 rotundum
1020 2028 1288 2066 numerum

242 2104 391 2155 sequi.

292 2176 316 2201 ³
335 2170 429 2218 Ant
441 2168 721 2218 verecundia
732 2170 918 2233 atatis]
951 2168 1290 2219 Verecundiam

242 2245 334 2300 hic,
354 2256 407 2296 et
430 2262 550 2312 cap.
582 2248 835 2311 proximo,
868 2248 999 2298 dicit
1032 2262 1126 2312 pro
1158 2261 1286 2296 reue·

242 2326 404 2387 realia,
424 2340 543 2389 quae
580 2340 647 2376 ex
685 2325 910 2376 naturali
941 2324 1161 2391 quodam
1193 2336 1286 2389 pu-

245 2400 358 2450 dore
376 2400 574 2454 deferri
598 2404 751 2452 solet.

298 2485 320 2520 5
352 2478 498 2528 Pulso
520 2480 705 2542 fratre,
727 2479 945 2531 Amulius
972 2479 1167 2543 regnat]
1201 2478 1290 2529 Ita

244 2555 437 2619 quidem
462 2557 687 2621 scriptor
708 2556 795 2624 lib.
811 2557 878 2607 de
898 2558 991 2607 vir.
1008 2558 1189 2606 illustr.
1214 2557 1289 2605 ait

243 2633 366 2682 euim
388 2633 612 2685 Procam
634 2635 753 2685 filiis
768 2650 980 2701 reguum
1004 2636 1191 2686 annuis
1216 2634 1291 2683 vi-

242 2709 375 2760 cibus
428 2712 720 2762 babendum
772 2714 1059 2779 reliquisse,
1107 2726 1286 2762 verum

243 2785 486 2840 Amulium
509 2790 672 2842 -fratri
708 2793 973 2857 imperium
997 2807 1096 2842 non
1118 2791 1289 2841 dedis·-

241 2878 308 2916 se.
371 2865 441 2917 At
465 2868 776 2919 Plutarchus
809 2884 876 2919 ex
914 2870 1096 2920 Diocle
1122 2869 1290 2933 Pepa-

243 2943 396 2993 retlrio
444 2953 646 3005 narrat,
695 2946 936 2995 universa
985 2945 1293 2995 haereditate

244 3018 371 3069 inter
405 3019 601 3072 fratres
638 3023 714 3072 ita
745 3022 927 3078 divisa,
956 3030 1015 3072 ut
1039 3023 1156 3072 bine
1177 3036 1293 3087 reg-

246 3107 356 3144 num
378 3104 536 3161 esset,
557 3097 678 3148 inde
703 3099 927 3163 pecunia
944 3113 1059 3149 cum
1077 3098 1293 3148 advecto

247 3170 389 3235 Troju
426 3175 690 3235 thesauro,
724 3189 934 3239 reguum
958 3189 991 3224 a
1014 3173 1293 3224 Numitore

246 3249 481 3313 electum3
518 3266 621 3315 quo
657 3259 847 3301 exutus
876 3252 944 3302 sit
983 3252 1058 3301 ab·
1089 3249 1294 3300 Amulio

248 3327 418 3389 amplis
462 3328 649 3392 opibus
692 3327 929 3378 subnixo.
993 3327 1189 3378 Contra
1240 3325 1292 3375 in

249 3399 329 3450 lib.
370 3402 435 3452 de
475 3404 610 3467 orig.
655 3411 799 3467 gent.
843 3402 995 3454 Rom.
1048 3401 1295 3452 scribitur

249 3475 745 3545 Numitor-paternas
767 3495 894 3545 opes
920 3493 1082 3544 regno
1104 3486 1295 3543 pretu—

248 3554 377 3605 lisse.

306 3641 325 3665 ¹
354 3632 562 3698 Stirpem
582 3632 765 3697 fratris
799 3632 1010 3696 virilem]
1057 3632 1299 3682 Numito·

1360 1478 1591 1527 Vestalis
1625 1487 1714 1526 aut
1739 1475 2022 1535 Amulium,
2051 1480 2140 1522 urit
2163 1472 2416 1521 Sacerdo-

1363 1562 1464 1604 tem
1499 1555 1708 1618 Martis,
1742 1559 1831 1620 auqt
1869 1552 2021 1601 alium
2057 1549 2234 1599 nescio
2265 1563 2419 1613 quem

1362 1639 1562 1695 patrem
1588 1623 1860 1695 puerorum
1896 1628 2114 1693 prodere
2143 1641 2241 1677 nou
2263 1626 2420 1675 aude-

1361 1716 1461 1765 ret,
1481 1707 1615 1758 dixit
1647 1722 1678 1757 e
1709 1706 1885 1757 Marte
1916 1712 2196 1769 conceptos
2229 1702 2423 1753 fuisse:

1361 1800 1512 1848 quam
1551 1782 1774 1833 fabulam
1821 1782 1934 1846 ejus
1978 1780 2149 1843 amici,
2186 1780 2423 1829 simulata

1363 1860 1692 1916 credulitate,
1718 1868 1776 1910 ut
1800 1859 2100 1924 propinquae
2124 1871 2230 1906 suae
2265 1856 2422 1905 saluti

1364 1954 1426 1989 ac
1448 1938 1623 1989 honori
1647 1938 1994 1997 consulerent,
2028 1934 2343 1998 adjuverunt
2366 1940 2423 1982 et

1363 2022 1736 2082 propagarunt.
1802 2012 2008 2064 Deinde
2062 2010 2231 2060 indole
2275 2009 2424 2058 belli·

1364 2108 1488 2144 eosa
1508 2093 1779 2157 utriusque
1804 2090 1970 2155 pueri,
1986 2088 2242 2151 rebusque
2260 2086 2422 2150 gestis

1365 2172 1589 2229 Romuli,
1612 2170 1916 2220 confirmata
1942 2174 2041 2217 est.
2104 2167 2120 2193 ⁸
2139 2165 2266 2214 Tam
2286 2160 2424 2224 hoe,'

1365 2255 1423 2299 ut
1443 2262 1558 2298 eum
1586 2248 1776 2297 Nostro
1795 2246 1996 2311 loquar,
2019 2239 2183 2293 Praef.
2207 2240 2224 2268 ⁸
2238 2246 2421 2304 gentes

1363 2326 1597 2375 humauae
1634 2336 1798 2388 passae
1832 2330 1952 2370 suut
1985 2319 2091 2369 diei
2128 2331 2281 2381 aequo
2315 2315 2426 2365 ani·

1364 2416 1464 2457 mo,
1499 2414 1650 2466 quam
1684 2397 1954 2460 imperium
1998 2394 2177 2459 populi
2202 2389 2423 2443 Romani

1366 2475 1730 2544 patiebantur!
1797 2472 1936 2524 Vide
1954 2486 1998 2522 c.
2020 2476 2101 2521 1⁵.

1370 2570 1374 2575 ·
1430 2553 1455 2588 b
1484 2554 1697 2602 Mortem
1756 2551 1950 2599 incerte
1999 2547 2168 2610 stirpis
2218 2543 2427 2609 putrem]

1365 2632 1568 2684 Quarto
1621 2643 1757 2678 auno
1814 2632 2088 2690 postquam
2132 2622 2234 2672 Ilia
2289 2624 2427 2671 inter

1365 2709 1543 2758 Vestae
1598 2703 1823 2767 virgines
1854 2702 2045 2750 allecta
2096 2705 2228 2762 orat,
2277 2699 2428 2762 (quas

1368 2791 1494 2834 tunc
1513 2781 1788 2846 oportebat
1813 2793 1913 2829 non
1948 2777 2114 2826 minus
2141 2776 2428 2841 quinquen-

1370 2863 1459 2911 nio
1481 2874 1636 2924 puras
1669 2874 1700 2908 a
1732 2856 1925 2921 nuptiis
1958 2851 2214 2918 manere,)
2245 2853 2313 2909 ei,
2349 2865 2429 2902 sa-

1371 2952 1576 2989 crorum
1615 2949 1770 2985 cansa
1805 2946 1990 2998 aquam
2027 2946 2057 2980 e
2087 2929 2278 2980 Martis
2311 2929 2430 2978 luco

1369 3013 1590 3079 petenti,
1611 3022 1847 3076 stuprum
1882 3009 1934 3058 in
1968 3006 2091 3057 fano
2113 3006 2289 3056 nescio
2312 3005 2428 3069 quis

1367 3091 1577 3141 obtulit.
1636 3087 1861 3144 Quidam
1887 3100 2043 3135 uuum
2065 3099 2096 3134 e
2120 3082 2293 3148 procis
2315 3082 2429 3145 ejus

1366 3167 1528 3218 fuisse
1552 3168 1748 3217 dieunt.
1801 3163 1908 3215 Alii
1935 3177 2056 3213 vero
2079 3162 2242 3225 ipsum
2270 3159 2432 3209 Amu-

1368 3247 1510 3308 lium,
1531 3245 1637 3294 sive
1662 3243 1846 3308 puellae
1872 3253 2046 3290 amore
2072 3246 2302 3303 captum,
2321 3236 2429 3286 sive

1367 3322 1530 3387 ipsius
1552 3321 1674 3371 vitae
1699 3318 2045 3369 insidiantem.

1371 3428 1378 3433 ·
1433 3406 1457 3434 ⁰
1487 3398 1717 3450 Sacerdos
1732 3397 1894 3445 vineta
1915 3393 1968 3442 in
1986 3391 2244 3442 custodium
2263 3386 2433 3451 datur]

1371 3475 1569 3528 Narrat
1623 3473 1844 3533 Dionys.
1909 3475 2176 3533 postquam
2236 3465 2432 3514 Rheam

1373 3550 1640 3617 gravidam
1674 3561 1786 3598 esse
1824 3550 2146 3608 compertum
2182 3549 2282 3602 est,
2321 3550 2431 3586 eam

1373 3628 1617 3679 adhibitis
1639 3625 1704 3674 ab
1719 3623 1923 3673 Amulio
1946 3618 2156 3669 armatis
2178 3614 2434 3665 asservari

250 3707 497 3761 risfllium.
534 3711 805 3761 Halicaru.
840 3707 1297 3772 AEgest‘um,0vid.
1365 3705 1586 3769 jussam,
1609 3716 1673 3749 ue
1708 3701 1839 3748 olam
1871 3696 2189 3746 eniteretur:
2227 3690 2311 3740 ubi
2347 3703 2435 3739 au-

250 3796 321 3834 1v.
354 3786 491 3836 Fast.
536 3788 759 3837 Lausum
784 3795 957 3836 vocat.
1378 3788 1483 3830 tem
1503 3778 1797 3827 nuntiatum
1829 3780 1912 3823 est
1946 3769 2175 3835 geminos
2207 3766 2434 3817 infantes

276 3870 329 3896 ·²
366 3863 509 3914 Rheae
542 3863 743 3928 Sylvioe]
779 3864 877 3913 Ilia
907 3856 1317 3926 cognominatur'
1377 3856 1542 3906 virilis
1579 3867 1732 3903 sexus
1756 3851 1945 3902 editos.
1980 3863 2010 3896 a
2026 3844 2307 3908 judicibus,
2331 3845 2434 3895 Re-

253 3939 377 3999 apud
403 3941 623 4004 Dionys.
654 3947 710 3991 et
743 3941 893 4003 Virg.
917 3939 1000 3989 An
1025 3953 1120 4003 pro
1142 3939 1303 3988 Iulia?
1357 3933 1455 3996 ἐἰς
1501 3931 1734 3992 arbitrio,
1775 3927 1968 3977 dictam
2003 3923 2337 3985 seutentiam,
2376 3928 2438 3973 ut

255 4028 314 4063 an
335 4015 511 4080 Hyloea
534 4031 600 4067 ex
630 4017 838 4078 Graeco,
868 4015 921 4065 id
954 4022 1057 4077 est,
1090 4013 1301 4078 Sylvia?
1369 4010 1523 4074 juxta
1562 4008 1729 4071 legem
1766 4012 1931 4054 muter
1948 4001 2023 4051 'ad
2060 4015 2239 4051 necem
2278 4000 2436 4064 virgis

254 4090 402 4141 Rbeae
445 4107 571 4143 vero
612 4108 798 4144 nomeu
844 4107 875 4143 a
920 4090 1033 4142 Dea
1073 4090 1204 4141 Coeli
1240 4103 1301 4139 ae
1380 4085 1696 4144 cederetur,
1743 4080 1918 4145 proles
1957 4092 2082 4128 vero
2128 4076 2440 4142 abjiceretur

258 4165 423 4217 Terroe
456 4168 584 4230 filia,
615 4169 825 4219 Saturni
857 4181 1041 4228 uxore,
1063 4180 1178 4231 quae
1203 4165 1304 4229 Cy·
1381 4164 1434 4213 iu
1471 4159 1833 4226 profluentem.
1899 4153 2064 4204 Addit
2105 4161 2277 4204 tamen
2310 4167 2442 4216 esse,

254 4242 362 4293 bele
380 4260 603 4312 quoque,
618 4256 673 4296 et
691 4247 899 4311 Ops,ae
922 4246 1085 4295 Vesta
1099 4243 1310 4309 dieitur..
1383 4239 1488 4304 qui,
1511 4241 1807 4301 expugnato
1823 4231 1938 4285 filiae
1959 4231 2197 4297 precibus
2213 4229 2440 4293 Amulio,

322 4330 343 4378 t
379 4323 506 4378 Quia
547 4324 672 4373 Deus
708 4330 871 4372 auctor
902 4323 1047 4385 calpa·
1069 4317 1305 4368 homtior
1383 4317 1538 4367 Iliam
1582 4329 1683 4365 nou
1728 4311 1903 4364 statim
1947 4315 2207 4371 necatum,
2247 4304 2340 4356 sed
2383 4304 2438 4353 in
