3034 4925
543 532 862 580 novarum
890 531 1102 579 rerum
1125 511 1455 597 perfugit:
1485 514 1690 598 idque
1721 515 2004 598 primum
2036 513 2120 579 ad
2154 507 2457 598 coeptam
2480 516 2739 597 magni-

543 617 835 682 tudinem
851 615 1111 680 roboris
1129 615 1275 679 fuit.
1308 614 1481 680 Cum
1503 616 1648 700 jam
1680 617 1917 680 virium
1945 615 2125 681 haud
2145 618 2549 701 poeniteret,²
2575 637 2741 682 con-

546 720 770 784 silium
802 717 1038 783 deinde
1067 718 1320 783 viribus
1340 727 1391 769 ¹9
1437 725 1656 802 parat.
1743 718 2027 784 Centum
2075 728 2262 784 creat
2298 713 2655 785 'senatores
2681 728 2740 783 :¹

546 821 690 885 sive
744 821 901 905 quia
960 821 1019 884 is
1076 839 1388 885 numerus
1445 821 1616 888 satis
1661 827 1843 902 erat3
1892 823 2033 887 sive
2080 825 2241 907 quia
2292 824 2423 887 soli
2475 830 2738 887 centum

545 930 780 1014 erant,⁸
823 924 938 1006 qui
985 923 1190 988 creari
1243 923 1483 988 Patres
1531 930 1884 1007 possent.²0
1970 925 2211 989 Patres
2259 935 2435 991 certe
2487 926 2579 989 ab
2622 925 2739 988 ho-

543 1025 746 1106 nore,t
767 1027 1164 1109 patriciique
1195 1028 1543 1110 progenies
1571 1047 1799 1092 eorum
1817 1036 1846 1063 ¹¹
1878 1028 2221 1112 appellati.

1483 368 1555 419 Τ.
1605 365 1796 420 L1v11

610 1192 627 1225 ²
662 1195 782 1243 Cum
802 1209 902 1244 suoe
922 1194 1013 1258 ipsi
1032 1195 1197 1259 copioe,
1218 1200 1443 1260 tanquam
1462 1196 1665 1261 idoneas,
1687 1196 1808 1246 satis
1824 1197 2082 1260 placerent.

1453 1336 1822 1359 NO‘ONOOOOO

542 1436 660 1487 est.’
695 1436 1012 1486 Stroth—19
1044 1436 1196 1487 ‘Vox
1232 1438 1409 1488 viribus
1445 1403 1587 1489 forte
1621 1453 1688 1489 ex
1728 1439 1909 1502 glossis
1944 1438 2155 1503 irrepsit
2194 1454 2286 1504 pro
2315 1439 2418 1489 iis!
2452 1439 2742 1503 Rupert.-

543 1506 609 1551 20
644 1502 857 1567 Sigonio
882 1501 1153 1564 legendum
1178 1517 1289 1554 esse
1313 1505 1516 1555 videtur
1538 1504 1620 1569 qui
1639 1506 1762 1555 ciere
1780 1509 1944 1569 patres
1958 1509 2167 1568 possent.

1527 1634 1744 1685 NOTAE

545 1729 578 1784 .‘
608 1737 629 1762 ¹
665 1731 865 1780 Centum
886 1736 1016 1781 creat
1029 1729 1301 1795 Senatores]
1335 1731 1601 1790 Romulus,
1675 1737 1794 1793 ret3
1838 1745 1902 1781 an
1942 1732 2058 1797 quia
2105 1732 2195 1781 soli
2243 1734 2428 1780 centum
2463 1735 2621 1792 erant,
2657 1731 2742 1793 qui

544 1812 604 1856 ut
624 1814 799 1857 essent
831 1809 1132 1873 quibuscum
1155 1810 1337 1872 Remp.
1360 1808 1600 1859 adminis-

544 1889 731 1945 traret,
751 1891 955 1933 centum
990 1885 1126 1934 viros
1146 1885 1306 1948 elegit
1329 1899 1395 1933 ex
1416 1885 1599 1934 ordine

543 1957 908 2017 Patriciorum,
945 1962 1038 2013 lise
1074 1964 1307 2014 ratione:
1344 1965 1509 2028 primo
1532 1979 1599 2013 ex

544 2035 782 2086 omnibus
826 2050 981 2086 unum
1036 2039 1355 2104 proecipuum
1400 2041 1601 2104 selegit,

545 2112 629 2159 cui
651 2126 820 2161 rernm
858 2113 1167 2164 urbanarum
1199 2117 1428 2179 regimen
1459 2132 1595 2168 com-

543 2187 1009 2252 mitteret,quoties
1033 2190 1145 2254 ipse
1165 2191 1385 2241 duceret
1401 2193 1600 2242 exerci-

542 2255 655 2313 tum
693 2278 707 2312 ε
750 2263 938 2313 deinde
978 2264 1042 2315 ab
1098 2269 1401 2332 unaquaque
1443 2269 1598 2318 trium

542 2338 767 2389 tribuum
792 2339 950 2402 jussit
980 2348 1084 2390 tres
1117 2343 1256 2406 eligi,
1287 2343 1373 2407 qui
1395 2346 1601 2408 sapien-

539 2416 613 2468 tia
643 2413 910 2482 et'genere
934 2421 1325 2484 precellerent:
1363 2429 1482 2487 post
1504 2421 1598 2473 hos

537 2490 807 2544 'mandavit
830 2495 1045 2559 triginta
1069 2497 1242 2561 curiis,
1269 2505 1328 2548 ut
1348 2499 1599 2564 quaelibet

538 2576 714 2621 ternos
751 2572 971 2622 maxime
997 2572 1212 2623 idoneos
1236 2574 1455 2639 legeret.
1524 2575 1597 2625 Hi

536 2646 824 2711 nonaginta
865 2649 1088 2711 promoti
1120 2651 1378 2701 curiarum
1418 2650 1599 2701 suffra-

538 2721 657 2785 giis,
692 2723 756 2772 ad
779 2738 961 2773 novem
985 2739 1018 2776 a
1042 2725 1276 2775 tribubus
1309 2729 1597 2776 nominatos

540 2797 723 2862 additi,
745 2813 861 2848 cum
899 2799 1171 2863 praefecto,
1203 2817 1299 2866 per
1321 2802 1595 2852 Romulum

540 2871 1078 2934 dicto,centenarium
1112 2892 1381 2927 numerum
1417 2881 1596 2943 exple-

541 2957 756 2999 verunt:
781 2951 851 3000 ita
874 2951 1087 3016 Dionys.
1104 2953 1190 3002 lib.
1205 2967 1269 3001 ιι.
1321 2954 1440 3003 Hoc
1459 2955 1596 3005 Con-

541 3025 800 3075 slstorium
824 3026 1053 3076 Senatum
1079 3027 1300 3078 Romani
1329 3038 1599 3089 vocarunt,

540 3103 780 3165 exemplo
833 3101 1156 3167 Graecomm,
1208 3106 1294 3169 qui
1347 3106 1595 3170 ejusmodi

539 3175 758 3226 concilia
777 3176 1022 3239 γερουσίας
1053 3181 1348 3242 appellant:
1385 3183 1594 3246 utrique

538 3267 570 3301 a
592 3253 760 3313 senili,
789 3253 895 3301 sive
921 3260 1097 3317 aetate,
1121 3255 1231 3303 sive
1256 3256 1548 3319 prudentia.

600 3337 620 3361 ⁸
656 3329 783 3384 Quia
819 3328 908 3378 soli
943 3335 1129 3378 centum
1166 3332 1326 3395 erant]
1373 3332 1594 3382 Contro-

537 3408 756 3456 versiam
784 3407 867 3455 hic
900 3407 1038 3455 inter
1076 3407 1274 3457 Livium
1300 3415 1354 3457 et
1375 3409 1594 3474 Dionys.

538 3483 766 3535 advertit
805 3482 1134 3534 Robortellus
1181 3483 1403 3548 aliique3
1448 3487 1591 3549 quasi

538 3560 733 3610 Noster
754 3559 948 3610 dixerit
985 3565 1191 3609 centnm
1214 3560 1467 3610 duntaxat
1489 3562 1593 3610 Pa·

534 3637 729 3698 tricios,
773 3635 1084 3699 eosdemque
1114 3636 1390 3687 Senatores
1424 3653 1452 3686 a
1494 3639 1594 3687 Ro·

534 3716 673 3763 mulo
696 3711 900 3774 factos;
942 3713 1160 3776 Dionys.
1202 3721 1407 3764 centum
1434 3714 1593 3764 Sena-

536 3795 677 3838 tores
693 3803 723 3837 e
748 3788 895 3851 longe
929 3789 1109 3851 majori
1129 3789 1475 3840 Patriciorum
1498 3805 1591 3840 nu·

534 3878 679 3913 mero
703 3870 925 3914 creatos.
987 3864 1059 3914 Et
1082 3865 1176 3914 hoc
1188 3864 1394 3930 quidem
1416 3874 1591 3929 poste-

532 3939 640 3988 rius
680 3939 854 4002 negari
891 3953 993 3988 non
1022 3947 1216 4003 potest.
1282 3939 1385 3989 Sed
1412 3941 1588 3990 Livius

531 4014 816 4064 centenarii
854 4015 1158 4065 Senatorum
1195 4017 1392 4066 numeri
1429 4019 1587 4068 ratio-

531 4105 649 4141 nem
673 4091 748 4141 ita
771 4089 959 4153 reddit,
996 4099 1054 4141 ut
1077 4091 1281 4142 dubitet
1301 4107 1365 4141 sn
1390 4091 1587 4143 idcirco

530 4182 633 4217 non
670 4167 837 4231 plnres
873 4166 973 4216 dici
1013 4168 1290 4230 placuerit,
1327 4168 1460 4233 quod
1500 4170 1587 4220 ille

532 4258 774 4296 numerus
813 4254 986 4309 parvae
1022 4249 1130 4292 tum
1162 4244 1363 4295 civitati
1386 4242 1589 4296 suffice·

1672 1809 1826 1859 creari
1861 1815 2019 1872 patres
2049 1813 2260 1872 possent,
2292 1806 2345 1855 id
2385 1813 2485 1863 est,
2509 1807 2599 1871 qui
2623 1819 2742 1869 pos·

1673 1893 1792 1936 sent
1834 1886 1956 1950 eligi
1987 1884 2283 1940 Senatores,
2317 1897 2486 1946 eoque
2519 1895 2740 1931 munere

1673 1961 1818 2027 fungi
1839 1976 1954 2011 cum
1979 1961 2266 2026 dignitatet
2302 1958 2412 2008 sive
2437 1957 2599 2022 qnod,
2620 1970 2741 2007 cum

1654 2038 1906 2101 placeret
1928 2050 2025 2086 eos
2049 2045 2248 2086 tantum
2279 2034 2463 2085 ascisci
2497 2034 2551 2082 in
2576 2034 2744 2083 Sena-

1672 2121 1800 2171 tum,
1840 2115 1927 2179 qui
1973 2113 2191 2178 legitimi
2230 2118 2424 2176 patres,
2463 2118 2519 2160 et
2557 2109 2740 2160 liberis

1671 2190 1815 2239 velut
1860 2189 2162 2239 certissimis
2203 2187 2504 2252 pignoribus
2549 2188 2739 2251 patria

1673 2264 1901 2315 devincti
1945 2276 2153 2325 esseut;
2190 2279 2290 2313 non
2326 2265 2498 2327 plures
2531 2269 2640 2312 tum
2671 2278 2739 2314 ex

1671 2341 2017 2392 Patriciornm
2061 2354 2272 2390 numero
2319 2340 2740 2403 reperiebantur,

1673 2420 1758 2486 qui
1781 2418 1912 2471 tilios
1948 2418 2200 2469 haberent
2226 2417 2384 2483 justis
2407 2416 2601 2481 nuptiis
2624 2431 2740 2482 pro·

1673 2505 1896 2546 creatos.
1963 2497 2043 2545 Ex
2078 2511 2179 2559 quo
2220 2510 2321 2544 non
2355 2496 2529 2544 statim
2555 2494 2739 2559 sequi·

1673 2579 1758 2623 tur
1777 2578 1985 2623 centnm
2006 2570 2260 2621 duntaxat
2276 2570 2436 2620 fnisse
2456 2570 2741 2619 Patricios.

1670 2650 1806 2700 Nam
1832 2649 1968 2714 quod
1987 2647 2271 2713 subjungit,
2296 2647 2598 2710 Putriciique
2629 2661 2742 2713 pro·

1666 2725 1833 2787 genies
1864 2739 2020 2774 eorum
2051 2724 2293 2787 appellati,
2315 2737 2415 2772 non
2440 2730 2623 2785 aperte
2647 2736 2739 2772 ne·

1670 2813 1759 2866 gat
1794 2803 1920 2852 alios
1946 2802 2042 2851 sub
2067 2803 2180 2851 baec
2204 2801 2352 2850 initia
2372 2800 2535 2850 fuisse
2560 2801 2737 2850 Patri·

1670 2880 1804 2941 cios3
1844 2879 1932 2929 sed
1965 2879 2018 2927 id
2052 2885 2251 2927 tantum
2287 2876 2528 2943 affirmat,
2558 2877 2738 2925 Patri·

1671 2957 1865 3005 ciorum
1898 2968 2083 3004 nomen
2119 2970 2212 3018 per
2232 2955 2469 3015 Patrum,
2505 2953 2618 3003 sive
2644 2953 2736 3003 Se-

1668 3041 1924 3093 natorum,
1947 3030 2137 3079 liberos
2164 3037 2521 3094 propagatum.

1734 3110 1752 3141 ⁸
1784 3109 1957 3158 Patres
1978 3107 2039 3155 ab
2061 3105 2253 3169 honore]
2287 3109 2421 3158 Quae
2442 3121 2612 3156 cansae
2637 3107 2729 3156 Se-

1668 3191 1822 3233 natus
1862 3191 1917 3232 et
1948 3184 2272 3242 Senatorum,
2309 3182 2506 3232 eaedem
2541 3190 2597 3232 et
2632 3183 2734 3231 Pa-

1667 3266 1796 3310 trum
1835 3259 2051 3308 nominis
2082 3258 2314 3307 fuerunt.
2395 3257 2532 3307 Vide
2569 3257 2733 3321 inpri-

1668 3334 1767 3383 mis
1787 3335 1928 3385 Plut.
1953 3335 2003 3382 in
2027 3333 2268 3381 Romulo.

1730 3418 1756 3444 ¹¹
1790 3410 2088 3474 Patriciique
2106 3407 2357 3473 progenies
2375 3405 2560 3471 eorum]
2616 3407 2730 3457 Tri·

1669 3494 1780 3538 tum
1822 3494 1903 3536 est
1937 3486 2195 3535 Patricios
2230 3498 2297 3533 ex
2325 3497 2388 3532 eo
2421 3483 2731 3548 appellatos,

1674 3563 1808 3629 quod
1849 3563 2062 3611 Patrem
2098 3561 2236 3610 ciere
2276 3565 2505 3623 possent,
2539 3558 2592 3608 id
2631 3568 2732 3615 est,

1671 3654 1787 3690 cum
1831 3640 2021 3688 honore
2060 3638 2325 3701 appellare
2360 3643 2517 3699 atque
2553 3646 2729 3686 osten·

1672 3716 1826 3764 dere:
1854 3714 1990 3780 quod
2014 3713 2223 3779 quidem
2247 3714 2299 3762 in
2318 3712 2586 3776 convenis,
2619 3713 2729 3778 qui·

1671 3791 1766 3840 bus
1809 3791 1994 3840 civitas
2045 3799 2169 3839 tunc
2213 3789 2508 3852 constabat,
2562 3790 2726 3839 minus

1671 3866 1825 3916 facile
1848 3865 2007 3916 factu.
2075 3864 2138 3914 Id
2175 3863 2295 3914 inde
2332 3864 2629 3914 confirmari
2658 3865 2728 3916 vi·

1667 3941 1841 4005 detur,
1883 3942 2018 4006 quod
2057 3957 2175 3992 cum
2206 3956 2238 3989 a
2270 3942 2478 4004 regibus
2506 3938 2728 3991 Patricii

1669 4025 1992 4081 vocarentur,
2034 4017 2217 4067 Praeco
2251 4031 2506 4082 quemque
2540 4021 2635 4067 suo
2664 4032 2724 4069 ac

1668 4101 1887 4157 paterno
1943 4093 2150 4142 nomine
2206 4091 2445 4142 vocabat.
2531 4094 2723 4143 Verum

1666 4171 1797 4219 hanc
1822 4169 2037 4219 nominis
2059 4168 2305 4231 originem
2329 4166 2585 4218 invidiose
2604 4183 2722 4220 con·

1667 4245 1844 4297 fictam
1900 4250 2053 4309 putat
2103 4245 2324 4308 Dionys.
2370 4257 2540 4309 eoque
2585 4242 2720 4294 forte
