3034 4925
1023 402 1167 451 mn.
1216 401 1334 453 ιιι.
1384 403 1546 460 ost.
1589 387 1699 453 42.
2340 383 2475 455 623

269 541 428 611 olim
459 542 643 610 domi
670 543 1091 629 militiaeque,
1120 545 1621 612 decemviratus
1650 545 2067 632 collegaeque
2108 548 2208 614 ita
2249 554 2474 614 muta-

266 656 530 725 verant,
557 655 630 714 ut
658 647 897 738 Appii,
929 669 1129 731 quam
1158 651 1285 727 sui,
1316 650 1552 716 similis
1591 649 1824 716 mallet
1853 671 2023 716 esse.
2094 650 2302 717 -Hnic
2327 651 2470 717 bel-

263 750 411 815 lum
454 752 521 816 in
567 751 861 827 Sabinis,
909 749 1026 816 Μ’.
1057 752 1392 819 Rabuleio
1418 758 1487 819 et
1516 752 1606 832 Q.
1641 751 1974 819 Poetelio³
2029 751 2280 819 additis
2328 756 2469 819 col-

262 852 463 935 legis,
512 854 927 919 mandatum.
1012 854 1119 922 Μ.
1151 855 1501 922 Cornelius
1544 856 1627 921 in·
1659 855 1976 937 Algidum
2027 857 2281 923 missus
2310 863 2466 925 cum

259 953 351 1019 L.
401 954 709 1021 Minucio
754 965 823 1022 et
863 956 948 1021 Τ.
991 956 1295 1025 Antonio
1357 966 1429 1024 et
1491 957 1586 1025 K.
1633 958 1868 1023 Duilio
1933 964 2006 1024 et
2051 957 2153 1022 M.
2198 958 2469 1043 Sergiot

256 1056 388 1140 Sp.
434 1057 736 1143 Oppium
780 1059 920 1143 Ap.
960 1057 1249 1126 Claudio
1295 1060 1664 1146 adjutorem
1710 1061 1796 1126 ad
1843 1062 2074 1127 urbem
2119 1061 2466 1141 tuendam,

255 1175 465 1244 aequo
494 1162 784 1226 omnium
804 1161 1330 1229 decemvirorum
1357 1164 1664 1248 imperio,
1692 1162 2075 1229 decernunt.

352 1264 461 1327 42.
507 1262 741 1330 Nihilo
770 1264 1054 1343 militiae,
1101 1285 1306 1350 quam
1350 1266 1559 1345 domi,
1602 1264 1844 1331 melius
1884 1285 1991 1331 res
2035 1264 2312 1351 publica
2342 1266 2465 1332 ad-

253 1364 642 1434 ministrata
702 1373 831 1432 est.
919 1367 1053 1433 Illa
1103 1368 1303 1434 modo
1366 1369 1433 1435 in
1499 1368 1793 1436 ducibus
1853 1372 2081 1454 culpa,
2130 1369 2338 1453 quod,
2390 1374 2465 1434 ut

255 1466 423 1533 odio
466 1477 697 1536 essent
741 1470 1034 1548 civibuS,
1079 1471 1395 1538 fecerant.
1480 1471 1647 1539 Alia
1695 1475 1916 1539 omnis
1961 1492 2166 1558 penes
2208 1473 2461 1538 milites

249 1587 446 1636 noxa
489 1580 666 1639 erat:
711 1574 850 1658 qui,
902 1593 987 1642 ue
1028 1574 1190 1658 quid
1251 1574 1463 1641 ductu
1508 1583 1719 1661 atque
1763 1573 2083 1660 auspicio·
2123 1574 2463 1642 decemvi-

249 1689 485 1740 rorum
514 1693 836 1761 prospere
866 1693 1157 1761 usquam
1184 1681 1542 1758 gereretur,
1572 1677 1754 1744 vinci
1782 1698 1858 1742 se
1884 1698 2006 1761 per
2032 1696 2224 1743 suum
2255 1683 2465 1760 atque

249 1774 524 1842 illorum
565 1775 863 1844 dedecus
893 1779 1335 1863 patiebantur.
1432 1779 1592 1845 Fosi
1630 1785 1697 1846 et
1739 1782 1828 1845 ab
1859 1780 2134 1847 Sabinis
2177 1779 2266 1845 ad
2297 1778 2464 1845 Ere-

250 1884 425 1957 tum,
454 1881 613 1946 etin
639 1880 886 1964 Algido
910 1882 998 1945 ab
1024 1880 1295 1965 AEqnis‚
1324 1882 1662 1947 exercitus
1684 1888 1889 1947 erant.
1964 1880 2075 1946 Ab
2107 1880 2310 1947 Ereto
2342 1877 2463 1965 pet.

251 1981 590 2049 silentium
655 1985 879 2049 noctis
950 1984 1242 2067 profugi,
1307 1985 1579 2068 propius
1628 1984 1884 2062 urbem,
1943 1985 2116 2048 inter
2164 1983 2459 2048 Fidenas

255 2082 946 2173 Crustumeriamque,
983 2088 1137 2152 loco
1168 2087 1349 2152 edito
1392 2092 1618 2151 castra
1660 2085 2206 2150 communierant.
2295 2084 2460 2150 Per-

253 2189 514 2254 secutis
542 2188 853 2256 hostibus
877 2209 1211 2275 nusquam
1231 2209 1307 2256 se
1328 2208 1530 2274 aequo
1550 2188 1909 2253 certamine
1930 2187 2454 2267 committentes,

247 2296 489 2357 natura
537 2293 679 2359 loci
723 2314 805 2359 ac
851 2283 1057 2372 vallo,
1107 2313 1239 2359 nou
1288 2294 1540 2359 virtute
1588 2296 1704 2358 aut
1753 2291 1982 2369 armis,
2042 2290 2456 2356 tutabantur.

251 2393 487 2480 Majus
532 2393 854 2480 flagitium
906 2397 974 2461 in
1013 2394 1288 2479 Algido,
1340 2394 1556 2480 major
1603 2394 1802 2460 etiam
1853 2390 2084 2457 clades
2132 2398 2454 2476 acceptat

248 2507 478 2566 castra
523 2518 791 2584 quoque
838 2499 1090 2564 amissa
1141 2504 1374 2580 erant3
1419 2506 1806 2582 exutusque
1845 2497 2156 2561 omnibus
2196 2494 2454 2567 utensi-

246 2601 430 2666 libus
480 2602 698 2679 miles,
757 2601 1130 2667 Tusculum
1191 2621 1287 2682 se,
1338 2600 1470 2666 fide
1516 2599 2104 2682 misericordiaque
2152 2598 2455 2663 victurus

245 2703 619 2789 hospitum,
637 2709 823 2791 (quae
843 2708 1110 2772 tamen4
1136 2725 1273 2770 non
1295 2699 1697 2784 fefellerunt)
1720 2701 2109 2767 contulerat.
2157 2698 2451 2766 Romam

247 2810 420 2872 tanti
451 2816 643 2874 eraut
660 2816 685 2857 ⁵
718 2817 1004 2876 terrores
1029 2809 1248 2889 allati,
1270 2815 1367 2892 ut,
1396 2808 1624 2895 posito
1643 2806 1793 2891 jam
1815 2803 2241 2871 decemvirali
2265 2801 2453 2880 odio,

247 2908 493 2976 Patres
538 2911 808 2994 vigilias
853 2912 924 2977 in
971 2912 1138 2977 urbe
1180 2911 1533 2978 habendas
1583 2913 1973 2975 censerent:
2021 2924 2280 2984 omnes,
2333 2903 2451 2988 qui

242 3030 367 3097 per
416 3019 682 3078 aetatem
733 3032 919 3079 arma
958 3014 1123 3080 ferre
1165 3020 1465 3101 possent,
1512 3011 1854 3095 custodire
1882 3011 2153 3088 moenia,
2203 3027 2284 3073 ac
2323 3024 2448 3091 pro

243 3116 461 3199 portis
507 3118 836 3184 stationes
888 3135 1083 3200 agere
1121 3115 1467 3200 juberent:
1511 3108 1697 3182 amia
1734 3114 2107 3180 Tusculum
2152 3108 2241 3176 ad
2283 3128 2445 3193 sup·

243 3215 650 3299 plementum
682 3216 1207 3300 decernerent,⁶¹‘
1256 3219 1830 3304 decemvirosque,
1861 3217 1948 3282 ab
1977 3235 2129 3282 arce
2158 3211 2445 3280 Tusculi

1160 3397 1458 3420 ‘NOOnm
1461 3396 1521 3419 υ

240 3529 353 3567 vum
372 3514 495 3565 dant
520 3514 752 3567 Gronov.
772 3518 992 3582 Doujat.
1014 3518 1246 3568 Crevier.
1270 3515 1395 3566 vid.
1418 3514 1549 3565 Not.
1573 3514 1792 3564 Van—8
1825 3509 1911 3559 Al.
1934 3508 2149 3560 Poetilio.

309 3583 341 3631 4
378 3581 475 3638 Qui
495 3588 596 3633 tum
619 3582 755 3633 Edd.
779 3584 1010 3647 asigou.
1033 3582 1100 3632 ad
1123 3581 1384 3637 Dalm—6
1416 3577 1482 3629 'rb
1511 3583 1651 3630 erant
1670 3577 1773 3628 del.
1811 3576 2041 3626 Gronov.
2073 3571 2284 3636 Doujat.
2312 3571 2443 3623 Cre-

1229 3725 1448 3782 Now

238 3825 329 3876 lud
351 3827 509 3876 minuc
538 3841 640 3878 non
675 3826 904 3880 refertur
933 3826 1001 3878 ad
1039 3828 1302 3892 posterius
1380 3828 1446 3878 cd
1463 3827 1873 3891 supplementum
1932 3819 2090 3883 Legit
2105 3816 2283 3880 itaque
2304 3829 2446 3867 arm

235 3902 339 3953 hoc
372 3903 698 3967 vocabulum,
730 3903 823 3954 sed
864 3902 932 3954 ad
968 3918 1157 3955 nomen
1191 3918 1304 3953 con·-
1386 3904 1635 3954 staulam
1664 3916 1722 3951 uc
1757 3900 2154 3964 onpplementum:
2191 3901 2248 3944 et
2285 3894 2439 3944 intel-

238 3984 395 4031 8211880
1380 3982 1483 4047 lige
1505 3993 1641 4030 uma
1661 3978 1777 4040 ilus,
1809 3976 1896 4042 qui
1934 3988 1996 4026 ea
2023 3975 2074 4024 in
2099 3970 2221 4037 fug·
2242 3972 2441 4022 ernisius

301 4053 327 4088 ¹¹
358 4055 514 4109 Ama
552 4055 804 4106 menum
836 4058 901 4106 ud
929 4057 1301 4120 mppknmm
1379 4066 1517 4117 sent,
1557 4057 1925 4122 supplementum
1961 4052 2015 4102 in
2069 4052 2235 4101 locum
2277 4065 2439 4100 caeso·

231 4128 562 4197 demerem]
611 4134 800 4192 Recte,
820 4134 876 4184 ni
897 4133 1072 4200 fallor,
1094 4134 1302 4186 Grono·
1380 4151 1493 4188 rum
1513 4152 1529 4185 ε
1564 4135 1652 4185 aes
1676 4147 1878 4183 reon-ues-
1946 4130 2033 4182 Ita
2063 4144 2120 4180 se
2144 4142 2252 4180 rem
2273 4128 2435 4179 habu·

233 4205 352 4256 vius
374 4207 617 4260 emendat
637 4209 740 4259 levi
765 4211 916 4260 unius
938 4209 1104 4260 literae
1134 4218 1302 4266 muta·
1378 4212 1481 4265 ine
1499 4210 1683 4264 scribit
1703 4209 1998 4275 Dionysius.

236 4280 399 4334 tiene.
466 4284 604 4336 Quid
627 4285 764 4337 enim
786 4291 866 4336 est
886 4300 1021 4336 arma
1053 4287 1299 4338 decernere
