3034 4925
1074 386 1219 437 Lis.
1269 388 1317 435 1.
1364 387 1531 437 osv.
1577 372 1646 436 5.
2333 370 2462 438 185

273 552 408 617 que
432 533 821 599 lasciviam¹
859 537 1241 613 'currerent3
1297 552 1496 617 quem
1541 531 1834 598 Romani
1872 532 2110 598 deinde
2139 539 2464 600 vocarunt

272 634 576 700 Inuum.r
625 636 812 701 Huic
831 636 1080 701 deditis
1098 633 1416 715 ludici-Q*
1433 644 1458 671 ⁸
1480 655 1634 700 cum
1663 635 1939 701 solenne
1966 642 2236 702 notum*⁸
2264 643 2481 718 esset,

271 740 635 807 insidiatos
682 744 772 807 ob
801 742 965 806 iram
995 740 1243 824 praedae
1274 742 1546 807 amissae
1594 740 1915 817 latroneS,
1952 759 2107 805 cum
2137 740 2464 805 Romulus

270 842 345 906 vi
370 862 448 907 se
477 842 903 920 defendisset,
927 841 1218 908 Remum
1249 842 1509 926 cepisse
1530 863 1549 924 ;
1581 848 1855 926 captum
1883 843 2024 925 regi
2047 842 2319 907 Amulio
2339 850 2469 907 tra-

273 943 556 1021 didisse,
584 944 760 1009 ultro
781 942 1223 1009 accusantes.b
1309 943 1588 1008 Crimini
1616 945 1909 1010 maxime
1937 946 2204 1023 dabant,
2233 946 2302 1010 in
2325 945 2470 1010 Nu-

271 1047 770 1129 mitoris-agros
799 1047 885 1111 ab
912 1046 1020 1110 his
1047 1047 1361 1130 impetum
1380 1045 1580 1138 fieri:
1627 1045 1780 1110 inde
1811 1066 1951 1122 eoS,
1979 1048 2263 1113 collecta
2278 1048 2467 1131 juve-

273 1168 440 1213 num
464 1169 686 1226 manu,
706 1149 1010 1213 hostilem
1034 1149 1101 1212 in
1119 1148 1392 1214 modum
1410 1148 1678 1233 praedas
1702 1168 1923 1230 agere.
1985 1149 2101 1214 Sic
2135 1149 2474 1216 Numitori

275 1251 364 1314 ad
390 1252 797 1335 supplicium
826 1252 1077 1317 Remus
1101 1251 1379 1317 deditur.
1465 1250 1507 1315 J
1515 1271 1625 1316 am
1644 1251 1797 1315 inde
1815 1253 1902 1316 ab
1931 1251 2121 1317 initio
2146 1252 2475 1318 Faustulo

275 1373 443 1437 spes
472 1354 701 1432 fuerat,
724 1357 969 1438 regiam
992 1355 1270 1438 stirpem
1302 1354 1486 1437 apud
1513 1375 1587 1419 se
1613 1353 1879 1419 educari
1900 1354 1964 1436 ς]
1986 1374 2142 1419 nam
2171 1362 2242 1419 et
2269 1374 2474 1438 expo-

276 1457 455 1520 sitos
476 1455 676 1538 jussu
705 1459 879 1540 regis
909 1458 1203 1523 infantes
1243 1458 1520 1535 sciebat,
1571 1465 1640 1522 et
1681 1464 1973 1542 tempuS,
2001 1477 2143 1542 quo,
2182 1459 2328 1542 ipse
2357 1475 2475 1521 eos

274 1558 690 1637 sustulisset,
737 1560 821 1624 ad
860 1560 930 1624 id
969 1561 1191 1645 ipsum
1235 1579 1591 1643 congruere
1615 1582 1633 1641 ς
1683 1561 1805 1625 sed
1854 1579 1994 1625 rem
2038 1560 2479 1634 immaturam,

272 1659 413 1723 nisi
443 1666 557 1725 aut
585 1681 705 1745 per
733 1663 1180 1740 occasionem,
1210 1670 1326 1729 aut
1351 1682 1470 1746 per
1491 1664 1990 1742 necessitatem,
2018 1664 2266 1747 aperiri
2289 1662 2480 1727 nolu»

333 1861 375 1904 s
398 1862 718 1927 Suspicionem
740 1866 1000 1932 Bastulus
1020 1867 1250 1918 habuerat
1269 1866 1460 1918 edum
1479 1867 1609 1916 doni
1626 1881 1729 1917 suae
1748 1868 1958 1929 regalem
1976 1867 2265 1931 progeniem.

1276 2032 1493 2083 NOTAE

171 2133 176 2136 ’
278 2123 605 2188 primordiis,
639 2125 703 2174 sd
729 2123 921 2177 Amulii
960 2141 1140 2178 necem
1173 2140 1349 2178 nume·
1428 2130 1480 2177 in
1506 2126 1662 2177 Italia
1686 2127 2019 2192 agnoscebat,
2049 2142 2202 2194 quam
2234 2127 2370 2192 quod
2408 2134 2489 2178 est

280 2206 497 2250 rentur.

349 2284 380 2309 ¹
415 2276 519 2330 Per
560 2278 710 2327 lusum
751 2288 893 2344 atque
933 2279 1200 2342 lasciviam]
1266 2279 1355 2330 Ita

281 2354 511 2416 corrigit
533 2354 855 2405 Gronovius:
892 2356 1014 2406 alias
1046 2371 1133 2419 per
1171 2358 1353 2417 luxum,

283 2443 593 2494 perperam,
620 2431 719 2481 nisi
757 2434 920 2481 lttxum
955 2432 1064 2482 sive
1101 2433 1353 2482 luxuriam

1428 2206 1479 2254 in
1506 2205 1734 2254 Etruria.

1492 2280 1524 2310 '⁵
1561 2281 1699 2331 Ante
1718 2280 1851 2331 Urb.
1875 2280 2029 2331 cond.
2054 2294 2137 2332 un.
2158 2285 2209 2330 2.

1491 2366 1510 2390 ¹
1546 2357 1776 2421 Ludicro]
1811 2357 2062 2407 Solennes
2088 2357 2237 2406 ludos
2260 2362 2316 2404 et
2339 2368 2487 2418 spec-

1430 2434 1598 2484 tacula
1645 2433 1839 2483 Noster
1876 2433 2060 2483 ludicra
2097 2444 2287 2481 vocare
2333 2436 2488 2480 amst-

284 2522 391 2571 pro
434 2507 642 2557 lascivis
686 2523 873 2559 sumas.
959 2509 1168 2574 Alioqui
1219 2510 1354 2559 enim
1428 2509 1517 2558 Sic
1551 2509 1782 2559 Velleius
1805 2508 1900 2559 lib.
1924 2522 1962 2558 r.
2002 2507 2148 2557 ludos
2182 2507 2488 2571 olympicos

285 2585 412 2647 quis
436 2597 550 2632 esse
587 2585 756 2647 potnit
792 2588 936 2635 luxus
966 2587 1017 2634 in
1056 2586 1134 2635 bis
1162 2587 1356 2650 Luper-

284 2673 471 2709 corum
512 2660 686 2710 Psnos
722 2661 1045 2712 sacerdotum
1081 2662 1234 2723 ludis,
1268 2662 1355 2726 qui

286 2749 458 2797 cupra
500 2741 554 2784 et
599 2750 730 2786 esne
774 2753 925 2788 sacra
978 2737 1249 2798 facerent3
1303 2744 1360 2788 et

285 2809 421 2859 nudi
446 2816 539 2860 sut
561 2813 778 2874 pellibus
803 2820 1006 2864 tantum
1029 2814 1257 2877 caprinis
1273 2829 1357 2863 ac-

286 2887 459 2937 cincti
484 2887 818 2940 saltitarent?
883 2891 1232 2955 Lupercorum
1269 2906 1357 2940 au·

290 2972 403 3014 tem
439 2963 641 3014 illorum
677 2967 1084 3030 antiquissimum
1116 2966 1357 3016 sacerdo-

287 3043 451 3100 tium,
473 3040 690 3103 tardins,
711 3057 809 3092 nec
832 3045 926 3093 nisi
950 3042 1229 3093 Anastasio
1258 3043 1361 3092 Im·

288 3126 542 3181 peratore
566 3132 627 3166 ac
659 3119 983 3168 Theoderico
1023 3120 1189 3168 Italiae
1214 3134 1361 3184 rege,

291 3197 483 3245 Romae
509 3196 766 3245 sublatum
790 3205 889 3247 est.

362 3279 388 3313 5
429 3270 666 3320 Vocarium
706 3272 902 3336 Inuum]
937 3274 1049 3323 Pan
1087 3275 1256 3324 ovium
1281 3289 1361 3325 ur-

294 3354 698 3412 mentorumque
728 3356 903 3399 custos
924 3365 955 3400 s
988 3351 1180 3400 Latinis
1218 3351 1364 3401 lum

297 3424 498 3484 dictus,
521 3425 603 3473 vel
627 3424 796 3489 Inuus,
829 3425 894 3476 sb
918 3428 1108 3490 eundo,
1142 3441 1234 3476 seu
1255 3428 1364 3477 ine·

296 3501 464 3561 undo,
484 3500 632 3564 quusi
656 3502 744 3565 qui
769 3503 957 3565 passim
990 3505 1092 3553 iret
1120 3517 1234 3552 cum
1258 3519 1364 3553 om·

297 3577 457 3628 nibus
491 3577 818 3640 animalibus,
854 3587 912 3628 ut
937 3580 1162 3630 -Servius
1201 3588 1366 3631 notat.

301 3654 425 3705 Nec
450 3653 650 3709 mirum,
680 3668 796 3704 cum
827 3656 1163 3705 Ethnicorum
1200 3657 1367 3706 Theo-

300 3729 448 3792 logia
472 3722 638 3792 Pana,
658 3744 722 3779 ex
748 3731 909 3794 ipsius
940 3732 1158 3782 nominis
1183 3733 1253 3794 vi,
1276 3747 1366 3782 na-

301 3814 443 3855 turae
506 3805 892 3855 universitatem
952 3807 1363 3870 interpretetur:

303 3890 390 3932 est
407 3881 551 3931 enim
569 3883 672 3930 Πᾶν
689 3896 860 3946 omne,
875 3883 983 3932 sive
1007 3890 1190 3932 totum.
1225 3885 1366 3934 Deus

303 3967 481 4009 antem
503 3959 592 4008 ille
616 3960 807 4008 honore
828 3960 1092 4023 praecipuo
1107 3959 1369 4009 colebatur

305 4039 452 4100 apud
493 4037 737 4087 Castrum
771 4036 905 4093 Inui,
943 4036 1079 4102 quod
1118 4036 1367 4100 oppidum

305 4113 407 4164 fuit
447 4113 497 4162 in
541 4113 852 4164 Rutulorum
889 4113 1095 4174 fluibus,
1139 4114 1213 4162 uti
1252 4112 1371 4162 Clu-

308 4191 484 4240 verius
524 4190 866 4259 demoustrat,
907 4189 1087 4238 Servio
1122 4191 1369 4253 explos03

308 4269 397 4333 qui
425 4282 529 4316 non
553 4265 693 4315 aliud
712 4266 959 4329 oppidum
980 4265 1147 4325 Csstri
1170 4267 1373 4318 nomine

443 4347 622 4411 Delpk.
640 4352 691 4396 et
719 4348 840 4397 Ver.
855 4345 988 4396 Clas.

1431 2584 1618 2646 (ἰίιιίῐ,ι
1642 2584 1890 2634 ludicrum
1913 2582 2213 2634 certamen!
2468 2618 2473 2629 .

1495 2669 1523 2695 ⁸
1553 2661 1758 2711 Soleuue
1772 2658 1957 2723 notum]
1993 2659 2157 2709 Recte
2172 2659 2402 2723 quisquis
2418 2659 2492 2708 sic

1433 2737 1745 2794 emendavit,
1781 2752 1898 2787 cum
1921 2743 2076 2785 antea
2111 2736 2394 2799 legeretur,
2415 2749 2494 2783 eo·

1434 2819 1532 2863 tam
1568 2820 1722 2863 esset.-
1774 2820 1936 2876 recte,
1973 2812 2204 2876 inquam,
2245 2810 2492 2877 quicquid

1432 2891 1681 2941 reclamet
1700 2890 2055 2942 Robortellus.
2124 2889 2247 2939 Non
2265 2888 2400 2938 enim
2425 2901 2494 2936 ex

1435 2972 1558 3015 voto
1581 2965 1948 3023 celebrabatur
1970 2965 2069 3015 boc
2089 2965 2340 3014 ludicrum
2358 2981 2376 3025 ς
2398 2963 2494 3013 sed

1436 3056 1502 3091 ex
1525 3042 1720 3092 solenni
1746 3055 1919 3092 morer
1956 3039 2096 3089 uude
2129 3042 2354 3089 latrones
2376 3039 2498 3089 insi·

1436 3119 1629 3168 dicturi
1653 3120 1868 3181 geminis
1890 3117 2156 3182 fratribus,
2178 3124 2384 3179 tempus
2405 3130 2498 3166 uo·

1440 3204 1622 3244 versut
1644 3195 1782 3264 illius
1801 3194 2027 3244 solennis
2051 3193 2179 3257 ludi,
2196 3194 2279 3242 cui
2302 3191 2495 3242 fratres

1437 3272 1604 3321 dediti
1629 3279 1795 3322 erant.

1502 3347 1527 3381 δ
1565 3347 1705 3397 Ultro
1736 3345 2031 3408 accusantes]
2079 3346 2297 3408 Dionys.
2331 3343 2423 3393 lib.
2454 3357 2496 3394 1.

1439 3427 1537 3477 lioc
1569 3426 1709 3475 inter
1743 3426 1886 3489 ipsos
1925 3431 1981 3473 et
2016 3423 2305 3474 Numitoris
2328 3428 2498 3484 pasto-

1443 3517 1526 3552 res
1551 3503 1616 3550 de
1643 3500 1998 3551 communibus
2034 3498 2238 3562 pascuis
2265 3496 2498 3560 jurgium

1442 3593 1508 3628 ex
1551 3579 1838 3628 Numitoris
1872 3577 2032 3640 ipsius
2065 3574 2328 3624 sententia
2360 3571 2504 3621 exci-

1444 3661 1611 3704 tatum
1653 3653 1854 3708 scribit,
1897 3660 1959 3701 ut
2003 3658 2143 3700 esset
2192 3647 2501 3699 criminandi

1444 3732 1668 3792 initium,
1691 3737 1749 3779 et
1782 3727 2071 3792 pastoribus
2094 3726 2304 3775 daretur
2327 3724 2391 3774 ad
2414 3740 2500 3776 ur-

1447 3809 1562 3857 bem
1581 3806 1823 3855 veniendi
1848 3804 2086 3863 occasi03
2120 3816 2339 3866 cumque
2361 3801 2426 3852 de
2452 3803 2504 3852 vi

1448 3897 1627 3934 eorum
1650 3881 1787 3947 spud
1809 3881 2067 3931 Amulium
2092 3878 2339 3928 Numitor
2355 3893 2504 3944 quies-

1450 3968 1532 4010 tus
1553 3967 1712 4020 esset,
1735 3960 1819 4008 die
1853 3956 1996 4005 dicta
2029 3956 2092 4005 sd
2119 3969 2323 4005 causam
2348 3971 2505 4020 ngen-

1449 4035 1569 4085 dsm
1612 4036 1798 4085 multos
1840 4034 2172 4095 convenisse3
2226 4041 2332 4082 tum
2380 4048 2501 4083 vero

1448 4122 1599 4164 evum
1611 4115 1881 4178 juvenum,
1915 4113 2199 4163 denarratis
2219 4127 2394 4163 eorum
2418 4126 2502 4160 ca-

1449 4190 1606 4252 sibus,
1627 4190 1952 4239 adhortatum
1976 4199 2032 4242 ut
2048 4189 2289 4241 vindicte
2313 4188 2503 4238 occasi-

1454 4280 1604 4316 onem
1628 4266 1933 4331 arriperent.

1327 4347 1513 4398 Livius.
2329 4345 2378 4394 R
