3034 4925
1117 399 1217 447 nn
1260 399 1434 451 rivo
1482 402 1714 453 mvlo.
2414 400 2504 463 45

987 622 1327 690 Eusebius
1368 625 1441 689 in
1482 623 1835 694 Chronico.

401 769 510 837 Ea
558 791 713 857 quse
761 770 846 837 de
894 770 1205 848 Catilina,
1236 768 1558 855 Cethego,
1600 772 1916 856 Lentulo,
1961 780 2031 843 et
2077 763 2355 844 consule
2384 780 2498 846 Ci-

316 890 584 953 cerone,
624 872 979 940 Sallustius
1018 872 1273 951 scribit,
1299 877 1367 938 et
1414 873 1674 955 Livius,
1714 877 1845 944 hoc
1890 885 2080 962 gesta
2128 888 2289 948 sunt
2333 888 2498 949 tem·

314 991 502 1056 pore.

1298 1127 1510 1193 Idem.

400 1244 707 1311 Messala
734 1243 1066 1310 Corvinus
1095 1251 1318 1312 orator
1361 1248 1685 1328 nascitur,
1732 1255 1805 1314 et
1840 1250 1927 1316 T.
1959 1251 2196 1320 uvius·
2219 1253 2498 1321 Patavi·

316 1366 445 1414 nus
475 1347 762 1440 scriptor
787 1345 1172 1413 historicus.

1301 1542 1514 1609 Idem.

397 1669 637 1738 Livius
665 1673 1055 1742 Historicus
1084 1676 1355 1744 Patavii
1383 1678 1683 1744 moritur.

592 1890 684 1957 D.
729 1890 1184 1976 Hieronymus
1226 1893 1297 1958 in
1341 1893 1682 1962 Prooemio
1728 1897 1797 1962 in
1841 1898 2219 1966 Danielem.

394 2037 510 2104 Ad
565 2041 1024 2126 intelligendas
1080 2053 1419 2112 extremas
1469 2056 1705 2131 partes
1768 2049 2097 2129 Danielis,
2140 2047 2496 2133 multiplex

307 2143 592 2210 historia
621 2143 1011 2211 Graecorum
1038 2150 1422 2214 necessaria
1455 2159 1587 2229 est,
1614 2154 1737 2219 Sto.
1780 2152 2260 2235 praecipueque
2287 2152 2501 2215 nostri

310 2245 506 2322 Livii,
538 2253 611 2311 et
639 2245 953 2333 Pompeii
980 2248 1213 2332 Trogi,
1246 2255 1445 2335 atque
1473 2251 1774 2337 Justini3
1818 2254 1937 2337 qui
1976 2273 2239 2319 omnem
2279 2260 2497 2317 extre-

309 2369 441 2417 mae
474 2350 755 2416 visionis
797 2358 1066 2418 narrant
1101 2352 1468 2432 historiam,
1498 2360 1569 2419 et
1599 2359 1754 2439 post
1797 2354 2255 2420 Alexandrum
2287 2373 2500 2436 usque

309 2452 398 2518 ad
428 2452 769 2521 Gaesarem
794 2451 1195 2538 Augustum,
1236 2453 1454 2539 Syriae
1479 2460 1549 2520 et
1575 2455 1873 2541 AEgypti,
1919 2455 1990 2520 id
2038 2464 2164 2534 est,
2211 2455 2498 2533 Seleuci,
2535 2486 2542 2493 ·

288 2560 376 2623 ‘et
402 2554 725 2622 Antiochi
746 2562 813 2622 et
853 2557 1398 2638 Ptolemaeorum,
1424 2558 1605 2623 bella
1633 2558 2037 2625 describunt.

643 2791 833 2859 Idem
876 2792 1198 2879 Epistola
1240 2792 1327 2859 ad
1372 2791 1782 2872 Paulliuum,
1824 2791 2025 2858 Tom.
2060 2807 2174 2856 111.

394 2956 511 3024 Ad
539 2957 771 3025 Titum
802 2958 1099 3041 Livium,
1141 2961 1364 3027 lacteo
1412 2959 1815 3044 eloquentiae
1862 2958 2049 3024 fonte
2096 2965 2500 3036 manantem,

310 3060 393 3126 de
436 3059 697 3126 ultimis
743 3061 1099 3147 Hispaniae
1146 3062 1648 3147 Galliarumque
1697 3061 1946 3127 finibus
2010 3060 2335 3145 quosdam
2379 3079 2497 3125 ve-

307 3161 494 3229 nisse
550 3163 819 3228 nobiles
862 3162 1187 3248 legimus;
1249 3169 1314 3232 et
1363 3184 1535 3249 quos
1584 3165 1676 3229 ad
1728 3163 2346 3247 contemplationem
2393 3158 2498 3227 sui

310 3262 538 3331 Roma
564 3282 697 3329 non
725 3271 1041 3345 traxerat,
1069 3266 1269 3331 unius
1293 3265 1582 3330 hominis
1610 3265 1794 3331 fama
1818 3265 2155 3350 perduxit.
2236 3261 2502 3328 Habuit

308 3365 428 3432 illa
455 3372 622 3433 aetas
651 3366 1020 3433 inauditum
1048 3368 1358 3434 omnibus
1387 3367 1661 3433 saeoulis
1677 3366 2281 3452 celebrandumque
2299 3365 2499 3429 mira·

311 3467 561 3551 culum,
605 3475 686 3534 ut
730 3475 980 3536 tantam
1022 3472 1253 3536 urbem
1281 3469 1555 3555 ingressi
1597 3468 1785 3535 aliud
1824 3476 2023 3535 extra
2050 3469 2286 3534 urbem
2312 3486 2498 3551 quae-

309 3577 551 3637 terent.

389 3672 540 3759 (De
573 3694 712 3758 quo
764 3672 1107 3741 Gaditano
1159 3673 1403 3740 iterum
1450 3672 1737 3758 epistola
1788 3670 1876 3738 ad
1923 3672 2014 3736 D.
2050 3666 2496 3751 Augustinum

309 3774 663 3861 quadam.)

682 3971 1001 4038 Sidonius
1030 3970 1449 4056 Apollinaris
1485 3970 1744 4053 Paneg.
1772 3966 2131 4034 Anthemii.

1314 4106 1425 4171 vel
1468 4105 1787 4191 quicquid
1830 4078 1900 4170 in
1944 4122 2162 4170 aevum

547 4209 824 4275 Mittunt
865 4209 1204 4294 Euganeis
1248 4207 1585 4275 Patavina
1626 4205 1966 4273 volumina
2009 4202 2275 4270 chartis.
2371 4288 2382 4295 x
