3034 4925
2356 379 2487 447 427

298 538 619 617 patronos
660 534 925 601 habeat.
1006 536 1205 617 Quod
1242 538 1344 604 'ad
1397 559 1503 605 me
1546 535 1797 617 attinet,
1853 559 2066 624 neque
2120 539 2494 607 frustrabor

295 636 473 700 ultra
500 638 687 702 cives
709 658 916 718 meos,
945 658 1157 725 neque
1179 642 1326 725 ipse
1349 642 1590 710 frustra
1614 642 1905 709 dictator
1929 663 2062 708 ero.
2110 644 2489 710 Discordiae

292 739 628 807 intestinae
657 741 907 808 bellum
937 750 1287 809 externum
1318 744 1560 825 fecere,
1591 752 1669 810 ut
1694 747 1823 811 hoc
1852 746 2237 828 magistratu
2268 750 2491 831 egeret

289 862 405 907 res
430 845 720 929 publiea.
785 846 935 911 Pax
966 846 1127 911 soris
1157 854 1344 932 parta
1367 857 1495 927 est,
1528 849 1707 913 domi
1735 849 2109 934 impeditur.
2173 849 2489 918 Privatus

288 947 550 1029 potius»
580 968 781 1033 quam
802 949 1113 1028 dictator,
1146 950 1465 1016 seditioni
1483 949 1813 1017 interero.’
1900 952 2031 1031 Ita,
2063 952 2250 1016 curia
2277 971 2487 1035 egres·
2525 973 2530 978 ·

285 1068 439 1126 sus,
481 1049 813 1117 dictatura
840 1071 915 1116 se
946 1051 1311 1118 abdicavit.
1384 1052 1726 1137 Apparuit
1774 1073 1981 1119 causa
2032 1054 2250 1138 plebi,
2297 1074 2490 1121 suam

284 1152 507 1217 vicem
536 1153 983 1238 indignantem
1030 1155 1427 1237 magistratu
1471 1156 1750 1221 abisse.⁹
1813 1155 2079 1241 Itaque,
2131 1158 2491 1241 velut-per-

286 1255 517 1321 soluta
562 1256 715 1335 fide,
760 1260 1076 1342 quoniam
1115 1279 1234 1344 per
1274 1278 1426 1324 eum
1470 1279 1607 1325 non
1655 1260 1972 1340 stetisset,
2019 1262 2179 1347 quin
2206 1267 2491 1346 praesta·

284 1364 493 1438 retur,
524 1360 943 1426 decedentem
966 1367 1039 1398 ²0'
1065 1361 1337 1427 domum
1357 1371 1385 1411 Ρ
1434 1382 1591 1428 eum
1619 1361 1852 1429 favore
1884 1382 1966 1428 ae
1995 1363 2306 1428 laudibus
2335 1382 2490 1447 pro-

286 1463 511 1530 secuti
549 1472 726 1529 sunt.

370 1564 480 1631 32.
526 1566 756 1633 Timor
784 1567 936 1632 inde
967 1568 1203 1633 Patres
1231 1567 1528 1645 incessit,
1570 1586 1682 1644 ne,
1714 1566 1773 1631 si
1805 1564 2119 1630 dimissus
2149 1567 2485 1634 exercitus

277 1668 473 1747 foret,
521 1689 752 1736 rursus
791 1680 1011 1737 coetus
1040 1672 1296 1737 occulti
1327 1669 1962 1754 conjurationesque
2010 1667 2264 1735 fierent.
2344 1670 2482 1736 Ita·

281 1792 447 1856 que,
509 1793 887 1858 quanquam
947 1795 1064 1860 per
1135 1774 1529 1840 dictatorem
1586 1761 1884 1838 delectus
1940 1772 2214 1838 habitus
2284 1780 2485 1850 esset,

279 1884 532 1956 tamen,
561 1879 880 1963 quoniam
907 1878 974 1943 in
1007 1877 1357 1944 consulum
1399 1877 1606 1942 verba
1622 1875 2017 1960 jurassent‚‘¹
2058 1884 2479 1943 sacramento

280 1983 492 2046 teneri
528 1980 799 2047 militem
849 1982 1000 2061 rati,
1044 2001 1166 2066 per
1220 1999 1498 2045 causam
1525 1977 1839 2044 renovati
1881 1978 1968 2042 ab
2011 1978 2253 2063 AEquis
2284 1979 2442 2045 belli
2465 1987 2485 2014 ³

278 2084 487 2149 educi
532 2104 621 2149 ex
670 2083 848 2150 Urbe
877 2083 1174 2169 legiones
1214 2084 1503 2169 ju'ssere.
1571 2081 1729 2162 Quo
1776 2080 1957 2145 sacto
2004 2086 2335 2146 maturata
2380 2087 2482 2147 est

277 2187 546 2253 seditio.
614 2186 700 2252 Et
744 2189 959 2273 primo
1009 2189 1332 2272 agitatum
1361 2186 1610 2252 dicitur
1648 2184 1733 2249 de
1775 2183 2119 2248 consulum
2148 2182 2358 2260 caede,
2411 2188 2484 2249 ut

273 2292 697 2358 solverentur
751 2297 1199 2358 sacramento:
1274 2292 1520 2357 doctos
1592 2286 1852 2364 deinde,
1914 2285 2192 2354 nullam„
2225 2285 2479 2357 scelere

1082 391 1228 440 ms.
1276 391 1367 443 ιι.
1407 390 1571 443 cn.
1613 374 1723 443 32.

343 2512 369 2545 ‘1
402 2503 586 2554 plebeii
620 2521 808 2556 causum
843 2509 1157 2569 cognoverunt
1174 2521 1191 2554 .·
1233 2505 1340 2554 ideo
1375 2501 1559 2554 scilicet
1590 2497 1831 2552 Vates-im
1861 2511 1915 2548 se
1949 2496 2193 2548 abdicasse
2219 2494 2481 2556 dictatura,

272 2571 403 2633 quod
419 2572 808 2632 gravitwserret·
822 2586 981 2623 eorum
1000 2575 1192 2623 sortem-

1199 2713 1563 2739 ”mum

268 2831 413 2883 Eud.
439 2840 559 2886 ante
584 2833 882 2887 Drak.-l9
903 2800 1077 2899 Vulgo
1101 2833 1293 2884 Medius
1308 2831 1621 2899 fidium—2⁰
1659 2828 1986 2901 Discedentem
2006 2826 2061 2879 J.
2086 2827 2148 2878 F.
2170 2824 2404 2875 Gronov.

1269 2993 1484 3047 NOTAE

336 3123 364 3157 Ρ
396 3114 714 3165 Dementes„
746 3112 954 3177 domm]
994 3112 1078 3164 An
1113 3113 1338 3163 deceden-

266 3190 476 3253 amhn
500 3182 809 3241 discedentem
841 3192 985 3256 legas
1018 3203 1133 3239 eum
1171 3188 1334 3239 Gron.

271 3278 458 3331 parum
484 3268 717 3317 interest.

334 3353 361 3387 «ι
395 3344 459 3392 In
473 3346 713 3394 comum
725 3342 1140 3408 verbnm-assent]
1177 3338 1335 3392 Aliud

258 3421 627 3485 jusjurandum
644 3423 884 3479 militare,
901 3423 1010 3472 sive
1027 3419 1333 3485 conjuratio,

1418 3109 1536 3158 dem
1570 3106 1716 3158 suain
1754 3114 1935 3157 mutuo
1969 3104 2348 3170 astringebant,
2368 3117 2481 3153 sese

1418 3183 1559 3249 fugae
1594 3199 1750 3234 cansa
1786 3198 1889 3235 non
1924 3183 2176 3246 abituros,
2209 3194 2378 3247 neque
2416 3180 2481 3230 ab

1417 3263 1601 3312 ordine
1630 3274 1945 3322 recessuros,
1970 3260 2171 3325 aliaque
2198 3259 2308 3322 ejus
2331 3270 2485 3322 gene-

1416 3339 1520 3390 ris:
1561 3338 1697 3404 quod
1725 3338 2089 3402 jusjurandum
2130 3336 2340 3400 exigere
2377 3330 2482 3398 'ipsi

1418 3417 1619 3468 tribuni
1673 3421 1949 3481 eoeperunt
1994 3415 2132 3464 bello
2179 3413 2381 3462 Punico
2429 3416 2480 3461 2.

269 3499 413 3548 eliud
425 3506 797 3548 sacramentum
809 3496 925 3548 fuit.
954 3497 1108 3560 Nam,
1121 3502 1336 3546 auctore

268 3575 476 3636 Servio,
505 3576 522 3603 ‘
540 3583 918 3625 sacramentum
943 3580 1060 3623 erat
1090 3587 1207 3622 eum
1237 3572 1338 3620 sin-

271 3651 382 3713 guli
413 3650 758 3715 jurejurando
796 3651 1167 3716 adigebantur3
1215 3662 1334 3698 eou-

261 3727 468 3792 juratio
485 3725 756 3778 dicebatur
772 3743 888 3779 cum
913 3729 1098 3778 milites
1114 3725 1337 3790 ipsi,qui

270 3798 645 3860 convenerant,
668 3804 804 3854 inter
826 3819 880 3854 se
894 3801 1178 3870 ,iurabanff
1243 3803 1336 3852 Sa-

270 3885 543 3929 cramento
577 3879 768 3928 milites
802 3895 830 3929 a
865 3880 1082 3931 tribunis
1113 3878 1335 3931 obstrin-

270 3956 562 4020 gebantur,‘
567 3955 719 4019 jussu
748 3958 1013 4007 consulum
1032 3957 1171 4023 (sive
1205 3957 1335 4007 slte-

269 4033 382 4082 rius
417 4031 626 4096 majoris
651 4034 1009 4098 magistratus)
1031 4049 1087 4085 se
1110 4049 1335 4086 eonven-

271 4117 444 4162 turos,
473 4118 643 4173 neque
664 4122 840 4158 eorum
864 4109 1058 4172 injussu
1091 4111 1335 4162 abituros.

270 4184 349 4236 At
386 4185 727 4249 jurejurando
771 4187 971 4251 equites
1013 4186 1066 4236 in
1104 4187 1334 4247 decuria,

273 4262 485 4328 pedites
524 4262 576 4312 iu
616 4264 854 4314 centuria
889 4263 1104 4331 quisque
1134 4279 1243 4331 sus,
1275 4264 1334 4315 ti·

1417 3508 1554 3544 anno
1589 3492 1794 3542 demum
1827 3490 1898 3540 U.
1921 3491 1979 3541 C.
2003 3493 2119 3540 637.
2143 3489 2207 3540 C.
2230 3488 2481 3538 Terentio

1416 3571 1670 3624 Varrone,
1709 3575 1768 3617 et
1804 3567 1868 3616 1..
1909 3565 2113 3616 AEmilio
2152 3564 2318 3613 Paulo
2353 3577 2483 3613 coss.

1418 3648 1497 3698 uti
1530 3646 1707 3696 Livius
1731 3652 1913 3705 noster
1944 3648 2194 3695 memorat
2221 3641 2309 3690 ab.
2335 3652 2481 3689 xxn.

1417 3737 1466 3775 e.
1511 3728 1593 3773 88.
1680 3721 1948 3771 Dicuntur
1992 3726 2164 3767 sutem
2200 3716 2382 3779 jurare
2428 3715 2480 3764 in

1420 3799 1583 3850 verba
1615 3797 1855 3860 alicujus,
1881 3794 1968 3859 qui
1993 3793 2145 3843 alicui
2171 3799 2315 3841 certa
2346 3792 2482 3853 lege,

1419 3880 1684 3943 certisque
1708 3875 1916 3936 -verbis,
1942 3889 1998 3924 se
2031 3872 2289 3937 perituros
2313 3869 2481 3934 jurati

1419 3956 1746 4020 promittunt.
1889 4012 1900 4021 ῃ

1479 4040 1500 4066 ¹·
1534 4030 1772 4082 Renovuti
1785 4030 1845 4080 ab
1859 4028 2032 4092 AEqsris
2045 4026 2176 4090 belli]
2215 4025 2481 4074 Praetexe·

1415 4109 1571 4161 batur
1604 4108 1719 4157 haee
1750 4105 1884 4156 salsa
1917 4119 2093 4165 causa,
2121 4102 2267 4168 qussi
2301 4099 2481 4150 Sabini

1415 4196 1472 4239 et
1506 4187 1658 4251 AEqui
1696 4194 1879 4237 contra
1909 4185 2155 4253 populum
2197 4183 2477 4232 Romanum

1415 4264 1823 4330 conspirassent.
