3034 4925
615 431 746 497 >558

615 598 887 683 AEquis,
936 596 1006 661 in
1046 614 1272 679 agrum
1314 592 1725 661 Romanum.
1812 591 1950 658 Sed
1992 589 2201 677 AEqui
2244 589 2503 657 Attium
2527 588 2803 657 Tullum

606 700 798 767 ‘haud
841 700 1020 765 ultra
1047 699 1255 764 tulere
1303 696 1563 763 ducem.
1655 696 1842 761 Hinc
1878 716 1965 762 ex
1995 695 2378 775 certamine,
2405 693 2659 760 Volsci
2687 694 2803 759 AE-

604 805 821 890 “quine
887 804 1357 885 imperatorem
1418 799 1776 884 conjuncto
1833 799 2160 865 exercitui
2214 799 2469 877 darent,
2503 797 2801 875 seditio,

615 907 853 971 deinde
874 909 1082 970 atrox
1113 902 1424 987 praelium
1469 907 1708 967 ortum.
1797 901 1909 967 Ibi
1951 902 2212 967 fortuna
2240 901 2481 986 populi
2509 899 2804 965 Romani

616 1008 785 1073 duos
833 1004 1178 1072 hostium⁶
1228 1006 1617 1082 exercitus,⁸
1657 1004 1834 1069 hand
1892 1005 2112 1069 minus
2167 1005 2546 1088 pernicioso
2608 1020 2802 1087 qnam

612 1110 938 1196 pertinaci
966 1110 1340 1185 certamine,
1371 1108 1678 1173 confecit.
1767 1105 2088 1172 Consules
2129 1103 2213 1173 T.
2239 1106 2539 1172 Sicinius
2564 1114 2592 1143 ⁸
2640 1112 2707 1170 et
2734 1102 2808 1169 C.

613 1211 985 1297 Aquillius.
1052 1211 1307 1277 Sicinio
1328 1208 1590 1288 Volsci,
1615 1206 1919 1294 Aquillio
1944 1209 2227 1275 Hernici
2258 1214 2434 1290 (nam
2451 1210 2507 1273 ii
2539 1226 2806 1291 quoque

592 1316 682 1381 -in
742 1313 987 1381 armisb
1030 1312 1253 1398 erant)
1324 1313 1680 1398 provincia
1737 1313 2004 1379 evenit!
2120 1313 2227 1378 Eo
2287 1332 2462 1378 anno
2519 1308 2803 1376 Hernici

615 1417 864 1484 devicti
886 1439 903 1484 ι
925 1414 955 1453 ‘¹
997 1437 1148 1483 cum
1176 1417 1453 1483 Volscis
1484 1436 1685 1502 aequo
1707 1417 1929 1483 Marte
1948 1425 1972 1454 ⁸
2017 1415 2387 1482 discessum
2413 1423 2552 1481 est.

1550 441 1617 491 Τ.
1669 439 1854 490 mvn

1534 1587 1892 1611 nonnemo
1953 1577 1956 1582 '

611 1688 810 1739 Wlerii
844 1696 992 1740 certe
1014 1692 1165 1741 *locus
1188 1705 1303 1741 rein
1327 1691 1535 1741 dubim
1553 1690 1726 1743 facul
1764 1691 1966 1756 Rupere.
2014 1690 2137 1741 vid.
2153 1692 2285 1742 Not.
2305 1689 2535 1739 vare-B
2566 1687 2808 1737 ‘Florus

604 1754 803 1812 Marci,
821 1757 1074 1813 asoarium,
1096 1759 1193 1807 linc
1214 1765 1297 1808 est
1315 1759 1409 1807 duo
1428 1756 1669 1808 merum!
1702 1758 1818 1810 dac.
1837 1758 2074 1808 Gronov.

1599 1887 1817 1938 NO'M:

610 1983 800 2033 Fertur
832 1990 1024 2041 autem,
1055 2000 1170 2034 cnm
1209 1983 1312 2033 duo
1332 1985 1580 2037 Fortunae
1604 1985 1672 2034 si-

612 2061 841 2111 mulacra
862 2058 1003 2110 facta
1025 2068 1216 2119 essent,
1243 2062 1462 2112 alterum
1504 2062 1670 2126 publi·

613 2152 679 2187 co
702 2146 892 2199 sumtu,
931 2137 1150 2188 alterum
1190 2152 1256 2188 ex
1290 2140 1542 2188 collatitia
1565 2153 1670 2187 ma-

614 2220 882 2262 tronarum
919 2215 1161 2277 pecunia,
1201 2215 1283 2263 die
1323 2214 1671 2264 dedicationis

614 2305 725 2339 earn
768 2290 1009 2357 effigiem,
1055 2308 1206 2358 quam
1258 2293 1499 2343 mulieres
1558 2294 1670 2343 fieri

614 2375 943 2434 curaverant,
978 2369 1166 2418 Latine
1198 2370 1442 2433 locutam,
1477 2368 1557 2420 bis
1584 2385 1670 2434 pa·

610 2443 715 2495 lam
762 2451 814 2494 et
848 2445 1057 2509 publice
1095 2446 1475 2511 pronuntiasse:
1513 2446 1671 2498 ‘Rite

612 2536 696 2571 me
717 2523 1326 2577 matronaededicastisz’
1352 2525 1486 2589 qnod
1512 2526 1670 2575 etiam

613 2606 900 2647 memorant
937 2599 1174 2650 Valerius
1205 2600 1295 2650 lib.
1320 2615 1362 2650 1.
1394 2616 1440 2651 c.
1473 2606 1523 2650 8.
1551 2603 1671 2651 Plu·

614 2675 842 2731 tarclius,
890 2674 1124 2723 Aurelius
1165 2676 1381 2726 Victor:
1437 2677 1672 2727 meminit

615 2756 670 2797 et
689 2749 1009 2801 Lactantius.
1076 2750 1144 2800 Et
1173 2753 1351 2814 primae
1383 2753 1670 2802 sacerdotis

612 2825 815 2875 monitu
848 2827 1204 2890 constitutum,
1237 2843 1302 2879 ue
1337 2829 1435 2879 hoc
1467 2830 1672 2880 simula-

612 2902 756 2950 c'rum
803 2903 1007 2952 coronis
1042 2911 1389 2970 praeterquam
1425 2922 1456 2955 a
1491 2921 1672 2956 recens

613 2978 792 3040 nuptis
810 2985 1095 3028 ornaretur.
1128 2980 1279 3029 Prius
1292 2979 1516 3033 fortunae
1537 2984 1672 3034 virili

614 3053 862 3115 templum
886 3053 950 3103 ab
977 3053 1123 3105 Anco
1143 3056 1346 3107 Marcio
1381 3073 1502 3122 rege
1531 3060 1670 3111 dica-

615 3132 723 3176 tum
774 3126 968 3191 fuerat,
1024 3136 1082 3180 ut
1137 3130 1381 3183 observat
1431 3136 1671 3199 Sigonius

580 3222 597 3240 ε
616 3209 735 3266 post
765 3203 910 3255 Plut.
945 3205 998 3254 in
1028 3206 1117 3256 lib.
1138 3207 1203 3257 de
1226 3209 1458 3261 Fortuna
1481 3214 1670 3265 Roma·

616 3293 816 3331 norum.

676 3364 698 3391 ²
732 3357 869 3407 Duos
907 3356 1111 3409 hostium
1146 3360 1405 3425 exercitus]
1449 3364 1670 3417 Romani

612 3433 871 3497 consules,
884 3434 1024 3499 quod
1041 3449 1106 3485 ea
1121 3439 1391 3490 occasione
1410 3441 1474 3490 ad
1493 3442 1669 3492 delen-

614 3507 707 3559 dos
743 3509 930 3575 AEquos
965 3519 1021 3561 et
1052 3512 1268 3564 Volscos
1305 3515 1670 3581 incompositos

612 3585 692 3635 usi
722 3601 823 3637 non
858 3596 1050 3649 essent,
1071 3591 1160 3640 sed
1184 3594 1468 3644 exercitum
1493 3595 1544 3643 in
1569 3595 1669 3646 Ur-

612 3660 727 3711 bem
753 3664 889 3713 nulla
931 3679 986 3715 re
1022 3674 1174 3730 gesta
1209 3668 1556 3732 reduxissent,
1596 3671 1669 3736 ig-

609 3739 892 3789 nominiose
917 3756 947 3790 a
969 3742 1214 3792 Romanis
1232 3745 1442 3809 excepti
1465 3752 1603 3795 sunt.

672 3821 696 3848 ⁸
732 3817 866 3865 Coss.
889 3817 944 3866 T.
964 3816 1197 3883 Sicinius]
1222 3818 1456 3870 AnuoU.
1474 3820 1536 3870 C.
1551 3825 1667 3870 266.

610 3892 842 3940 consules
865 3895 1031 3944 creati
1063 3895 1124 3945 Τ.
1155 3895 1375 3945 Sicinius
1404 3896 1517 3963 (qni
1540 3898 1665 3947 Cas·

607 3964 812 4015 siodoro
833 3967 1080 4033 Siccius)
1081 3977 1136 4020 et
1161 3970 1220 4023 C.
1244 3971 1478 4036 Aquilius
1501 3988 1664 4038 remp.

609 4036 794 4087 fortius
853 4041 1157 4110 feliciusque
1221 4046 1661 4100 administratum.

610 4114 798 4163 Eorum
830 4123 1124 4180 cognomina
1160 4138 1225 4172 ex
1255 4125 1424 4175 Fastis
1457 4125 1662 4177 Graecis

610 4198 666 4238 et
690 4190 988 4256 cuspiniani
1022 4197 1188 4260 fuere,
1217 4202 1427 4251 alterius
1447 4203 1663 4268 Tuscus,

609 4266 821 4316 alterius
855 4269 1091 4323 Sabinus.
1162 4275 1355 4341 Aquilii
1387 4287 1578 4343 autem,
1603 4286 1663 4329 ut.

606 4343 890 4397 Marlianus
930 4360 1124 4408 monet,
1161 4353 1199 4402 ii
1238 4355 1542 4407 dicebantur
1575 4358 1663 4424 qui

1748 1992 1900 2036 erant
1923 1985 2110 2051 aquilo,
2137 1984 2190 2035 id
2210 1991 2308 2047 est,
2332 1985 2477 2047 nigro
2499 1983 2698 2034 colore.

1812 2062 1836 2098 ὓ
1869 2065 2003 2113 Nam
2022 2064 2063 2112 ii
2099 2078 2277 2126 quoque
2306 2063 2359 2111 in
2389 2062 2564 2126 armis]
2595 2062 2810 2112 Hernici

1747 2139 1887 2190 bello
1917 2141 2108 2190 Volsco
2140 2139 2534 2189 excursionibus
2570 2145 2625 2188 et
2660 2139 2813 2188 latro·

1745 2215 1895 2266 ciniis
1939 2214 2183 2266 finitimos
2241 2229 2392 2279 agros
2439 2222 2812 2275 vastaverant3

1747 2292 2015 2357 missisque
2059 2291 2124 2342 ad
2163 2306 2246 2340 res
2280 2292 2595 2355 repetendas
2629 2292 2810 2355 legatis

1747 2367 1988 2417 Romanis
2003 2367 2381 2431 responderant
2394 2366 2670 2432 Tarquinii
2687 2381 2813 2417 ruor-

1749 2452 1802 2496 te
1824 2444 2026 2496 finitum
2045 2444 2212 2496 foedus
2230 2459 2347 2497 cum
2365 2457 2430 2496 eo
2451 2446 2614 2495 ictum
2631 2460 2649 2506 ς
2681 2445 2812 2509 rapi·

1747 2537 1841 2572 uas
1863 2537 1967 2573 non
1994 2522 2204 2587 publico
2221 2522 2457 2586 consilio,
2477 2523 2574 2571 sed
2590 2536 2618 2571 a
2643 2524 2811 2585 priva·

1749 2599 1815 2648 tis
1852 2600 1939 2665 qui
1972 2598 2091 2649 dedi
2128 2613 2229 2649 non
2268 2605 2500 2664 possent,
2533 2596 2732 2661 factas,
2761 2606 2810 2649 et

1747 2674 1936 2725 habere
1958 2689 2014 2725 se
2037 2675 2102 2725 de
2127 2676 2309 2741 quibus
2333 2676 2560 2725 vicissim
2583 2689 2810 2742 conque·

1750 2759 2006 2802 rerentur.
2054 2802 2058 2807 ,

1811 2836 1833 2862 ⁶
1866 2828 2123 2879 Provincia
2162 2829 2342 2893 menie]
2406 2828 2727 2881 Consulibus
2765 2830 2811 2879 ia

1747 2904 1967 2955 Volscos
2022 2905 2385 2972 Hernicosque
2435 2905 2810 2970 proficiscenti·

1748 2981 1860 3038 bus,
1934 2981 2213 3047 praefectus
2267 2982 2399 3034 Urbi
2448 2984 2546 3049 Sp.
2588 2985 2811 3048 Largius

1749 3072 1866 3107 cum
1904 3060 2062 3109 tertia
2099 3061 2365 3124 copiarum
2398 3065 2549 3124 parte
2573 3063 2811 3124 proxima

1746 3134 1877 3184 Urbi
1902 3136 2033 3186 tueri
2063 3137 2241 3200 jussus
2262 3141 2372 3185 est·
2410 3136 2476 3186 A.
2497 3136 2811 3201 Sempronio

1746 3209 1993 3261 Atratino
2010 3212 2264 3262 consulari
2284 3212 2554 3262 commissa
2565 3215 2810 3265 moeninn

1745 3288 1998 3345 custodia,
2030 3288 2331 3339 militaturis
2359 3288 2454 3339 sub
2481 3303 2567 3349 eo,
2598 3291 2706 3355 qni
2731 3305 2813 3340 nc·

1745 3364 1885 3412 mina
1904 3379 2007 3413 non
2030 3363 2303 3414 dederant.

1809 3440 1834 3474 ἆ
1867 3441 2074 3491 Hernici
2095 3441 2293 3506 devicti]
2343 3441 2427 3491 De
2443 3441 2526 3491 his
2550 3457 2701 3494 novo
2724 3445 2810 3494 Ln—

1745 3517 1820 3566 tio
1861 3525 2059 3581 ¹postea
2111 3516 2332 3580 adjectis
2380 3518 2585 3582 populis
2637 3527 2811 3569 antea.

1747 3592 1876 3643 Cum
1916 3592 1977 3642 iis
2018 3592 2070 3641 iu
2105 3607 2232 3656 agro
2265 3592 2612 3655 Praenestino,
2659 3596 2809 3659 paule

1744 3668 1943 3731 longius
1968 3666 2034 3718 ab
2062 3669 2222 3726 Urbe,
2259 3684 2412 3734 quam
2433 3682 2517 3721 ce.
2541 3670 2741 3733 stadio,
2760 3664 2808 3721 id

1744 3753 1844 3802 est,
1879 3745 1943 3795 ad
1978 3758 2113 3796 κεν.
2149 3746 2386 3809 milliare,
2416 3754 2713 3811 pugnatum
2735 3754 2809 3797 est

1741 3822 1897 3884 longo
1921 3829 1976 3872 et
2001 3822 2108 3871 acri
2130 3823 2390 3887 utrimque
2412 3824 2619 3887 praelio,
2645 3824 2804 3876 donec

1745 3898 1873 3951 forti
1895 3899 2088 3965 Aquilii
2111 3915 2270 3963 opera
2295 3898 2560 3966 ductuque
2585 3901 2806 3953 Hernici

1745 3977 1797 4027 in
1821 3982 1996 4026 castra
2017 3976 2293 4040 compulsi,
2316 3992 2433 4043 quae
2456 3977 2525 4026 ab
2541 3977 2677 4041 ipsis
2693 3992 2805 4028 noc·

1747 4060 1803 4103 tu
1842 4053 2091 4103 deserta:
2136 4050 2347 4118 Aquilio
2380 4067 2448 4101 ex
2486 4067 2552 4102 eo
2584 4053 2803 4106 decreta

1744 4130 1937 4180 ovatio.

1808 4207 1992 4255 Cum
2037 4204 2212 4254 Volscis
2245 4219 2380 4268 oeqso
2401 4206 2603 4281 marte]
2648 4204 2803 4255 Initio

1744 4277 1953 4346 quidem
1976 4295 2123 4345 aequo
2157 4287 2340 4344 marte,
2368 4270 2428 4330 u't
2458 4280 2602 4330 iuter
2630 4282 2801 4335 armis,

1743 4371 1974 4423 numero,
2017 4370 2080 4408 ac
2119 4355 2396 4420 disciplina
2441 4356 2552 4422 jam
2593 4357 2802 4408 anniso
