3034 4925
1137 381 1586 441 amomon.
2330 377 2460 450 155

647 565 649 568 ·
741 540 882 602 236.
927 535 1231 604 Gordiani
1261 537 1319 602 Ι.
1349 547 1408 602 et
1437 540 1530 606 11.
1559 549 1729 622 pater
1753 551 1814 606 et
1838 544 2013 612 filius.

809 699 812 704 .
915 655 1057 714 237.
1102 652 1406 715 Maximus
1423 664 1485 715 et
1510 656 1834 721 Balbinus.

835 768 1133 830 237-244.
1179 767 1524 830 Gordianus
1552 768 1680 835 III.
1701 790 1904 854 nepos.

359 899 418 960 Is
442 897 594 959 bene
621 908 831 979 regnat
856 893 1118 959 consiliis
1148 896 1410 960 Misithei
1453 900 1674 963 soceri:
1718 921 1839 982 quo
1880 912 2113 964 mortuo
2149 904 2302 986 perit
2352 926 2457 989 per

282 994 536 1057 fraudem
566 995 821 1078 Philippi
849 995 1016 1076 proef.
1044 1005 1215 1075 proet.
1242 994 1343 1077 qui
1381 996 1507 1076 jam
1551 998 1606 1059 ei
1632 999 1767 1060 vivo
1808 1020 1913 1080 per
1941 999 2157 1062 milites
2196 1014 2456 1065 extorse-

283 1104 369 1154 rat
412 1093 769 1155 consortium
815 1091 1063 1173 imperii.
1165 1094 1303 1152 238.
1346 1093 1722 1157 Herodianus
1772 1096 1915 1158 hist.
1959 1106 2020 1158 et
2076 1098 2458 1162 Censorinus.

283 1192 417 1251 241.
459 1188 666 1271 Nepos
694 1188 1027 1254 Chiliastes.
1109 1190 1401 1250 241-272.
1444 1190 1636 1271 Sapor
1667 1212 1716 1255 1.
1754 1193 2100 1273 (Schapur.)

650 1360 943 1420 244-249.
986 1358 1297 1438 Philippi,
1325 1357 1575 1433 Arabes,
1603 1366 1773 1439 pater
1798 1371 1862 1421 et
1885 1361 2061 1423 filius.

356 1473 746 1552 Imperatores
801 1471 960 1533 avari
1016 1482 1077 1534 et
1126 1471 1421 1545 crudeles,
1474 1492 1628 1553 quos
1667 1473 1795 1555 jam
1847 1474 2216 1536 Christianos
2273 1475 2462 1538 fnisse

280 1570 516 1651 quidam
563 1570 954 1632 contendunt.
1052 1571 1193 1630 248.
1252 1570 1463 1630 Annus
1506 1569 1851 1633 millesimus
1900 1572 2076 1633 Urbis
2120 1583 2183 1635 et
2235 1572 2462 1655 imperii

275 1668 453 1730 Rom.
498 1667 658 1728 ludis
703 1665 1084 1730 saecularibus
1123 1676 1317 1728 actus.
1422 1667 1566 1729 249.
1611 1667 1836 1730 Paulus
1865 1669 2183 1730 Thebanus
2224 1680 2285 1731 et
2322 1670 2466 1732 Ere-

280 1764 453 1828 mitoe.

1079 1895 1368 1956 249-251.
1410 1896 1638 1958 Decius

282 2027 409 2070 cum
453 2008 686 2070 Messio
724 2009 849 2070 filio
895 2010 1136 2069 Caesare
1160 2017 1392 2089 regnat,
1439 2019 1503 2070 et
1543 2027 1581 2069 a
1607 2007 1823 2071 Gothis
1852 2009 2044 2072 victus
2071 2011 2239 2093 perit.
2324 2012 2466 2071 250.

276 2107 614 2166 Saevissima
634 2105 1102 2167 Christianorum
1128 2108 1482 2185 persecutio.
1553 2106 1887 2187 Cyprianus
1911 2106 2260 2169 Palladius?
2312 2106 2465 2167 Soli·

282 2203 435 2263 nus?
508 2203 735 2265 Coelius
764 2202 1056 2286 Apicius?
1122 2205 1263 2265 251.
1310 2202 1703 2265 Novatianus.

537 2383 831 2444 251-253.
879 2381 1112 2454 Gallus,
1148 2380 1502 2442 Volusianus
1525 2379 1683 2442 filius
1711 2390 1772 2442 et
1803 2381 2210 2444 Hostilianas.

641 2532 646 2535 Δ
709 2496 1007 2558 253-260.
1056 2495 1407 2558 Valerianus
1433 2505 1496 2556 et
1526 2496 1839 2558 Gallienus
1865 2495 2045 2571 filius,

282 2636 594 2708 postquam
624 2625 985 2688 AEmilianns
1011 2625 1258 2686 Maurus
1287 2645 1394 2708 per
1432 2635 1553 2686 tres
1580 2644 1817 2687 menses
1845 2625 2152 2705 imperium
2180 2632 2470 2685 tenuerat.

281 2726 423 2787 260.
463 2723 817 2783 Valerianus
843 2723 904 2783 iu
931 2722 1090 2784 bello
1120 2721 1362 2785 Persico
1389 2742 1427 2784 a
1460 2724 1685 2803 Sapore
1714 2721 1854 2783 dolo
1895 2721 2146 2804 capitur,
2173 2731 2235 2783 et
2261 2719 2476 2781 misera

281 2822 339 2885 in
359 2822 644 2885 servitute
669 2819 1066 2883 consenescit.

1001 2980 1294 3041 260-268.
1343 2979 1672 3055 Gallienus,

280 3095 451 3157 homo
479 3095 865 3168 libidinosus,
908 3092 1162 3175 ignavus
1195 3102 1258 3155 et
1286 3093 1581 3156 servitutis
1626 3103 1892 3174 paternoe
1919 3088 2267 3168 incuriosus,
2294 3108 2331 3153 a
2356 3112 2477 3174 quo

284 3208 482 3254 omnes
528 3193 653 3252 fere
690 3190 1010 3273 provinciae
1057 3190 1421 3252 desciscunt.
1506 3192 1801 3252 261-277.
1849 3191 2202 3252 Dominatio
2253 3188 2475 3257 XXX.

289 3289 729 3369 Tyr-annornm,
773 3287 928 3349 inter
953 3307 1105 3370 quos
1131 3288 1395 3349 eminent
1418 3287 1731 3350 Odenatus
1758 3300 1818 3349 et
1848 3287 2125 3360 Zenobia,
2155 3307 2304 3348 uxor
2330 3286 2480 3367 ejus,

286 3386 622 3470 Palmyreni
671 3387 839 3468 regni
883 3387 1242 3450 conditores.
1351 3387 1493 3448 262.
1539 3386 1834 3450 Plotinus.
1941 3388 2245 3447 264-340.
2290 3384 2481 3444 Euse-

243 3487 250 3494 “
285 3484 434 3548 bius.
659 3480 676 3491 ’

993 3626 1294 3689 268-270.
1338 3625 1440 3688 Μ.
1466 3625 1776 3690 Claudius.

267 3749 272 3755 '
366 3739 483 3805 Hic
508 3739 803 3820 insignem
831 3738 910 3801 de
954 3738 1172 3801 Gothis
1214 3739 1537 3822 reportavit
1562 3737 1889 3810 victoriam,
1929 3745 1993 3798 et
2017 3733 2324 3816 imperinm
2351 3731 2485 3794 reli-

290 3836 414 3917 quit
442 3836 748 3909 Quintilio
774 3835 960 3911 fratri,
987 3836 1089 3916 qui
1116 3836 1265 3897 illud
1292 3857 1399 3921 per
1426 3855 1614 3902 xvn.
1635 3835 1762 3897 dies
1786 3834 1998 3896 tenuit.

1030 3975 1325 4072 2703275.
1366 4010 1737 4075 Aurelianus

296 4119 579 4204 Princeps
624 4121 994 4184 necessarius
1035 4122 1249 4202 magis,
1276 4141 1456 4205 quam
1483 4125 1703 4196 bonus,
1731 4120 2088 4185 fortissimus
2115 4117 2257 4183 adv.
2284 4115 2490 4180 hostes

297 4219 438 4280 etin
467 4221 629 4283 cives
655 4219 935 4296 crudelis,
961 4220 1086 4300 qui,
1113 4219 1282 4281 caesis
1318 4220 1660 4302 ingentibus
1690 4217 2120 4283 Germanorum
2147 4217 2354 4301 copiis,
2381 4216 2489 4276 Ze·-

410 4460 446 4489 ff
