3034 4925
593 370 724 436 406

1395 371 1425 441 ἶ
1522 384 1591 433 ¹1¹.
1638 384 1824 434 mvn

677 539 789 606 ᾗ.
829 498 1002 607 Cum
1052 540 1451 607 Volscorum
1509 540 1702 623 gente
1717 535 1745 575 ¹¹
1811 537 2050 605 Latino
2104 534 2294 601 bello
2334 539 2558 619 neque
2601 551 2778 618 pax,

596 662 810 727 neque
834 644 1081 708 bellum
1106 643 1339 709 fuerat.

1429 641 1607 708 Nam
1637 648 1702 708 et
1737 641 1970 707 Volsci
1996 644 2554 723 comparaverant
2575 637 2782 701 auxi·

593 745 713 824 lia,
756 761 908 829 quae
952 748 1274 812 mitterent
1321 746 1608 822 Latini&
1633 747 1703 817 ni
1730 751 2132 811 maturatum
2159 742 2248 807 ab
2276 742 2595 808 dictatore
2631 738 2783 804 Ro-

595 849 793 913 mano
840 854 1054 931 esset3
1099 857 1170 916 et
1218 850 1579 915 maturavit
1624 849 1993 927 Romanus„
2034 867 2114 911 ne
2157 845 2393 931 praelio
2433 857 2572 907 imo
2622 861 2790 905 eum

592 950 836 1017 Latino
862 951 1254 1037 Volscoque
1281 952 1730 1018 contenderet.
1802 950 1961 1016 Hac
1988 946 2116 1016 irai
2158 948 2472 1021 consules
2500 945 2572 1009 in
2606 942 2787 1009 Vol-

597 1072 786 1119 scum
820 1073 1043 1138 agrum
1085 1056 1384 1139 legiones
1427 1053 1701 1121 duxere.
1788 1052 2105 1133 Volsone,
2150 1050 2416 1118 consilii
2456 1041 2787 1135 poenam¹¹

597 1169 730 1221 non
753 1164 1138 1238 metuente8‚
1165 1178 1291 1225 nec
1319 1160 1601 1244 opinata
1626 1177 1732 1223 res
1759 1155 2093 1243 perculit!
2129 1155 2132 1160 ’
2167 1152 2516 1220 Armorum
2540 1154 2792 1216 imme·

597 1279 814 1325 mores
845 1261 1115 1326 obsides
1140 1261 1301 1327 dant
1327 1270 1662 1329 trecentos
1693 1261 2068 1347 principum
2096 1280 2137 1326 a
2167 1258 2350 1325 Gora
2387 1262 2612 1340 atque
2653 1253 2792 1319 1¹0-

598 1359 832 1428 metia¹
873 1363 1137 1430 liberos.
1225 1365 1331 1430 Ita
1376 1365 1521 1430 sine
1559 1366 1914 1436 certamine
1941 1361 2093 1430 inde
2124 1362 2428 1428 abdnctae
2455 1359 2793 1442 legiones.

600 1465 755 1531 Nec
786 1466 881 1531 ita
906 1468 1110 1533 multo
1139 1475 1298 1551 post
1327 1468 1603 1535 Volscis
1633 1457 1876 1533 lefratis
1904 1475 2086 1533 metu
2113 1481 2313 1530 suum
2357 1461 2556 1546 rediit
2607 1461 2794 1544 inge-

598 1569 780 1633 nium
803 1589 823 1631 ε
864 1589 1087 1635 rursus
1114 1571 1441 1637 occultum
1473 1578 1717 1655 parant
1741 1570 2012 1650 bellum,
2041 1566 2360 1634 Hernicis
2379 1572 2420 1600 ¹¹¹
2465 1565 2537 1628 in
2562 1563 2793 1638 socie-

596 1674 805 1738 tatem
825 1691 1155 1738 armorum
1179 1676 1517 1740 assumtis».
1575 1672 1870 1757 Legatos
1898 1692 2167 1759 quoque
2190 1669 2282 1737 ad
2306 1665 2790 1735 solicitandmn

656 1829 691 1873 Ι
714 1831 1024 1883 Per-turbavit
1046 1833 1214 1885 bellum
1231 1835 1550 1901 improvisum.
1571 1830 1575 1835 ’
1615 1834 1621 1842 ’

1578 1953 1798 2006 NOTAE

599 2042 833 2093 hocloco
861 2044 1135 2097 inhaeserat
1157 2047 1394 2099 mendum
1416 2048 1648 2116 (legeba-

600 2129 688 2170 tur
709 2122 844 2170 enim
882 2137 979 2173 una
1009 2129 1056 2173 et
1092 2123 1321 2190 triginta)
1357 2127 1650 2179 emendavit

598 2197 905 2263 Glareanus,
924 2209 980 2251 et
1000 2209 1117 2265 post
1138 2216 1253 2252 eum
1279 2202 1540 2268 Sigonius,
1563 2205 1650 2270 qni

598 2274 682 2324 vel
715 2288 780 2324 ex
808 2274 1309 2341 judicio-Coriolani,
1340 2278 1475 2343 quod
1506 2282 1649 2344 apud

594 2347 1052 2401 Halicarnasseum
1103 2360 1364 2415 narratur,
1411 2353 1503 2419 (de
1546 2372 1649 2421 qno

599 2424 796 2477 Noster
830 2442 946 2492 cap.
980 2432 1062 2479 35.
1100 2428 1249 2493 huJus
1282 2428 1394 2496 lib.)
1431 2444 1543 2483 rem
1575 2434 1650 2485 ita

599 2516 713 2553 esse
734 2504 993 2555 evincunt.
1044 2506 1254 2556 Dicitur
1276 2507 1411 2557 enim
1435 2523 1498 2559 eo
1521 2514 1649 2561 tem-

598 2594 742 2643 pore,
775 2580 826 2630 id
866 2590 967 2643 est,
1001 2590 1119 2646 post
1141 2597 1298 2633 annos
1326 2583 1511 2637 abhinc
1530 2602 1649 2653 qua·

600 2663 739 2718 tuor,
752 2657 915 2714 tribus
938 2657 1093 2708 fuisse
1113 2671 1231 2710 xxi.
1255 2675 1468 2725 quarum
1492 2663 1651 2714 unde-

588 2734 698 2783 -cim
723 2733 1049 2783 Coriolanum
1071 2734 1449 2798 damnaverint,
1469 2738 1650 2790 decem

598 2809 931 2860 absolverint.
996 2799 1186 2860 Parem
1200 2812 1298 2862 lib.
1321 2826 1396 2863 vr.
1424 2829 1650 2866 errorem

590 2884 904 2934 invexerant
938 2885 1153 2951 librarii,
1192 2901 1308 2938 cum
1347 2890 1575 2956 quinque
1597 2898 1653 2943 et

599 2959 816 3023 triginta
842 2958 1007 3010 tribus
1028 2962 1356 3025 scripsissent
1384 2979 1480 3028 pro
1502 2967 1649 3032 quin-

599 3047 699 3098 que
737 3041 792 3082 et
825 3034 1025 3097 viginti.
1090 3036 1250 3087 Initio
1287 3039 1339 3087 in
1379 3047 1487 3092 tres
1520 3042 1666 3092 dun(

598 3117 748 3160 taxat
784 3110 946 3160 tribus
983 3113 1230 3177 populum
1265 3114 1511 3167 diviserat
1543 3120 1649 3171 Ro·

598 3186 780 3242 mulus,
818 3187 1245 3253 quemadmodum
1267 3205 1444 3242 omnes
1472 3194 1648 3247 Histo-

598 3261 695 3312 rici
719 3262 948 3315 tradunt.
1008 3265 1218 3315 Deinde
1238 3276 1460 3332 quatuor
1482 3271 1649 3324 Urba-

595 3353 712 3403 nas,
735 3340 956 3390 rusticas
987 3342 1160 3406 plures
1196 3343 1497 3397 instituerat
1530 3349 1649 3400 Ser-

598 3417 709 3467 vius
730 3418 942 3482 Tullius,
958 3427 1017 3468 ut
1039 3418 1127 3469 lib.
1150 3434 1189 3471 1.
1212 3435 1258 3470 c.
1279 3425 1362 3473 43.
1386 3427 1650 3477 annotavi·

593 3508 723 3544 mus.
806 3494 1009 3546 Auctus
1048 3496 1264 3548 subinde
1298 3506 1539 3551 numerus
1582 3504 1648 3554 ad

594 3572 812 3636 triginta
831 3573 1129 3638 et‘quinque
1152 3574 1362 3626 tandem
1381 3580 1649 3640 pervenitz

595 3647 683 3697 De
702 3663 916 3714 quarum
958 3663 1233 3715 progressu
1272 3658 1328 3702 et
1364 3654 1651 3709 nominibus

596 3722 771 3787 Sigon.
790 3725 1026 3789 inprimis
1051 3733 1105 3776 et
1129 3727 1406 3793 Gruclnius.

664 3808 691 3844 8
723 3802 867 3851 AEdes
884 3803 1121 3854 Mercurii
1151 3806 1394 3873 dedicata]
1444 3807 1651 3860 Idcirco

602 3872 782 3925 Idibus
804 3878 962 3929 Maiis
982 3879 1242 3950 dedicata,
1270 3883 1407 3948 quod
1443 3884 1649 3936 Mercu·

599 3949 707 3999 rius
744 3967 807 4002 eo
849 3956 934 4006 die
974 3966 1127 4009 natus
1171 3959 1467 4010 crederetur
1510 3964 1650 4025 apud

602 4023 929 4080 Martialem:
954 4034 1170 4098 Templa
1197 4035 1331 4085 enim
1362 4036 1523 4086 natali
1554 4051 1648 4087 nu-

596 4101 750 4151 minis
772 4105 920 4155 solita
940 4107 1170 4161 dedicari
1210 4126 1275 4162 ex
1298 4113 1456 4164 Festo
1484 4120 1644 4180 atque

596 4188 664 4229 ex
694 4175 792 4228 boc
826 4179 958 4229 Livii
994 4185 1106 4237 loco
1144 4188 1332 4251 probat
1370 4190 1644 4247 Turnebus

590 4251 681 4306 lib.
704 4266 768 4306 ιι.
791 4253 1071 4313 Adversar.
1091 4275 1141 4313 c.
1161 4266 1241 4313 11.

1792 2050 1817 2085 ¹¹
1855 2052 2124 2103 Vana-orum
2137 2048 2306 2113 gente]
2333 2048 2403 2097 V.
2421 2060 2540 2111 sup.
2561 2044 2672 2095 lib.
2689 2058 2731 2094 ι.
2750 2058 2795 2094 e.

1725 2134 1807 2179 65.
1876 2148 1884 2157 ·

1789 2205 1809 2239 ¹
1827 2205 1937 2255 Hac
1951 2203 2052 2268 ira]
2073 2202 2322 2254 Consules
2342 2198 2409 2250 ob
2430 2211 2545 2248 eam
2573 2210 2792 2246 causan

1728 2282 1809 2332 ira
1829 2282 2054 2334 accensi.
2507 2307 2514 2312 ·

1793 2357 1820 2393 ¹¹
1855 2357 2056 2409 Consilii
2097 2350 2302 2420 mam]
2363 2348 2531 2400 Solius
2577 2347 2793 2414 quidem

1731 2435 2052 2501 cogitationis
2107 2444 2308 2497 poenam
2360 2426 2630 2478 neminem
2688 2424 2796 2490 pati

1721 2515 1845 2579 jura
1870 2515 2172 2564 voluerunt:
2201 2514 2259 2559 at
2275 2504 2540 2557 consilium
2569 2516 2795 2566 pravum

1730 2598 1785 2641 et
1824 2591 2110 2656 inceptum,
2141 2596 2243 2653 quo
2264 2585 2373 2650 quis
2396 2582 2461 2632 ad
2487 2595 2604 2631 rem
2640 2577 2793 2643 perfi-

1731 2669 1965 2720 ciendam
1978 2682 2033 2719 se
2052 2660 2386 2731 computavit,
2406 2666 2558 2710 extra
2586 2671 2796 2723 penam

1730 2761 1834 2796 non
1854 2755 1955 2797 est.

1795 2823 1888 2875 ¹A
1929 2823 2056 2872 Cora
2092 2810 2231 2883 utque
2268 2809 2514 2874 Pometia]
2573 2810 2673 2862 De
2715 2808 2792 2860 his

1729 2900 2035 2951 Volscorum
2056 2894 2268 2947 urbibus
2288 2895 2463 2940 autea·

1793 2985 1831 3010 ¹¹²
1863 2972 2114 3036 Hernicis]
2146 2969 2268 3021 Orti
2291 2982 2321 3019 e
2346 2962 2556 3017 Sabinis
2598 2961 2791 3013 Herni-

1730 3052 1781 3103 ci
1813 3066 2002 3103 nomen
2034 3050 2341 3099 invenerunt
2373 3057 2404 3092 a
2423 3041 2632 3091 saxosis
2654 3054 2793 3090 moa-

1730 3129 1890 3194 tibus,
1930 3130 1984 3178 in
2028 3124 2216 3191 quibus
2269 3118 2582 3175 babitabant
2605 3134 2622 3167 z
2672 3131 2793 3166 saxa

1729 3207 1863 3256 enim
1887 3204 2086 3259 Sabinis
2107 3198 2403 3263 Marsisque
2438 3194 2651 3257 Herna,
2691 3200 2792 3242 tes-

1727 3282 1865 3333 tibus
1888 3283 2045 3333 Festo
2061 3284 2125 3331 et.
2137 3275 2334 3328 Servio.
2400 3272 2722 3322 Volscorum
2736 3269 2794 3320 fl-

1728 3359 1877 3411 nibus
1913 3370 2102 3421 magns
2138 3369 2203 3405 ex
2241 3356 2395 3418 parte
2436 3349 2651 3410 inclusi,
2694 3347 2793 3396 nisi

1728 3434 1865 3501 quod
1891 3447 2069 3484 versus
2091 3444 2327 3485 occasum
2365 3425 2656 3492 priscorum
2691 3425 2790 3511 13⁸·

1727 3511 1953 3562 tinorum
1972 3507 2224 3560 terminos
2260 3503 2593 3569 aliquatenus
2631 3508 2792 3550 atun-

1729 3590 1940 3656 gebant.
2004 3589 2197 3639 Cetera
2223 3584 2414 3650 AEquos
2444 3581 2511 3631 ad
2544 3579 2790 3631 occiden-

1727 3673 1832 3717 tem
1856 3667 2113 3727 aestivum,
2139 3658 2440 3714 Marsos‘ad.
2454 3657 2788 3723 septemtrio-

1727 3758 1848 3797 nem,
1885 3741 2232 3795 conterminos
2268 3736 2515 3791 habuere.
2597 3731 2790 3783 valida

1728 3836 1875 3885 gens,
1927 3819 2020 3871 sed
2068 3816 2317 3869 limitibus
2365 3813 2495 3864 satis
2536 3810 2787 3875 angustis.

1728 3897 1899 3962 Caput
1917 3896 2137 3960 urbium,
2151 3890 2407 3959 Anagnia.
2471 3889 2625 3940 Latio
2643 3893 2785 3952 post·

1727 3986 1791 4025 ea
1825 3972 2004 4023 addita
2033 3971 2258 4036 ipsorum
2289 3966 2450 4031 regio,
2484 3980 2607 4031 pars
2642 3977 2783 4013 nunc

1725 4042 2025 4114 Campaniae
2053 4047 2315 4104 Romane,
2351 4057 2414 4092 ac
2446 4041 2656 4125 ditionis
2678 4041 2784 4090 Ee·

1723 4127 2047 4191 clesiasticae,
2066 4124 2120 4175 in
2141 4120 2288 4187 regui
2304 4115 2640 4181 Neapolitani
2657 4124 2786 4163 con·

1720 4199 1862 4257 tinio.
