3034 4925
976 415 1120 463 mn.
1153 414 1250 462 -ιι.
1297 415 1462 463 οΑΡ.
1504 400 1613 465 55.
2274 400 2406 465 503

202 570 315 629 est
334 570 386 613 ¹⁹
428 580 469 627 a
499 560 917 627 consulibus.
1000 558 1258 625 Volero
1286 559 1589 644 appellat
1616 556 1946 624 tribunos.
1980 566 1987 570 ’
2034 557 2209 625 Cum
2237 579 2408 625 aux—

199 666 323 731 ilio
352 684 548 730 nemo
577 669 779 741 esset,
805 662 1119 728 consules
1150 661 1428 746 spoliari
1458 660 1816 737 homiuem,
1848 667 1914 727 et
1947 661 2167 745 virgas
2199 646 2409 748 expe-

200 767 327 833 diri
348 768 612 853 jubent.
678 773 701 804 ‘
724 764 1068 842 Provoco,'
1091 766 1327 849 inquit,
1348 770 1368 804 ‘
1385 765 1473 830 ad
1500 765 1871 849 populum,’
1897 764 2180 844 Volero,
2205 771 2226 800 ‘
2245 784 2408 849 quo-

199 870 383 934 niam
411 871 655 936 tribuni
684 871 903 937 civem
934 868 1319 934 Romanum
1349 867 1421 930 in
1450 873 1819 951 conspectu
1851 887 1976 935 suo
2001 868 2204 949 virgis
2235 869 2409 939 caedi
2469 936 2474 940 ,

200 974 474 1051 malunt,
522 992 723 1057 quam
774 973 910 1058 ipsi
955 972 1026 1037 in
1074 971 1260 1043 lecto*
1301 989 1428 1036 suo
1475 989 1521 1035 a
1563 970 1758 1051 yobis
1805 968 2161 1035 trucidari}
2249 969 2414 1050 Quo

200 1075 486 1141 ferocius
529 1075 944 1153 clamitabat,
972 1093 1052 1138 eo
1095 1073 1404 1138 infestius
1438 1070 1991 1137 circumscindere
2018 1078 2086 1136 et
2116 1071 2410 1155 spoliare

191 1179 417 1245 lictor.
506 1179 682 1244 Tum
735 1177 1007 1255 Volero,
1032 1167 1117 1242 'et
1160 1176 1536 1260 praevalens
1585 1176 1761 1258 ipse,
1808 1183 1880 1239 et
1930 1173 2411 1258 adjuvantibus

203 1279 617 1360 advocatis!
643 1278 1215 1364 repulsosslictore,
1248 1278 1361 1342 ubi
1394 1277 1880 1360 indignantium
1913 1295 2036 1360 pro
2065 1295 2138 1340 se
2171 1277 2409 1340 acerri-

203 1402 351 1449 mus
394 1391 540 1448 erat
581 1382 859 1460 clamor,
886 1401 971 1446 eo
1012 1401 1106 1446 se
1138 1382 1206 1444 in
1244 1381 1503 1447 turbam
1528 1379 2111 1445 *confertissimam
2140 1378 2407 1461 recipit,

205 1484 583 1563 clamitans,
632 1489 655 1520 ‘
687 1483 1022 1561 Provoco,
1076 1488 1145 1548 et
1202 1482 1404 1548 fidem
1459 1482 1678 1569 plebis
1735 1482 2045 1567 imploro.
2152 1480 2411 1545 Adeste

204 1586 423 1653 cives!
466 1587 702 1655 adeste
747 1586 1280 1652 commilitones!
1327 1586 1495 1650 nihil
1526 1591 1651 1664 est,
1682 1586 1863 1669 quod
1890 1585 2268 1669 expectetis
2297 1585 2404 1648 tri·

204 1689 442 1767 bunoS,
474 1690 715 1774 quibus
752 1690 921 1774 ipsis
946 1697 1172 1755 vestro
1200 1689 1455 1757 auxilio
1488 1709 1663 1774 opus
1691 1688 1836 1753 est!
1922 1687 2260 1752 Concitati
2289 1687 2408 1751 ho·

201 1791 437 1875 mineS,
493 1790 700 1858 veluti
759 1788 847 1856 ad
904 1792 1229 1875 praelium,
1282 1812 1357 1856 se
1409 1790 1819 1876 expediunt:
1879 1791 2409 1875 apparebatque,

203 1912 398 1957 omne
441 1893 800 1958 discrimen
831 1893 1103 1974 adesse3
1155 1893 1322 1958 nihil
1352 1896 1669 1977 cuiquam
1703 1900 2035 1970 sanctum,
2065 1913 2196 1956 non
2235 1893 2409 1976 pub·

201 1992 321 2057 lici
352 1992 512 2073 sore,
543 2012 675 2058 uon
705 1995 955 2078 privati
973 1995 1205 2080 juris.e
1291 1994 1481 2058 Huic
1512 2000 1714 2087 tantae
1748 1995 2127 2077 tempestati
2157 2004 2410 2056 cum'se

204 2096 525 2160 consules
557 2094 980 2174 obtulissent,
1008 2096 1213 2161 facile
1246 2095 1514 2180 experti
1543 2104 1721 2171 sunt,
1754 2115 1989 2179 parum
2021 2102 2231 2159 tutam
2272 2113 2407 2158 ma-

186 2196 502 2280 jestatem
554 2199 698 2262 sine
747 2196 1003 2262 viribus
1054 2216 1228 2261 esse.
1321 2196 1620 2262 Violatis
1676 2197 2057 2276 lictoribuS,
2110 2196 2411 2260 fascibus

194 2297 453 2393 fractis,
497 2318 536 2362 e
586 2298 731 2363 foro
781 2298 849 2363 in
896 2299 1141 2363 curiam
1188 2300 1717 2383 compelluntur;
1773 2300 2034 2378 incerti,
2080 2306 2410 2384 quatenus

198 2394 453 2465 Volero
513 2408 853 2467 exerceret
913 2402 1317 2470 victoriam-⁶
1422 2401 1941 2470 Conticescente
2001 2401 2249 2467 deinde
2305 2407 2406 2465 tu·
2482 2447 2493 2456 .

197 2502 439 2581 multu,
468 2523 621 2568 cum
664 2503 737 2567 in
779 2511 1090 2569 senatum
1122 2504 1350 2569 vocari
1382 2500 1871 2590 jussissent‚²0f
1910 2509 2269 2590 queruntur
2311 2503 2409 2565 in·

263 2668 300 2710 J
332 2670 429 2731 Ope
446 2670 704 2720 amicorum
725 2685 841 2734 quos
859 2670 953 2720 sibi
973 2669 1214 2731 adiutores
1240 2671 1570 2721 advocaverat.

205 2773 210 2778 .
266 2743 296 2777 1
333 2733 454 2784 Rem
472 2737 673 2803 uuilon,
693 2750 785 2784 m
805 2736 964 2797 mgis
990 2749 1094 2800 que
1119 2737 1306 2800 publico
1324 2736 1457 2798 „iun-e,
1480 2751 1621 2800 quam
1640 2751 1748 2800 quoe
1775 2737 1964 2800 privato
1986 2735 2241 2795 niteretur,
2261 2733 2414 2781 invio-

198 2798 394 2850 labilem
411 2801 634 2863 cuiquam
650 2800 1001 2860 antefatarum.

1120 2909 1485 2934 OONOOOOM

197 3012 267 3057 19
307 3007 324 3036 ‘
342 3008 501 3059 Forte
525 3009 695 3074 maiis,
740 3012 837 3075 qui,
859 3014 983 3076 quod
1003 3013 1191 3063 ordines
1207 3014 1441 3078 duxisset,
1459 3028 1638 3076 negare
1657 3029 1706 3064 se
1727 3015 1924 3064 militem
2042 3013 2054 3024 ’
2075 3011 2259 3069 debere,
2274 3009 2419 3059 lictor

196 3078 274 3122 est
312 3074 499 3124 missus.
564 3073 667 3123 Sed
705 3091 885 3139 parum
927 3078 1170 3140 interest,
1200 3080 1283 3142 qui
1316 3094 1381 3127 an
1405 3080 1522 3143 quia
1542 3077 1722 3145 legas.'
1754 3080 1813 3131 J.
1839 3077 1899 3129 F.
1979 3079 2271 3129 renem—20
2306 3071 2413 3124 Ms-

196 3138 381 3188 Veith.
420 3153 523 3190 cum
544 3145 762 3191 senatum
782 3142 943 3191 vocari
957 3141 1006 3203 j.
1029 3143 1148 3194 vid.
1174 3144 1300 3194 Not.
1325 3145 1450 3194 Ver.

1103 3305 1112 3311 ·
1198 3285 1416 3339 80⁹1·AE

195 3380 317 3443 quia
337 3381 535 3430 mavult
558 3379 850 3433 Gronovius
873 3382 953 3449 qui
966 3401 986 3443 ,·
1021 3386 1158 3451 quod
1174 3386 1267 3435 mi·
1349 3383 1474 3434 Non
1492 3386 1567 3434 ita
1587 3385 1872 3440 Gronovio,
1886 3385 1974 3449 qui
1998 3390 2219 3433 testatur
2234 3383 2284 3430 in
2304 3383 2416 3432 aliis

193 3455 248 3507 hi
300 3469 402 3506 non
435 3456 705 3521 displicet:
760 3473 1051 3524 quanquam
1089 3476 1268 3525 parum
1349 3461 1570 3508 vetustis
1613 3459 1880 3510 codicibus
1916 3459 2165 3522 scriptum
2212 3471 2326 3507 esse
2365 3458 2417 3505 in

194 3529 456 3580 interesse
474 3529 690 3588 fatetur,
714 3541 833 3584 utro
852 3535 1004 3584 modo
1027 3535 1276 3598 legamus.
1350 3535 1580 3586 Senatum
1597 3553 1615 3584 .-
1650 3545 1806 3600 atque
1826 3535 1901 3583 ita
1928 3534 2161 3583 restituit
2186 3548 2252 3582 ex
2277 3527 2416 3596 opti·

266 3615 292 3641 θ
326 3606 528 3664 Incerti,
561 3615 793 3672 quatenus
822 3606 990 3661 Volero
1032 3615 1270 3660 exerceret
1348 3613 1446 3660 mis
1470 3609 1601 3659 Mss.
1623 3611 1712 3661 lib.
1738 3624 1913 3659 χχιιι.
1950 3624 1997 3659 c.
2019 3614 2102 3658 32.
2142 3610 2324 3671 quoties
2364 3608 2415 3660 in

192 3681 477 3747 victor-iam]
511 3683 838 3735 Dubitabant
876 3687 1113 3737 consules
1145 3701 1271 3752 quo·
1349 3686 1580 3736 Senatum
1639 3689 1898 3745 vocassent,
1948 3693 2003 3733 et
2058 3683 2197 3747 apud
2239 3682 2417 3734 Valer-

197 3775 369 3825 nsque
391 3759 588 3812 Volero
612 3770 763 3825 parta
801 3763 867 3813 de
898 3763 1129 3827 patriciis
1164 3764 1270 3814 vic·
1313 3775 1316 3778 ·
1348 3759 1493 3811 Max.
1516 3760 1611 3809 lib.
1636 3775 1762 3810 vni.
1783 3775 1898 3823 cap.
1926 3763 1973 3809 3.
1997 3774 2090 3824 pro
2108 3775 2220 3823 quos
2241 3759 2293 3808 in
2327 3757 2416 3809 Se-

196 3835 342 3888 toria
382 3837 458 3886 uti
495 3837 687 3888 vellet:
722 3853 787 3889 an
824 3847 1100 3889 contentus
1129 3836 1272 3888 foret
1346 3846 1466 3889 natu
1486 3840 1647 3887 consul
1680 3843 1949 3901 rogaverat,
1975 3837 2208 3903 corrigit,
2228 3854 2343 3902 quos
2363 3839 2416 3889 in

198 3913 283 3962 sui
310 3909 647 3975 defensione3
682 3930 745 3964 au
776 3916 840 3965 ad
862 3916 1057 3966 caedem
1083 3929 1269 3965 cousu-
1350 3915 1582 3968 Senatum
1619 3919 1779 3967 consul
1807 3923 2082 3967 vocaverat.-
2115 3927 2170 3966 at
2205 3918 2320 3967 haec
2341 3919 2414 3967 lo-

197 3993 311 4043 lum
335 4000 394 4042 et
416 3991 639 4043 Senatus
663 4002 805 4043 esset
830 4003 1191 4059 prorupturus.
1351 3995 1543 4061 queudi
1578 3992 1761 4058 forms,
1793 3996 1809 4023 ‘
1826 3994 2050 4059 aliquem
2090 3994 2139 4043 in
2162 3994 2413 4045 Senatum

266 4065 292 4099 f
322 4065 449 4117 Cum
465 4069 517 4117 in
537 4083 635 4119 sen.
666 4067 798 4134 [cum
830 4069 1071 4135 matum]
1109 4069 1271 4121 vocari
1351 4069 1580 4126 vocare?
1595 4071 1717 4119 nihil
1737 4069 1894 4119 habet
1910 4069 2063 4119 novi:
2089 4077 2267 4135 estque
2281 4071 2412 4120 mui-

183 4142 474 4206 jussissent]
511 4143 763 4208 Agnoscit
804 4143 969 4196 Rhen.
1008 4149 1059 4195 in
1100 4146 1269 4195 veteri
1351 4153 1461 4197 tum
1483 4145 1692 4195 diversa
1713 4146 1781 4196 ab
1805 4144 1897 4194 ilia
1933 4146 2100 4195 nitere
2132 4161 2231 4211 qua
2263 4147 2413 4198 abso·

200 4218 532 4282 codice,cnm
548 4219 600 4268 in
618 4219 800 4271 Senatu
817 4225 976 4272 vocari
986 4221 1265 4283 jussissent.-
1328 4223 1459 4274 ‘lute
1476 4222 1669 4273 dicitur
1692 4222 1804 4287 quis
1824 4221 1899 4271 ‘iu
1918 4220 2166 4274 Senatum
2187 4220 2413 4285 vocares

200 4295 297 4345 sed
324 4296 539 4359 vulgata
560 4295 721 4346 lectio
742 4297 843 4361 ipsi
865 4300 1027 4363 magis
1060 4299 1271 4350 arridet.
1350 4312 1456 4347 non
1478 4296 1662 4350 addito
1684 4297 1796 4364 quis
1820 4303 2053 4348 vocetur.
2398 4291 2405 4309 *
