3034 4925
2346 390 2467 457 173

286 550 529 634 egressi
558 547 886 637 Trojani,'
913 553 985 614 ut
1014 550 1254 633 quibus
1286 550 1726 615 ab'immenso
1753 553 1962 634 prope
1990 557 2207 617 errore
2227 587 2250 634 f
2278 552 2463 632 nihil,

284 660 514 738 praeter
556 674 742 719 arma
779 662 848 717 et
884 671 1115 730 naves,
1163 664 1563 737 superesset,
1614 673 1763 718 cum
1807 654 2111 737 praedam
2149 674 2237 720 ex
2289 658 2466 740 agris

286 761 565 837 agerent,
597 756 883 821 Latinus
914 774 1039 820 rex
1056 763 1087 802 ‘¹
1118 754 1705 840 Aboriginesque,r
1723 754 2003 841 quitum
2032 775 2113 822 ea
2148 758 2465 824 tenebant

283 857 458 936 loca,
503 858 592 922 ad
637 858 992 924 arcendam
1040 859 1175 923 vim
1222 859 1620 924 advenarum
1668 860 1903 924 armati
1942 879 2031 924 ex
2061 861 2219 925 urbe
2260 869 2466 946 atque

284 961 457 1041 agris
481 970 901 1028 concurrunt.
991 962 1263 1045 Duplex
1294 960 1485 1027 inde⁶
1513 960 1693 1026 fama
1712 969 1815 1027 est
1835 983 1851 1026 :
1872 969 1894 998 ⁸
1919 961 2038 1027 alii
2064 963 2300 1046 praelio
2324 965 2466 1030 vic-

283 1066 415 1127 tum
447 1065 759 1129 Latinum
788 1084 1020 1149 pacem
1046 1085 1200 1130 cum
1226 1066 1470 1143 AEnea‚
1494 1063 1731 1128 deinde
1753 1063 2134 1130 affinitatem
2149 1066 2465 1149 junxisse

283 1167 580 1232 tradunt:
612 1168 749 1246 alii,
776 1189 929 1234 cum
957 1170 1296 1235 instructae
1336 1165 2037 1246 acies'constitissent‚
2073 1169 2464 1251 priusquam

199 1325 208 1337 ,
282 1268 466 1349 signa
496 1277 822 1348 canerent,
849 1274 1258 1355 processisse
1287 1270 1600 1335 Latinum
1628 1270 1794 1335 iuter
1817 1270 2161 1353 primores,
2189 1270 2465 1336 ducem-

282 1388 403 1452 que
433 1371 837 1439 advenarum
867 1392 1190 1440 evocasse
1219 1371 1306 1437 ad
1338 1370 1787 1456 colloquium3
1817 1378 2319 1456 percunctatum
2348 1370 2465 1436 de-

1112 403 1256 453 mu.
1304 404 1351 452 1.
1399 405 1565 453 car.
1589 388 1653 451 1.

1184 1537 1271 1559 000
1276 1536 1544 1559 ‘nmen

283 1614 508 1668 Gronov.
534 1620 745 1684 conjicit
777 1621 837 1671 ab
876 1621 1047 1673 Sicilia
1080 1624 1274 1673 classem
1293 1618 1712 1686 Laurentem—6}
1733 1620 1965 1671 Gronov.
1990 1618 2205 1683 Doujat.
2232 1617 2487 1669 Crevier-³

287 1725 294 1730 ’
1259 1753 1478 1806 NoTAE
1980 1721 1991 1736 ’

343 1846 373 1877 ”’
406 1848 545 1899 Ante
569 1849 697 1901 Urb.
721 1850 875 1902 cond.
897 1866 984 1905 an.
1004 1856 1120 1904 429.

342 1934 365 1981 ὴ
404 1925 590 1983 Quibus
624 1927 685 1977 ab
721 1929 943 1978 immenso
974 1945 1119 1995 prope
1156 1944 1331 1988 errore,

279 2001 381 2065 ξω]
434 2002 754 2054 Immensum
792 2005 935 2056 illum
970 2020 1195 2056 errorem
1230 2021 1332 2057 non

280 2080 521 2141 exprimit
548 2080 743 2139 Livius,
765 2083 1115 2147 superioribus
1133 2084 1328 2145 verbis3

278 2156 459 2220 quibus
492 2158 544 2207 iu
585 2157 945 2209 Macedoniam
979 2160 1333 2224 Siciliamque,

277 2246 335 2280 ac
369 2233 577 2282 tandem
611 2235 921 2284 Laurentem
952 2249 1131 2299 agrum
1168 2251 1331 2299 appu-

280 2308 392 2358 lisse
412 2310 664 2374 Trojanos
691 2310 836 2361 dicit.
869 2312 971 2362 Sed
994 2314 1123 2370 loca,
1148 2317 1201 2363 in
1220 2314 1331 2379 qui·

280 2386 370 2435 bus
390 2388 577 2438 AEneas
600 2388 754 2438 urbes
776 2390 998 2441 condere
1029 2391 1216 2453 voluit,
1250 2398 1329 2441 at-

279 2465 446 2529 tigisse
484 2473 782 2532 contentus,
825 2477 1003 2519 cetera
1042 2468 1330 2533 praeterrni-

278 2542 357 2598 sit,
379 2558 495 2607 quae
519 2545 674 2608 vulgo
695 2550 773 2592 sat
792 2552 916 2595 nota
937 2553 1101 2594 erant.
1135 2546 1330 2595 Multas

276 2618 393 2667 alias
417 2627 585 2669 terras
610 2621 837 2684 petierat
859 2621 1067 2685 AEneas,
1093 2630 1151 2672 ut
1174 2621 1329 2673 doce·

281 2693 355 2745 bit
380 2698 666 2761 Dionysius
703 2698 975 2750 Halicarn.
1001 2700 1092 2749 lib.
1118 2714 1157 2749 1.
1179 2715 1227 2749 c.
1245 2702 1329 2749 4⁷.
1365 2727 1370 2735 ·

278 2778 331 2822 'et
350 2787 489 2838 seqq.
526 2774 669 2824 Hinc
691 2776 958 2837 Virgilius,
980 2777 1067 2842 qui
1091 2791 1194 2827 non
1220 2791 1328 2827 om·

276 2846 359 2897 nia
377 2848 551 2911 finxit,
569 2851 661 2900 sed
685 2850 735 2900 in
757 2852 930 2900 multis
953 2852 1217 2918 antiquam
1248 2849 1329 2902 fa·

276 2937 402 2976 mam
425 2934 641 2978 secutus
661 2936 761 2991 est,
781 2927 970 2991 passim
994 2930 1176 2992 longos
1198 2930 1327 2979 Tro-

264 3002 495 3065 janorum
522 3019 723 3057 errores
746 3014 1014 3067 memorat,
1046 3022 1173 3072 quos
1208 3006 1327 3058 ideo

276 3081 421 3128 etiam
471 3081 653 3131 Livius
709 3088 725 3112 ‘
746 3082 1045 3132 immensos’
1101 3084 1327 3134 vocavit.

276 3155 485 3206 Error-es
509 3167 684 3208 autem
708 3160 784 3209 illi
816 3174 918 3210 non
955 3175 986 3209 a
1020 3160 1197 3210 Sicilia
1236 3161 1327 3209 de·

275 3245 403 3283 mum
428 3243 722 3298 coeperunt,
757 3237 849 3286 sed
874 3237 940 3287 ab
962 3237 1074 3302 ipso
1099 3237 1327 3287 discessu

263 3314 338 3358 'ex
370 3312 607 3375 Troade3
642 3328 809 3378 neque
841 3314 976 3363 euim
1010 3314 1327 3364 ‘immensus

277 3388 441 3436 error'
483 3387 589 3438 fuit
640 3391 897 3454 navigatio
940 3405 1007 3440 ex
1051 3391 1228 3441 Sicilia
1273 3391 1326 3440 in

278 3461 529 3528 Africam,
563 3479 593 3514 a
627 3466 805 3515 Sicilia
842 3481 1023 3530 parum
1061 3475 1329 3531 remotam,

278 3551 370 3588 nec
415 3541 591 3589 Livius
630 3542 807 3592 fictum
850 3543 954 3591 iter
996 3543 1047 3591 in
1092 3542 1325 3594 Africam

279 3629 446 3667 verum
467 3618 737 3669 credebat.
774 3620 959 3684 ltaque
972 3621 1097 3670 nihil
1115 3620 1199 3670 hic
1218 3636 1326 3670 mu-

277 3693 501 3755 tandum,
525 3709 624 3744 nee
658 3694 963 3759 refingenda
999 3710 1142 3746 mens
1175 3696 1325 3748 Livii.

276 3768 327 3817 J.
353 3770 578 3820 Clericus.

337 3852 361 3887 ‘³
392 3847 601 3897 Latinus
625 3847 754 3911 Rex]
790 3849 951 3899 Fauni
972 3849 1107 3900 filius
1126 3864 1192 3900 ex
1210 3851 1326 3901 Ma·

281 3920 378 3970 rica
405 3924 647 3989 Nympha
668 3927 805 3989 (quae
835 3933 891 3976 et
915 3927 1096 3990 Fatua,
1120 3936 1175 3977 et
1196 3929 1324 3978 Fau·

282 4008 360 4060 na,
380 4013 410 4047 a
429 4001 626 4060 Fando,
648 4001 703 4051 id
716 4009 817 4066 est,
837 4004 1327 4068 vaticinando,nuu·

279 4075 487 4140 cupata)
533 4077 647 4128 Pici
697 4093 880 4144 nepos,
934 4081 1160 4144 Saturni,
1211 4081 1325 4147 (qui

280 4161 389 4198 cum
437 4152 574 4202 Jauo
617 4152 984 4217 Aboriginibus
1027 4155 1327 4221 imperavit)

280 4237 547 4292 pronepos.
592 4228 692 4278 Ille
714 4230 804 4279 hos
838 4237 960 4280 tunc
992 4231 1210 4297 populos
1244 4246 1322 4281 re·

281 4307 447 4369 gebat,
481 4307 567 4374 qui
608 4308 677 4358 de
711 4307 872 4374 ipsius
916 4309 1120 4360 nomine
1152 4307 1325 4359 Latini

1403 1856 1677 1918 coepemut
1703 1849 1971 1915 appellari.
2018 1849 2257 1902 ,lustinus
2291 1853 2463 1897 tamen

1405 1930 1649 1980 Latinum
1686 1944 1750 1978 ex
1781 1927 1889 1977 filia
1927 1928 2087 1976 Fauni
2111 1934 2166 1976 et
2201 1926 2464 1987 Hercule3

1405 2004 1670 2056 Hesiodus
1702 2011 1758 2054 et
1798 2003 2100 2054 Marcianus
2145 2002 2355 2053 Heracl.
2397 2015 2464 2051 ex

1404 2083 1593 2148 Ulysse
1629 2088 1686 2132 et
1714 2081 1898 2141 Circe;
1937 2079 2176 2144 Hyginus
2209 2094 2275 2129 ex
2310 2078 2463 2129 Circe

1405 2167 1458 2209 et
1480 2159 1814 2215 Telemacho,
1838 2157 2040 2221 Ulyssis
2074 2171 2135 2207 ac
2168 2156 2462 2220 Penelopes

1404 2237 1533 2301 filio,
1555 2243 1731 2287 natum
1750 2234 2068 2285 fabulantur.

1469 2320 1490 2347 ¹⁸
1536 2313 1932 2377 Aboriginesque]
1992 2313 2245 2362 Veterum
2302 2310 2462 2375 aliqui

1404 2390 1544 2455 apud
1575 2391 1838 2440 Halicarn.
1874 2390 2160 2451 Aborigines
2180 2388 2348 2437 Italiae
2386 2389 2463 2436 iu-

1403 2469 1620 2534 digenas
1644 2466 2027 2527 existimabant,
2044 2467 2118 2515 sic
2138 2466 2325 2528 dictos,
2340 2479 2464 2528 qua·

1403 2546 1445 2594 si
1487 2542 1837 2609 primigenios,
1870 2549 1926 2591 et
1961 2542 2027 2591 ab
2055 2541 2257 2603 origine
2294 2540 2464 2605 prima

1401 2620 1597 2671 ibidem
1640 2626 1967 2683 procreatos;
2017 2618 2097 2667 vel
2132 2617 2325 2682 absque
2360 2610 2463 2669 ilia

1403 2696 1620 2759 origiue.
1666 2694 1937 2744 Putabant
1970 2693 2055 2743 alii
2089 2707 2346 2742 convenas
2381 2691 2463 2741 fu-

1401 2775 1519 2836 isse,
1552 2771 1768 2822 incertis
1812 2780 2062 2834 vagantes
2104 2769 2333 2826 sedibus.
2372 2771 2463 2835 qui

1402 2851 1577 2915 copias
1598 2864 1716 2899 suas
1738 2849 1789 2897 in
1824 2862 1890 2898 ea
1929 2849 2135 2912 regione
2167 2848 2461 2911 junxerint,

1403 2942 1516 2993 qun
1541 2934 1726 2992 postea
1758 2926 1960 2977 Latium
1995 2925 2286 2989 appellata;
2321 2926 2463 2976 ideo·

1402 3020 1504 3071 qne
1531 3005 1695 3070 primo
1716 3002 2052 3067 Aben-fgem,
2092 3010 2228 3068 post,
2262 3010 2461 3053 mutata

1403 3096 1502 3132 una
1522 3081 1694 3138 litera,
1729 3079 1891 3129 altera
1923 3079 2149 3137 ademta,
2173 3078 2465 3142 Aborigeaes

1401 3158 1806 3224 cognominatos.
1861 3156 1968 3206 Alii
1992 3158 2234 3220 Ligurum
2255 3157 2461 3206 colonos

1404 3233 1710 3285 credebaut.
1755 3232 1861 3284 Sed
1899 3234 2242 3282 Romanorum
2265 3232 2458 3281 doctis·
2492 3242 2511 3257 ⁶

1401 3312 1516 3362 simi
1534 3312 1610 3361 Μ.
1635 3310 1767 3360 Cato
1790 3317 1843 3359 et
1873 3309 1932 3360 C.
1958 3310 2287 3373 Sempronius
2310 3307 2461 3357 Grae·

1400 3404 1489 3440 cos
1510 3387 1671 3438 fuisse
1707 3385 2046 3436 affirmabant.
2100 3386 2221 3448 lpse
2259 3386 2460 3448 Diony-

1403 3466 1507 3516 sius
1545 3464 1764 3529 conjicit
1801 3462 2135 3512 OEuotrorum
2160 3459 2313 3510 fuisse
2339 3474 2460 3523 pro-

1403 3543 1628 3607 geniem,
1673 3539 1859 3606 quibus
1897 3554 1963 3589 ex
2012 3538 2238 3588 Arcadia
2280 3536 2455 3598 origo:

1400 3620 1677 3684 dictosque
1712 3616 1913 3666 Graeeis
1932 3615 2223 3678 Aborigines
2248 3611 2344 3661 ἀπὸ
2364 3614 2460 3661 τᾶν

1400 3695 1535 3760 δρῦν,
1555 3709 1584 3744 a
1607 3691 1885 3756 montibus,
1909 3692 1962 3741 in
1987 3691 2172 3755 quibus
2192 3687 2456 3738 Arcadum

1399 3785 1543 3824 more
1565 3770 1847 3835 degebant.

1463 3859 1482 3884 ⁸
1514 3849 1709 3913 Duplex
1729 3848 1837 3897 inde
1857 3841 2073 3910 [exinde]
2094 3841 2233 3902 smnu
2253 3844 2349 3909 est]
2386 3844 2459 3893 U-

1398 3933 1631 3990 tramque
1647 3923 1957 3976 sententiam
1974 3922 2243 3985 amplexus
2257 3923 2456 3971 estVir-

1400 4003 1575 4066 gilius,
1591 3999 1758 4050 foedus
1782 3999 1946 4062 primo
1969 3995 2107 4047 inter
2130 3999 2338 4049 AEneam
2361 3999 2457 4047 La·

1400 4079 1668 4142 tinumque
1691 4078 1870 4132 ictum,
1894 4081 2175 4139 pactasque
2201 4075 2338 4124 ultro
2359 4075 2458 4123 La·

1400 4156 1548 4205 viniae
1572 4154 1782 4217 nuptias
1805 4167 2116 4216 memorans3
2151 4168 2267 4218 quae
2285 4158 2458 4202 tamen

1404 4237 1594 4283 cuncta
1634 4230 1793 4280 Turni
1834 4244 1977 4280 amor
2016 4230 2335 4289 turbaverit3
2394 4244 2456 4279 ac

1403 4308 1595 4361 deinde
1616 4309 1817 4361 bellum
1838 4315 2031 4374 ortum,
2066 4308 2376 4372 victumque,
2398 4313 2461 4358 et
