3034 4925
1067 361 1215 409 Lm.
1266 361 1314 409 1.
1363 361 1525 408 osv.
1571 342 1634 407 3.
2301 345 2448 442 ‘179

262 510 374 584 tae,
401 505 619 571 Prisci
650 506 870 571 Latini
901 505 1249 590 appellati.
1336 504 1590 569 Mansit
1609 504 1862 589 Sylviis
1880 511 2116 590 postea
2145 507 2447 573 omnibus

259 616 676 690 cognomen,⁸
695 618 747 648 ¹0
797 609 915 693 qui
982 608 1174 673 Albae
1231 616 1606 691 regnarunt.
1693 606 1934 673 Latino
1991 608 2173 675 Alba
2225 610 2451 689 ortus)

260 709 446 775 Alba
468 710 663 795 Atys»,
682 711 861 798 Atye
893 710 1150 796 CapyS,
1168 710 1403 795 Capye
1422 709 1749 793 CapetuS,
1771 710 2031 795 Capeto
2048 711 2401 778 Tiberinus
2424 733 2444 795 3
2532 797 2537 802 ⁴

261 813 483 896 qui,in
523 815 799 898 trajectu
826 812 1095 878 Albulae
1124 814 1334 877 amnis
1363 829 1787 889 summersuS,
1817 814 2075 878 celebre
2103 814 2187 878 ad
2220 822 2445 897 poste-

259 936 370 979 ros
396 937 638 982 nomen
668 916 917 981 flumini
942 916 1143 982 dedit.
1231 915 1536 1000 Agrippa
1565 915 1717 979 inde
1742 914 2037 980 Tiberini
2066 916 2265 995 filius,
2295 926 2448 1001 post

259 1016 632 1103 Agrippam
690 1018 1025 1084 Romulus
1051 1028 1098 1059 ¹¹
1148 1020 1447 1104 SylviuS,
1495 1037 1537 1083 a
1591 1025 1777 1101 patre
1821 1025 2097 1103 accepto
2139 1019 2442 1104 imperio,

261 1130 516 1202 regnat.
604 1121 951 1200 Aventino,
996 1122 1272 1186 fulmine
1317 1122 1463 1204 ipse
1507 1121 1714 1197 ictuS,
1760 1140 2027 1202 regnum
2059 1141 2176 1204 per
2207 1141 2444 1187 manus

249 1222 576 1290 tradidit:
618 1226 701 1302 is,
728 1225 1029 1309 sepultus
1058 1223 1124 1288 in
1153 1244 1236 1289 eo
1267 1223 1468 1300 colle,
1507 1222 1624 1306 qui
1653 1240 1828 1286 nunc
1867 1228 1973 1286 est
2003 1241 2159 1305 pars
2191 1221 2447 1287 Roma-

258 1342 362 1389 nae
393 1327 607 1403 urbiS‚
655 1347 1013 1412 cognomen
1051 1328 1205 1392 colli
1243 1326 1425 1391 fecit.
1512 1326 1732 1414 Proca
1783 1325 2025 1389 deiude
2069 1330 2332 1407 regnat:
2382 1325 2444 1388 is

263 1422 685 1493 Numitorem
725 1435 927 1512 atque
957 1425 1296 1493 Amulium
1326 1434 1657 1512 procreat.
1747 1426 2111 1504 Numitori,
2141 1427 2259 1510 qui
2290 1427 2444 1491 stir-

260 1527 366 1607 pis
394 1530 735 1594 maximus
766 1536 932 1607 erat,
965 1549 1233 1614 regnum
1268 1536 1642 1595 vetustum*
1694 1529 1950 1614 Sylviae
1998 1530 2208 1613 gentis
2237 1530 2441 1612 legat.

264 1628 428 1696 Plus
472 1640 699 1698 tamen
746 1634 853 1697 vis
895 1633 1140 1716 potuit,
1179 1653 1377 1716 quam
1411 1634 1723 1698 voluntas
1749 1634 1956 1718 patris
1986 1640 2106 1697 aut
2136 1652 2443 1697 verecun-

262 1731 374 1797 dia
402 1738 681 1799 aetatis?
768 1737 978 1801 Pulso
1017 1735 1236 1807 fratre,
1273 1735 1584 1800 Amulius
1624 1742 1929 1819 regnate&
1975 1736 2166 1800 addit
2204 1735 2444 1799 sceleri

263 1836 522 1902 scelus:
563 1839 838 1922 stirpem
864 1838 1085 1903 fratris
1106 1839 1358 1904 virilem
1375 1847 1401 1875 ⁸
1422 1841 1764 1905 interimit:
1809 1835 2026 1905 fratris
2043 1839 2202 1904 filiae
2225 1837 2440 1903 Rheae

261 1938 507 2022 Sylviae
532 1951 559 1978 ⁸
606 1962 730 2027 per
767 1944 1066 2027 speciem
1095 1942 1396 2024 honoriS,
1421 1961 1574 2007 cum
1601 1942 1950 2008 Vestalem
1974 1962 2119 2008 eam
2147 1942 2444 2025 legisset,

262 2055 572 2128 perpetua
602 2045 977 2129 virginitate
1004 2066 1192 2131 spem
1222 2050 1451 2131 partus
1478 2046 1734 2112 adimit.

1260 2248 1285 2267 0
1291 2245 1340 2268 ‘O
1346 2247 1530 2269 ‘0600‘

264 2391 370 2441 dire
384 2394 446 2444 τὸ
465 2394 535 2444 ibi
549 2410 567 2444 .-
599 2402 655 2444 et
671 2394 806 2444 bella
821 2394 1128 2458 ἔτιεήγησιςῖ
1157 2396 1214 2445 J.
1237 2396 1298 2447 F.
1326 2396 1666 2447 cmm-10
1681 2397 1891 2446 ‘alandt
1905 2396 2109 2446 Silvium
2129 2411 2177 2457 p.
2208 2411 2252 2445 ο.
2273 2409 2445 2455 cogunt

265 2472 377 2507 men.
419 2460 506 2510 Ita
533 2460 840 2525 Lipsius,et,
865 2462 950 2510 vix
971 2470 1071 2522 est,
1088 2462 1275 2539 inquit,
1298 2471 1357 2513 ut
1380 2462 1534 2512 aliter
1554 2461 1747 2512 Livius.
1812 2462 1979 2522 Vulgo
1996 2461 2265 2524 legebatur
2289 2467 2443 2511 autea

265 2522 456 2587 Silvius,
482 2540 579 2589 pro
618 2526 799 2584 veteri,
820 2542 971 2591 quam
1010 2528 1209 2577 invenit
1250 2527 1303 2576 in
1332 2527 1436 2577 suis
1473 2527 1740 2592 ediditque
1763 2526 2074 2590 Campanus,
2104 2540 2297 2589 nosque
2319 2540 2443 2575 con·

264 2591 517 2649 speximus
539 2593 591 2641 in
617 2592 788 2641 Oxou.
806 2606 867 2642 ac
884 2593 1031 2643 Rott.
1055 2601 1110 2643 et
1131 2592 1281 2642 amici
1304 2592 1468 2641 nostri
1501 2591 1557 2641 in
1581 2590 1905 2654 cuneatim-o,
1926 2599 1979 2641 et
2002 2591 2224 2641 omnium
2247 2591 2442 2655 optimo

267 2651 398 2705 Flor.
416 2657 608 2707 Mansit
621 2657 791 2707 Silviis
816 2663 981 2722 postea
1000 2658 1212 2708 omnibu
1229 2656 1519 2720 commen?
1554 2657 1846 2706 Idem—ll
1881 2660 1897 2686 ⁸
1922 2657 2161 2707 Muretus
2192 2656 2257 2706 ad
2281 2671 2447 2721 marg.

267 2716 378 2769 libri
398 2722 476 2771 sui
501 2725 706 2775 notavit
729 2723 1202 2786 &mundalium
1227 2738 1296 2773 ex
1316 2723 1421 2775 Ms.
1444 2737 1508 2773 an
1533 2737 1598 2772 ex
1621 2721 1957 2787 conjectura-¹
1989 2722 2141 2772 Idm.

1241 2926 1456 2979 NOTAE

269 3037 596 3104 Nomentum,
615 3041 856 3106 Fidenas,
873 3042 1167 3103 Collatiam,
1183 3042 1309 3093 Cas·
1388 3057 1572 3093 nomeu
1594 3043 1846 3107 accipitur
1870 3055 1963 3106 pro
1986 3042 2080 3092 viri
2101 3042 2319 3107 alicujus
2353 3058 2444 3108 sp-

268 3118 392 3163 trum
427 3117 549 3165 Invi
585 3126 639 3167 et
671 3118 852 3168 Boiam
887 3118 1102 3168 coloniis
1132 3132 1307 3182 regum
1387 3120 1693 3182 pellatione,
1719 3121 1880 3183 magis
1919 3126 2017 3182 est,
2051 3129 2111 3168 ut
2145 3135 2260 3169 crim
2283 3120 2440 3170 dandi

271 3191 574 3244 Albanorum
616 3203 943 3245 annumerat:
991 3209 1092 3244 non
1138 3202 1307 3245 tamen
1388 3210 1510 3245 casu
1535 3195 1834 3261 conjunget,
1856 3202 1914 3244 nt
1937 3211 1984 3246 c.
2001 3199 2084 3245 39.
2115 3196 2132 3224 ⁸
2152 3197 2247 3247 Cui
2261 3197 2441 3247 Servio

269 3265 545 3335 Praeneste,
566 3284 660 3321 nec
680 3270 863 3329 Tibur,
896 3278 988 3322 aut
1010 3271 1310 3336 Tusculum,

269 3357 371 3406 qnoe
408 3349 605 3412 oppida
639 3349 767 3399 alios
811 3348 1038 3398 habuere
1079 3348 1325 3404 condito„

269 3432 359 3469 res.

328 3504 346 3528 ⁸
379 3499 565 3549 Mansit
586 3500 770 3565 Sylviis
784 3505 949 3565 postea
969 3500 1180 3550 omuibus
1198 3515 1309 3563 cog·

270 3574 441 3639 nomen]
474 3576 773 3641 Legebatur
796 3578 950 3642 vulgo
970 3577 1179 3642 Sylvius.
1239 3580 1311 3630 At

275 3646 549 3705 Gronovius
570 3669 638 3703 ex
658 3656 789 3706 Mss.
810 3653 1101 3704 nominandi
1132 3670 1307 3707 casum

274 3729 419 3778 vertit
449 3730 498 3779 iu
539 3746 714 3782 casnm
754 3730 946 3781 dandiz
992 3731 1309 3782 emendatio·

277 3815 478 3870 nemque
512 3823 657 3858 susm
691 3808 918 3872 pluribus
941 3805 1187 3857 Auctoris
1218 3822 1309 3858 ex·

276 3885 443 3945 emplis
489 3886 773 3937 confirmat.
840 3887 1042 3949 Lipsius
1093 3885 1311 3949 Sylvium

275 3972 424 4012 nornen
445 3965 686 4027 malebat,
706 3964 852 4030 quasi
886 3979 950 4013 ex
989 3964 1122 4014 Livii
1154 3966 1308 4029 stylo.

185 4083 194 4094 ,
278 4034 450 4088 Verum
473 4041 575 4101 hic,
599 4049 722 4090 tunc
747 4040 949 4105 quidem
986 4056 1100 4090 cum
1125 4056 1309 4092 nomen

280 4125 367 4173 pro
398 4125 550 4179 gente
590 4132 681 4168 seu
722 4117 918 4168 familia
954 4121 1191 4181 sumitur,
1237 4121 1309 4171 ita

283 4201 455 4247 ponere
497 4203 673 4245 amat:
719 4203 778 4244 ut
816 4194 906 4245 lib.
937 4209 1004 4246 u.
1049 4195 1309 4246 ‘Invisum

282 4275 380 4318 erat
400 4269 604 4324 Fabium
634 4284 823 4324 nomen
859 4272 998 4338 plebi
1014 4272 1047 4323 :'
1080 4274 1171 4324 sed
1195 4288 1311 4325 cum

1382 3270 1549 3322 Tullio
1592 3287 1777 3323 nomen
1817 3271 1966 3323 fuitz’
2007 3272 2110 3322 nisi
2150 3271 2285 3323 forte
2327 3273 2442 3323 hoec

1391 3350 1679 3413 promiscue
1701 3358 1988 3411 sumuntur,
2009 3352 2087 3400 uti
2109 3365 2175 3399 ex
2198 3366 2245 3400 c.
2269 3356 2314 3400 1.
2339 3353 2442 3401 col·

1388 3422 1478 3491 ligi
1519 3426 1739 3476 videtur.
1805 3425 1889 3476 Ibi
1933 3426 2068 3475 enim
2120 3439 2202 3475 res
2256 3427 2441 3474 eadem

1390 3501 1533 3550 varie
1554 3501 1877 3565 exprimitur,
1898 3502 2039 3551 nullo
2077 3506 2225 3550 certo
2260 3499 2441 3549 discri-

1388 3579 1558 3627 mine:
1592 3578 1877 3641 ‘Pagoque
1919 3578 2040 3627 iude
2082 3576 2307 3640 Trojano
2348 3590 2440 3625 uo·

1387 3667 1507 3703 men
1533 3661 1615 3703 est
1629 3654 1662 3702 ι’
1698 3654 1885 3704 deinde
1906 3658 1922 3682 ⁴
1945 3654 2104 3720 Troja
2124 3662 2178 3704 et
2194 3653 2311 3702 huie
2328 3653 2441 3703 loco

1388 3729 1623 3780 nomenz'
1656 3746 1718 3782 sc
1747 3731 1987 3796 denique,
2022 3731 2140 3782 ‘eui
2161 3730 2440 3782 Ascanium

1389 3817 1634 3872 parentes
1654 3809 1838 3858 dixere
1860 3806 2079 3858 nomen.'

1454 3887 1471 3919 ⁸
1500 3885 1678 3934 Latino
1699 3886 1825 3935 Alba
1843 3884 1997 3949 mus]
2031 3883 2103 3934 Hi
2134 3890 2192 3934 et
2225 3899 2440 3950 sequen·

1389 3969 1471 4014 tes
1505 3962 1821 4013 Albanorum
1860 3977 2029 4026 reges,
2062 3963 2302 4028 quoniam
2342 3978 2441 4014 nec

1388 4038 1570 4089 iisdem
1595 4037 1900 4100 nominibus,
1914 4053 2010 4088 nec
2029 4039 2233 4088 omuino
2257 4039 2438 4088 eodem

1388 4129 1601 4165 numero
1620 4121 1775 4179 atque
1798 4115 1977 4166 ordine
1999 4116 2065 4165 ab
2088 4117 2321 4166 omnibus
2360 4131 2439 4164 re-

1391 4192 1663 4253 feruntur;
1708 4192 2005 4254 absurdum,
2046 4195 2250 4257 opinor,
2301 4192 2440 4242 haud

1391 4270 1570 4335 fuerit,
1599 4270 1758 4336 juxta
1794 4271 2026 4325 diversas
2060 4274 2438 4338 praecipuorum
