<?xml version="1.0" encoding="UTF-8"?>
<!DOCTYPE html PUBLIC "-//W3C//DTD XHTML 1.0 Transitional//EN"
    "http://www.w3.org/TR/xhtml1/DTD/xhtml1-transitional.dtd">
<html xmlns="http://www.w3.org/1999/xhtml" xml:lang="en" lang="en">
 <head>
  <title>
</title>
<meta http-equiv="Content-Type" content="text/html;charset=utf-8" />
  <meta name='ocr-system' content='tesseract 3.04.00' />
  <meta name='ocr-capabilities' content='ocr_page ocr_carea ocr_par ocr_line ocrx_word'/>
</head>
<body>
  <div class='ocr_page' id='page_1' title='image "./tliviipatavinih23unkngoog_0488.png"; bbox 0 0 3034 4925; ppageno 0'>
   <div class='ocr_carea' id='block_1_1' title="bbox 629 383 1861 453">
    <p class='ocr_par' dir='ltr' id='par_1_1' title="bbox 629 383 1861 453">
     <span class='ocr_line' id='line_1_1' title="bbox 629 383 1861 453; baseline -0.002 -2"><span class='ocrx_word' id='word_1_1' title='bbox 629 383 760 451; x_wconf 80' lang='lat'><strong>382</strong></span> <span class='ocrx_word' id='word_1_2' title='bbox 1559 399 1626 453; x_wconf 72' lang='grc' dir='ltr'><strong>τ.</strong></span> <span class='ocrx_word' id='word_1_3' title='bbox 1678 397 1861 451; x_wconf 75' lang='lat' dir='ltr'><strong>mvn</strong></span> 
     </span>
    </p>
   </div>
   <div class='ocr_carea' id='block_1_2' title="bbox 628 542 2768 1551">
    <p class='ocr_par' dir='ltr' id='par_1_2' title="bbox 628 542 2767 1041">
     <span class='ocr_line' id='line_1_2' title="bbox 629 542 2760 631; baseline -0.003 -18"><span class='ocrx_word' id='word_1_4' title='bbox 629 545 919 623; x_wconf 88' lang='lat' dir='ltr'><strong>insidiis,</strong></span> <span class='ocrx_word' id='word_1_5' title='bbox 972 545 1313 631; x_wconf 85' lang='lat' dir='ltr'><strong>versisque</strong></span> <span class='ocrx_word' id='word_1_6' title='bbox 1340 544 1427 609; x_wconf 86' lang='lat' dir='ltr'><strong>-in</strong></span> <span class='ocrx_word' id='word_1_7' title='bbox 1468 544 1814 613; x_wconf 87' lang='lat' dir='ltr'><strong>Valerium</strong></span> <span class='ocrx_word' id='word_1_8' title='bbox 1838 554 1937 597; x_wconf 69' lang='grc' dir='ltr'><strong>’Π</strong></span> <span class='ocrx_word' id='word_1_9' title='bbox 2002 542 2305 611; x_wconf 74' lang='lat' dir='ltr'><strong>Etruscis</strong></span> <span class='ocrx_word' id='word_1_10' title='bbox 2349 548 2531 627; x_wconf 84' lang='lat' dir='ltr'><strong>terga</strong></span> <span class='ocrx_word' id='word_1_11' title='bbox 2572 543 2760 608; x_wconf 81' lang='lat' dir='ltr'><strong>caedit.</strong></span> 
     </span>
     <span class='ocr_line' id='line_1_3' title="bbox 632 645 2760 733; baseline -0.004 -17"><span class='ocrx_word' id='word_1_12' title='bbox 632 650 889 716; x_wconf 86' lang='lat' dir='ltr'><strong>Dextra</strong></span> <span class='ocrx_word' id='word_1_13' title='bbox 943 651 1271 733; x_wconf 72' lang='lat' dir='ltr'><strong>laevaque,</strong></span> <span class='ocrx_word' id='word_1_14' title='bbox 1321 648 1472 713; x_wconf 86' lang='lat' dir='ltr'><strong>binc</strong></span> <span class='ocrx_word' id='word_1_15' title='bbox 1520 667 1562 713; x_wconf 86' lang='lat' dir='ltr'><strong>a</strong></span> <span class='ocrx_word' id='word_1_16' title='bbox 1604 655 1799 733; x_wconf 86' lang='lat' dir='ltr'><strong>porta</strong></span> <span class='ocrx_word' id='word_1_17' title='bbox 1849 647 2139 726; x_wconf 77' lang='lat' dir='ltr'><strong>Collina,</strong></span> <span class='ocrx_word' id='word_1_18' title='bbox 2173 647 2358 712; x_wconf 90' lang='lat' dir='ltr'><strong>illinc</strong></span> <span class='ocrx_word' id='word_1_19' title='bbox 2404 646 2490 711; x_wconf 89' lang='lat' dir='ltr'><strong>ab</strong></span> <span class='ocrx_word' id='word_1_20' title='bbox 2532 645 2760 722; x_wconf 74' lang='lat' dir='ltr'><strong>Naevia,</strong></span> 
     </span>
     <span class='ocr_line' id='line_1_4' title="bbox 630 747 2760 835; baseline -0.002 -18"><span class='ocrx_word' id='word_1_21' title='bbox 630 752 931 818; x_wconf 87' lang='lat' dir='ltr'><strong>redditus</strong></span> <span class='ocrx_word' id='word_1_22' title='bbox 959 751 1250 820; x_wconf 70' lang='lat' dir='ltr'><strong>clamor.r</strong></span> <span class='ocrx_word' id='word_1_23' title='bbox 1318 749 1432 815; x_wconf 82' lang='lat' dir='ltr'><strong>Ita</strong></span> <span class='ocrx_word' id='word_1_24' title='bbox 1461 752 1623 816; x_wconf 75' lang='lat' dir='ltr'><strong>oaesi</strong></span> <span class='ocrx_word' id='word_1_25' title='bbox 1651 752 1724 816; x_wconf 89' lang='lat' dir='ltr'><strong>in</strong></span> <span class='ocrx_word' id='word_1_26' title='bbox 1749 751 1971 816; x_wconf 90' lang='lat' dir='ltr'><strong>medio</strong></span> <span class='ocrx_word' id='word_1_27' title='bbox 2000 750 2441 835; x_wconf 81' lang='lat' dir='ltr'><strong>praedatores‚</strong></span> <span class='ocrx_word' id='word_1_28' title='bbox 2468 768 2671 831; x_wconf 88' lang='lat' dir='ltr'><strong>neque</strong></span> <span class='ocrx_word' id='word_1_29' title='bbox 2694 747 2760 812; x_wconf 81' lang='lat' dir='ltr'><strong>ad</strong></span> 
     </span>
     <span class='ocr_line' id='line_1_5' title="bbox 628 848 2767 941; baseline -0.003 -21"><span class='ocrx_word' id='word_1_30' title='bbox 628 873 916 941; x_wconf 83' lang='lat' dir='ltr'><strong>pugnam</strong></span> <span class='ocrx_word' id='word_1_31' title='bbox 959 855 1237 919; x_wconf 87' lang='lat' dir='ltr'><strong>viribus·</strong></span> <span class='ocrx_word' id='word_1_32' title='bbox 1259 872 1483 937; x_wconf 76' lang='lat' dir='ltr'><strong>pareS,</strong></span> <span class='ocrx_word' id='word_1_33' title='bbox 1514 860 1589 917; x_wconf 88' lang='lat' dir='ltr'><strong>et</strong></span> <span class='ocrx_word' id='word_1_34' title='bbox 1626 853 1712 919; x_wconf 84' lang='lat' dir='ltr'><strong>ad</strong></span> <span class='ocrx_word' id='word_1_35' title='bbox 1761 854 1982 936; x_wconf 85' lang='lat' dir='ltr'><strong>fugam</strong></span> <span class='ocrx_word' id='word_1_36' title='bbox 2007 853 2239 936; x_wconf 86' lang='lat' dir='ltr'><strong>septis</strong></span> <span class='ocrx_word' id='word_1_37' title='bbox 2266 852 2573 917; x_wconf 88' lang='lat' dir='ltr'><strong>omnibus</strong></span> <span class='ocrx_word' id='word_1_38' title='bbox 2624 848 2767 915; x_wconf 70' lang='lat' dir='ltr'><strong>viis!</strong></span> 
     </span>
     <span class='ocr_line' id='line_1_6' title="bbox 633 953 2448 1041; baseline -0.003 -20"><span class='ocrx_word' id='word_1_39' title='bbox 633 956 954 1041; x_wconf 79' lang='lat' dir='ltr'>Finisque</span> <span class='ocrx_word' id='word_1_40' title='bbox 982 955 1100 1021; x_wconf 92' lang='lat' dir='ltr'><strong>ille</strong></span> <span class='ocrx_word' id='word_1_41' title='bbox 1128 959 1263 1020; x_wconf 87' lang='lat' dir='ltr'><strong>tam</strong></span> <span class='ocrx_word' id='word_1_42' title='bbox 1293 953 1502 1019; x_wconf 86' lang='lat' dir='ltr'><strong>effuse</strong></span> <span class='ocrx_word' id='word_1_43' title='bbox 1532 956 1858 1039; x_wconf 84' lang='lat' dir='ltr'><strong>evagandi</strong></span> <span class='ocrx_word' id='word_1_44' title='bbox 1879 956 1929 995; x_wconf 79' lang='lat'><strong>¹⁸</strong></span> <span class='ocrx_word' id='word_1_45' title='bbox 1974 954 2274 1021; x_wconf 86' lang='lat' dir='ltr'><strong>Etruscis</strong></span> <span class='ocrx_word' id='word_1_46' title='bbox 2300 954 2448 1020; x_wconf 82' lang='lat' dir='ltr'><strong>fuit.</strong></span> 
     </span>
    </p>

    <p class='ocr_par' dir='ltr' id='par_1_3' title="bbox 632 1056 2768 1551">
     <span class='ocr_line' id='line_1_7' title="bbox 718 1056 2767 1135; baseline -0.004 -11"><span class='ocrx_word' id='word_1_47' title='bbox 718 1059 824 1124; x_wconf 79' lang='lat'><strong>12.</strong></span> <span class='ocrx_word' id='word_1_48' title='bbox 870 1058 1156 1124; x_wconf 88' lang='lat' dir='ltr'><strong>Obsidio</strong></span> <span class='ocrx_word' id='word_1_49' title='bbox 1186 1063 1370 1123; x_wconf 85' lang='lat' dir='ltr'><strong>erat·</strong></span> <span class='ocrx_word' id='word_1_50' title='bbox 1413 1057 1868 1135; x_wconf 89' lang='lat' dir='ltr'><strong>nihilominus,</strong></span> <span class='ocrx_word' id='word_1_51' title='bbox 1914 1064 1986 1122; x_wconf 92' lang='lat' dir='ltr'><strong>et</strong></span> <span class='ocrx_word' id='word_1_52' title='bbox 2028 1056 2335 1121; x_wconf 81' lang='lat' dir='ltr'><strong>frumenti</strong></span> <span class='ocrx_word' id='word_1_53' title='bbox 2368 1075 2523 1120; x_wconf 86' lang='lat' dir='ltr'><strong>cum</strong></span> <span class='ocrx_word' id='word_1_54' title='bbox 2550 1072 2767 1117; x_wconf 86' lang='lat' dir='ltr'><strong>summa</strong></span> 
     </span>
     <span class='ocr_line' id='line_1_8' title="bbox 632 1158 2767 1244; baseline -0.005 -15"><span class='ocrx_word' id='word_1_55' title='bbox 632 1164 906 1229; x_wconf 85' lang='lat' dir='ltr'><strong>caritate</strong></span> <span class='ocrx_word' id='word_1_56' title='bbox 926 1161 1198 1243; x_wconf 79' lang='lat' dir='ltr'><strong>inopia3</strong></span> <span class='ocrx_word' id='word_1_57' title='bbox 1242 1158 1672 1244; x_wconf 76' lang='lat' dir='ltr'><strong>sedendoque</strong></span> <span class='ocrx_word' id='word_1_58' title='bbox 1699 1166 2224 1243; x_wconf 84' lang='lat' dir='ltr'><strong>expugnaturum</strong></span> <span class='ocrx_word' id='word_1_59' title='bbox 2260 1178 2335 1223; x_wconf 90' lang='lat' dir='ltr'><strong>se</strong></span> <span class='ocrx_word' id='word_1_60' title='bbox 2364 1160 2591 1223; x_wconf 88' lang='lat' dir='ltr'><strong>urbem</strong></span> <span class='ocrx_word' id='word_1_61' title='bbox 2613 1174 2767 1239; x_wconf 87' lang='lat' dir='ltr'><strong>spem</strong></span> 
     </span>
     <span class='ocr_line' id='line_1_9' title="bbox 632 1259 2768 1342; baseline -0.004 -11"><span class='ocrx_word' id='word_1_62' title='bbox 632 1264 930 1331; x_wconf 80' lang='lat' dir='ltr'><strong>Porsena</strong></span> <span class='ocrx_word' id='word_1_63' title='bbox 964 1262 1294 1342; x_wconf 81' lang='lat' dir='ltr'><strong>habebat3</strong></span> <span class='ocrx_word' id='word_1_64' title='bbox 1339 1280 1491 1326; x_wconf 87' lang='lat' dir='ltr'><strong>cum</strong></span> <span class='ocrx_word' id='word_1_65' title='bbox 1524 1261 1604 1327; x_wconf 88' lang='lat' dir='ltr'><strong>C.</strong></span> <span class='ocrx_word' id='word_1_66' title='bbox 1638 1262 2032 1339; x_wconf 68' lang='lat' dir='ltr'><strong>Mucius,¹⁹²</strong></span> <span class='ocrx_word' id='word_1_67' title='bbox 2074 1263 2467 1327; x_wconf 81' lang='lat' dir='ltr'><strong>adolescens</strong></span> <span class='ocrx_word' id='word_1_68' title='bbox 2505 1259 2768 1335; x_wconf 74' lang='lat' dir='ltr'><strong>nobilis,⁸</strong></span> 
     </span>
     <span class='ocr_line' id='line_1_10' title="bbox 632 1364 2766 1451; baseline -0.004 -16"><span class='ocrx_word' id='word_1_69' title='bbox 632 1369 744 1435; x_wconf 88' lang='lat' dir='ltr'><strong>cui</strong></span> <span class='ocrx_word' id='word_1_70' title='bbox 790 1367 1126 1450; x_wconf 85' lang='lat' dir='ltr'><strong>indignum</strong></span> <span class='ocrx_word' id='word_1_71' title='bbox 1165 1364 1535 1443; x_wconf 85' lang='lat' dir='ltr'><strong>videbatur,</strong></span> <span class='ocrx_word' id='word_1_72' title='bbox 1588 1366 1914 1451; x_wconf 86' lang='lat' dir='ltr'><strong>populum</strong></span> <span class='ocrx_word' id='word_1_73' title='bbox 1965 1366 2344 1432; x_wconf 83' lang='lat' dir='ltr'><strong>Romanum</strong></span> <span class='ocrx_word' id='word_1_74' title='bbox 2394 1365 2766 1438; x_wconf 83' lang='lat' dir='ltr'><strong>servientem,</strong></span> 
     </span>
     <span class='ocr_line' id='line_1_11' title="bbox 633 1464 2766 1551; baseline -0.004 -15"><span class='ocrx_word' id='word_1_75' title='bbox 633 1490 787 1536; x_wconf 86' lang='lat' dir='ltr'><strong>cum</strong></span> <span class='ocrx_word' id='word_1_76' title='bbox 817 1473 945 1537; x_wconf 91' lang='lat' dir='ltr'><strong>sub</strong></span> <span class='ocrx_word' id='word_1_77' title='bbox 967 1469 1227 1551; x_wconf 81' lang='lat' dir='ltr'><strong>regibus</strong></span> <span class='ocrx_word' id='word_1_78' title='bbox 1257 1475 1458 1548; x_wconf 75' lang='lat' dir='ltr'><strong>esset,</strong></span> <span class='ocrx_word' id='word_1_79' title='bbox 1488 1469 1673 1533; x_wconf 92' lang='lat' dir='ltr'><strong>nullo</strong></span> <span class='ocrx_word' id='word_1_80' title='bbox 1704 1470 1879 1534; x_wconf 90' lang='lat' dir='ltr'><strong>bello</strong></span> <span class='ocrx_word' id='word_1_81' title='bbox 1907 1489 2033 1534; x_wconf 87' lang='lat' dir='ltr'><strong>nec</strong></span> <span class='ocrx_word' id='word_1_82' title='bbox 2066 1471 2152 1534; x_wconf 85' lang='lat' dir='ltr'><strong>ab</strong></span> <span class='ocrx_word' id='word_1_83' title='bbox 2177 1467 2496 1533; x_wconf 85' lang='lat' dir='ltr'><strong>hostibus</strong></span> <span class='ocrx_word' id='word_1_84' title='bbox 2513 1465 2661 1530; x_wconf 89' lang='lat' dir='ltr'><strong>ullis</strong></span> <span class='ocrx_word' id='word_1_85' title='bbox 2681 1464 2766 1528; x_wconf 89' lang='lat' dir='ltr'><strong>ob-</strong></span> 
     </span>
    </p>
   </div>
   <div class='ocr_carea' id='block_1_3' title="bbox 634 1570 2769 1660">
    <p class='ocr_par' dir='ltr' id='par_1_4' title="bbox 634 1570 2769 1660">
     <span class='ocr_line' id='line_1_12' title="bbox 634 1570 2769 1660; baseline -0.003 -19"><span class='ocrx_word' id='word_1_86' title='bbox 634 1594 897 1642; x_wconf 85' lang='lat' dir='ltr'><strong>sessum</strong></span> <span class='ocrx_word' id='word_1_87' title='bbox 925 1594 1101 1654; x_wconf 85' lang='lat' dir='ltr'><strong>esse,</strong></span> <span class='ocrx_word' id='word_1_88' title='bbox 1129 1574 1408 1639; x_wconf 89' lang='lat' dir='ltr'><strong>liberum</strong></span> <span class='ocrx_word' id='word_1_89' title='bbox 1441 1573 1727 1638; x_wconf 89' lang='lat' dir='ltr'><strong>eundem</strong></span> <span class='ocrx_word' id='word_1_90' title='bbox 1759 1575 2090 1660; x_wconf 90' lang='lat' dir='ltr'><strong>populum</strong></span> <span class='ocrx_word' id='word_1_91' title='bbox 2121 1574 2207 1637; x_wconf 89' lang='lat' dir='ltr'><strong>ab</strong></span> <span class='ocrx_word' id='word_1_92' title='bbox 2236 1572 2487 1637; x_wconf 89' lang='lat' dir='ltr'><strong>iisdem</strong></span> <span class='ocrx_word' id='word_1_93' title='bbox 2515 1570 2769 1635; x_wconf 81' lang='lat' dir='ltr'><strong>Etruscis</strong></span> 
     </span>
    </p>
   </div>
   <div class='ocr_carea' id='block_1_4' title="bbox 698 1749 2772 1823">
    <p class='ocr_par' dir='ltr' id='par_1_5' title="bbox 698 1749 2772 1823">
     <span class='ocr_line' id='line_1_13' title="bbox 698 1749 2772 1823; baseline 0 -16"><span class='ocrx_word' id='word_1_94' title='bbox 698 1757 726 1791; x_wconf 67' lang='grc' dir='ltr'><em>δ</em></span> <span class='ocrx_word' id='word_1_95' title='bbox 762 1759 881 1809; x_wconf 72' lang='lat' dir='ltr'><strong>Cam</strong></span> <span class='ocrx_word' id='word_1_96' title='bbox 899 1764 948 1808; x_wconf 83' lang='lat' dir='ltr'><strong>et</strong></span> <span class='ocrx_word' id='word_1_97' title='bbox 978 1762 1042 1809; x_wconf 81' lang='lat' dir='ltr'><strong>ud</strong></span> <span class='ocrx_word' id='word_1_98' title='bbox 1067 1759 1370 1823; x_wconf 69' lang='lat' dir='ltr'><strong>pugnandum</strong></span> <span class='ocrx_word' id='word_1_99' title='bbox 1398 1756 1602 1818; x_wconf 66' lang='lat' dir='ltr'><strong>inpares</strong></span> <span class='ocrx_word' id='word_1_100' title='bbox 1632 1764 1785 1810; x_wconf 70' lang='lat' dir='ltr'><strong>essent</strong></span> <span class='ocrx_word' id='word_1_101' title='bbox 1805 1756 2004 1817; x_wconf 77' lang='lat' dir='ltr'><strong>viribus,</strong></span> <span class='ocrx_word' id='word_1_102' title='bbox 2026 1764 2075 1809; x_wconf 75' lang='lat' dir='ltr'><strong>et</strong></span> <span class='ocrx_word' id='word_1_103' title='bbox 2094 1757 2189 1807; x_wconf 65' lang='grc' dir='ltr'><strong>οἱα</strong></span> <span class='ocrx_word' id='word_1_104' title='bbox 2221 1771 2380 1807; x_wconf 73' lang='lat' dir='ltr'><strong>omnes</strong></span> <span class='ocrx_word' id='word_1_105' title='bbox 2410 1755 2657 1817; x_wconf 68' lang='lat' dir='ltr'><strong>adsurgam</strong></span> <span class='ocrx_word' id='word_1_106' title='bbox 2680 1749 2772 1815; x_wconf 61' lang='lat' dir='ltr'><strong>ivd!</strong></span> 
     </span>
    </p>
   </div>
   <div class='ocr_carea' id='block_1_5' title="bbox 632 1825 1006 1874">
    <p class='ocr_par' dir='ltr' id='par_1_6' title="bbox 632 1825 1006 1874">
     <span class='ocr_line' id='line_1_14' title="bbox 632 1825 1006 1874; baseline 0.003 -1"><span class='ocrx_word' id='word_1_107' title='bbox 632 1825 803 1874; x_wconf 72' lang='lat' dir='ltr'><strong>clauso.</strong></span> <span class='ocrx_word' id='word_1_108' title='bbox 839 1829 1006 1874; x_wconf 77' lang='lat' dir='ltr'><strong>essent.</strong></span> 
     </span>
    </p>
   </div>
   <div class='ocr_carea' id='block_1_6' title="bbox 1543 1914 1898 1940">
    <p class='ocr_par' dir='ltr' id='par_1_7' title="bbox 1543 1914 1898 1940">
     <span class='ocr_line' id='line_1_15' title="bbox 1543 1914 1898 1940; baseline -0.003 -2"><span class='ocrx_word' id='word_1_109' title='bbox 1543 1914 1898 1940; x_wconf 53' lang='lat' dir='ltr'><strong>OOMWOO</strong></span> 
     </span>
    </p>
   </div>
   <div class='ocr_carea' id='block_1_7' title="bbox 632 2032 2776 2172">
    <p class='ocr_par' dir='ltr' id='par_1_8' title="bbox 632 2032 2776 2169">
     <span class='ocr_line' id='line_1_16' title="bbox 632 2032 2776 2100; baseline -0.004 -13"><span class='ocrx_word' id='word_1_110' title='bbox 632 2038 709 2087; x_wconf 83' lang='lat' dir='ltr'><strong>ier</strong></span> <span class='ocrx_word' id='word_1_111' title='bbox 711 2042 855 2090; x_wconf 81' lang='lat'><strong>.—17</strong></span> <span class='ocrx_word' id='word_1_112' title='bbox 886 2037 948 2087; x_wconf 73' lang='lat' dir='ltr'><strong>Iu</strong></span> <span class='ocrx_word' id='word_1_113' title='bbox 978 2035 1214 2087; x_wconf 72' lang='lat' dir='ltr'><strong>Valerium</strong></span> <span class='ocrx_word' id='word_1_114' title='bbox 1236 2051 1301 2086; x_wconf 84' lang='lat' dir='ltr'><strong>ex</strong></span> <span class='ocrx_word' id='word_1_115' title='bbox 1324 2038 1526 2087; x_wconf 86' lang='lat' dir='ltr'><strong>emend.</strong></span> <span class='ocrx_word' id='word_1_116' title='bbox 1548 2037 1695 2089; x_wconf 84' lang='lat' dir='ltr'><strong>Glar.</strong></span> <span class='ocrx_word' id='word_1_117' title='bbox 1729 2044 1784 2087; x_wconf 88' lang='lat' dir='ltr'><strong>et</strong></span> <span class='ocrx_word' id='word_1_118' title='bbox 1806 2036 1981 2100; x_wconf 75' lang='lat' dir='ltr'><strong>Sigon·</strong></span> <span class='ocrx_word' id='word_1_119' title='bbox 2033 2037 2096 2086; x_wconf 75' lang='lat' dir='ltr'><strong>In</strong></span> <span class='ocrx_word' id='word_1_120' title='bbox 2115 2035 2390 2088; x_wconf 67' lang='lat' dir='ltr'><strong>Lucretium</strong></span> <span class='ocrx_word' id='word_1_121' title='bbox 2410 2048 2587 2087; x_wconf 86' lang='lat' dir='ltr'><strong>omnes</strong></span> <span class='ocrx_word' id='word_1_122' title='bbox 2607 2032 2716 2083; x_wconf 66' lang='grc' dir='ltr'><strong>Μαι.</strong></span> <span class='ocrx_word' id='word_1_123' title='bbox 2732 2034 2776 2080; x_wconf 84' lang='lat' dir='ltr'><strong>et</strong></span> 
     </span>
     <span class='ocr_line' id='line_1_17' title="bbox 634 2097 2075 2172; baseline 0.001 -20"><span class='ocrx_word' id='word_1_124' title='bbox 634 2102 791 2167; x_wconf 90' lang='lat' dir='ltr'><strong>prisci</strong></span> <span class='ocrx_word' id='word_1_125' title='bbox 814 2102 945 2152; x_wconf 83' lang='lat' dir='ltr'><strong>Edd.</strong></span> <span class='ocrx_word' id='word_1_126' title='bbox 947 2106 1076 2153; x_wconf 81' lang='lat'><strong>—18</strong></span> <span class='ocrx_word' id='word_1_127' title='bbox 1119 2102 1336 2166; x_wconf 72' lang='lat' dir='ltr'><strong>Vaganai</strong></span> <span class='ocrx_word' id='word_1_128' title='bbox 1357 2103 1490 2155; x_wconf 85' lang='lat' dir='ltr'><strong>Edd.</strong></span> <span class='ocrx_word' id='word_1_129' title='bbox 1513 2097 1745 2172; x_wconf 79' lang='lat' dir='ltr'><strong>plerique</strong></span> <span class='ocrx_word' id='word_1_130' title='bbox 1768 2110 1890 2153; x_wconf 88' lang='lat' dir='ltr'><strong>ante</strong></span> <span class='ocrx_word' id='word_1_131' title='bbox 1914 2102 2075 2153; x_wconf 86' lang='lat' dir='ltr'><strong>Drak.</strong></span> 
     </span>
    </p>
   </div>
   <div class='ocr_carea' id='block_1_8' title="bbox 1613 2249 1829 2302">
    <p class='ocr_par' dir='ltr' id='par_1_9' title="bbox 1613 2249 1829 2302">
     <span class='ocr_line' id='line_1_18' title="bbox 1613 2249 1829 2302; baseline -0.009 0"><span class='ocrx_word' id='word_1_132' title='bbox 1613 2249 1829 2302; x_wconf 78' lang='lat' dir='ltr'>NOTAE</span> 
     </span>
    </p>
   </div>
   <div class='ocr_carea' id='block_1_9' title="bbox 606 2362 1686 4345">
    <p class='ocr_par' dir='ltr' id='par_1_10' title="bbox 631 2362 1686 2950">
     <span class='ocr_line' id='line_1_19' title="bbox 634 2362 1686 2430; baseline 0.001 -17"><span class='ocrx_word' id='word_1_133' title='bbox 634 2362 758 2421; x_wconf 83' lang='lat' dir='ltr'><strong>rius,</strong></span> <span class='ocrx_word' id='word_1_134' title='bbox 781 2363 1013 2427; x_wconf 85' lang='lat' dir='ltr'><strong>proxima</strong></span> <span class='ocrx_word' id='word_1_135' title='bbox 1043 2369 1157 2413; x_wconf 89' lang='lat' dir='ltr'><strong>erat</strong></span> <span class='ocrx_word' id='word_1_136' title='bbox 1194 2368 1310 2427; x_wconf 86' lang='lat' dir='ltr'><strong>post</strong></span> <span class='ocrx_word' id='word_1_137' title='bbox 1343 2363 1686 2430; x_wconf 81' lang='lat' dir='ltr'><strong>Esquilinam,</strong></span> 
     </span>
     <span class='ocr_line' id='line_1_20' title="bbox 633 2439 1683 2506; baseline 0.002 -17"><span class='ocrx_word' id='word_1_138' title='bbox 633 2454 785 2505; x_wconf 87' lang='lat' dir='ltr'><strong>quam</strong></span> <span class='ocrx_word' id='word_1_139' title='bbox 842 2439 1124 2505; x_wconf 80' lang='lat' dir='ltr'><strong>praedaturi</strong></span> <span class='ocrx_word' id='word_1_140' title='bbox 1185 2439 1356 2490; x_wconf 84' lang='lat' dir='ltr'><strong>hostes</strong></span> <span class='ocrx_word' id='word_1_141' title='bbox 1413 2439 1683 2506; x_wconf 85' lang='lat' dir='ltr'><strong>petebant.</strong></span> 
     </span>
     <span class='ocr_line' id='line_1_21' title="bbox 632 2516 1685 2583; baseline 0.002 -16"><span class='ocrx_word' id='word_1_142' title='bbox 632 2516 857 2581; x_wconf 78' lang='lat' dir='ltr'><strong>Propior</strong></span> <span class='ocrx_word' id='word_1_143' title='bbox 911 2516 1115 2582; x_wconf 86' lang='lat' dir='ltr'><strong>quidem</strong></span> <span class='ocrx_word' id='word_1_144' title='bbox 1170 2517 1390 2567; x_wconf 83' lang='lat' dir='ltr'><strong>hostium</strong></span> <span class='ocrx_word' id='word_1_145' title='bbox 1441 2518 1685 2583; x_wconf 85' lang='lat' dir='ltr'><strong>trajectui</strong></span> 
     </span>
     <span class='ocr_line' id='line_1_22' title="bbox 633 2592 1684 2656; baseline 0.002 -14"><span class='ocrx_word' id='word_1_146' title='bbox 633 2592 868 2656; x_wconf 73' lang='lat' dir='ltr'><strong>Collins3</strong></span> <span class='ocrx_word' id='word_1_147' title='bbox 902 2592 994 2643; x_wconf 89' lang='lat' dir='ltr'><strong>sed</strong></span> <span class='ocrx_word' id='word_1_148' title='bbox 1018 2592 1092 2643; x_wconf 90' lang='lat' dir='ltr'><strong>ibi</strong></span> <span class='ocrx_word' id='word_1_149' title='bbox 1123 2593 1328 2643; x_wconf 87' lang='lat' dir='ltr'><strong>Lartius</strong></span> <span class='ocrx_word' id='word_1_150' title='bbox 1351 2593 1489 2645; x_wconf 84' lang='lat' dir='ltr'><strong>intra</strong></span> <span class='ocrx_word' id='word_1_151' title='bbox 1511 2607 1684 2644; x_wconf 88' lang='lat' dir='ltr'><strong>muros</strong></span> 
     </span>
     <span class='ocr_line' id='line_1_23' title="bbox 631 2668 1684 2735; baseline 0 -16"><span class='ocrx_word' id='word_1_152' title='bbox 631 2676 913 2735; x_wconf 74' lang='lat' dir='ltr'><strong>expectare</strong></span> <span class='ocrx_word' id='word_1_153' title='bbox 931 2670 1111 2735; x_wconf 87' lang='lat' dir='ltr'><strong>jussus</strong></span> <span class='ocrx_word' id='word_1_154' title='bbox 1149 2668 1316 2720; x_wconf 85' lang='lat' dir='ltr'><strong>donec</strong></span> <span class='ocrx_word' id='word_1_155' title='bbox 1341 2669 1684 2735; x_wconf 72' lang='lat' dir='ltr'><strong>transiissent,</strong></span> 
     </span>
     <span class='ocr_line' id='line_1_24' title="bbox 632 2745 1684 2811; baseline -0.001 -14"><span class='ocrx_word' id='word_1_156' title='bbox 632 2762 666 2797; x_wconf 87' lang='lat' dir='ltr'><strong>a</strong></span> <span class='ocrx_word' id='word_1_157' title='bbox 704 2753 852 2811; x_wconf 77' lang='lat' dir='ltr'><strong>tergo</strong></span> <span class='ocrx_word' id='word_1_158' title='bbox 893 2761 983 2797; x_wconf 86' lang='lat' dir='ltr'><strong>eos</strong></span> <span class='ocrx_word' id='word_1_159' title='bbox 1027 2745 1319 2796; x_wconf 85' lang='lat' dir='ltr'><strong>adorturus.</strong></span> <span class='ocrx_word' id='word_1_160' title='bbox 1381 2746 1684 2797; x_wconf 72' lang='lat' dir='ltr'><strong>Herminius</strong></span> 
     </span>
     <span class='ocr_line' id='line_1_25' title="bbox 632 2821 1685 2886; baseline 0.003 -17"><span class='ocrx_word' id='word_1_161' title='bbox 632 2837 756 2873; x_wconf 80' lang='lat' dir='ltr'><strong>vero</strong></span> <span class='ocrx_word' id='word_1_162' title='bbox 778 2822 843 2873; x_wconf 88' lang='lat' dir='ltr'><strong>ad</strong></span> <span class='ocrx_word' id='word_1_163' title='bbox 868 2822 1148 2874; x_wconf 87' lang='lat' dir='ltr'><strong>secundum</strong></span> <span class='ocrx_word' id='word_1_164' title='bbox 1171 2821 1395 2886; x_wconf 78' lang='lat' dir='ltr'><strong>lapidem</strong></span> <span class='ocrx_word' id='word_1_165' title='bbox 1419 2823 1471 2872; x_wconf 91' lang='lat' dir='ltr'><strong>in</strong></span> <span class='ocrx_word' id='word_1_166' title='bbox 1487 2822 1685 2874; x_wconf 88' lang='lat' dir='ltr'><strong>insidiis</strong></span> 
     </span>
     <span class='ocr_line' id='line_1_26' title="bbox 634 2897 1041 2950; baseline -0.002 0"><span class='ocrx_word' id='word_1_167' title='bbox 634 2897 802 2950; x_wconf 85' lang='lat' dir='ltr'><strong>adhuc</strong></span> <span class='ocrx_word' id='word_1_168' title='bbox 825 2899 1041 2950; x_wconf 82' lang='lat' dir='ltr'><strong>latebat.</strong></span> 
     </span>
    </p>

    <p class='ocr_par' dir='ltr' id='par_1_11' title="bbox 628 2974 1685 3795">
     <span class='ocr_line' id='line_1_27' title="bbox 694 2974 1685 3041; baseline 0.01 -22"><span class='ocrx_word' id='word_1_169' title='bbox 694 2984 719 3019; x_wconf 76' lang='grc' dir='ltr'><strong>«ι</strong></span> <span class='ocrx_word' id='word_1_170' title='bbox 757 2974 1005 3040; x_wconf 58' lang='lat' dir='ltr'><strong>Vei-sisque</strong></span> <span class='ocrx_word' id='word_1_171' title='bbox 1024 2976 1077 3025; x_wconf 75' lang='lat' dir='ltr'><strong>ia</strong></span> <span class='ocrx_word' id='word_1_172' title='bbox 1107 2974 1368 3039; x_wconf 79' lang='lat' dir='ltr'><strong>Valerium]</strong></span> <span class='ocrx_word' id='word_1_173' title='bbox 1390 2976 1685 3041; x_wconf 73' lang='lat' dir='ltr'><strong>Legebatur</strong></span> 
     </span>
     <span class='ocr_line' id='line_1_28' title="bbox 634 3051 1684 3106; baseline 0.005 -5"><span class='ocrx_word' id='word_1_174' title='bbox 634 3058 789 3101; x_wconf 87' lang='lat' dir='ltr'><strong>antea</strong></span> <span class='ocrx_word' id='word_1_175' title='bbox 808 3052 861 3101; x_wconf 76' lang='lat' dir='ltr'><strong>is</strong></span> <span class='ocrx_word' id='word_1_176' title='bbox 880 3051 1171 3103; x_wconf 73' lang='lat' dir='ltr'><strong>Lucretium.</strong></span> <span class='ocrx_word' id='word_1_177' title='bbox 1228 3052 1542 3105; x_wconf 85' lang='lat' dir='ltr'><strong>Emendavit</strong></span> <span class='ocrx_word' id='word_1_178' title='bbox 1557 3055 1684 3106; x_wconf 83' lang='lat' dir='ltr'><strong>Gla·</strong></span> 
     </span>
     <span class='ocr_line' id='line_1_29' title="bbox 633 3128 1682 3195; baseline 0.007 -19"><span class='ocrx_word' id='word_1_179' title='bbox 633 3141 837 3190; x_wconf 71' lang='lat' dir='ltr'><strong>retinas,</strong></span> <span class='ocrx_word' id='word_1_180' title='bbox 867 3128 1003 3192; x_wconf 87' lang='lat' dir='ltr'><strong>quod</strong></span> <span class='ocrx_word' id='word_1_181' title='bbox 1042 3128 1270 3191; x_wconf 77' lang='lat' dir='ltr'><strong>praelium</strong></span> <span class='ocrx_word' id='word_1_182' title='bbox 1306 3130 1446 3182; x_wconf 88' lang='lat' dir='ltr'><strong>circa</strong></span> <span class='ocrx_word' id='word_1_183' title='bbox 1479 3140 1682 3195; x_wconf 87' lang='lat' dir='ltr'><strong>portam</strong></span> 
     </span>
     <span class='ocr_line' id='line_1_30' title="bbox 631 3202 1682 3274; baseline 0.006 -21"><span class='ocrx_word' id='word_1_184' title='bbox 631 3202 955 3266; x_wconf 77' lang='lat' dir='ltr'><strong>Esquilinam</strong></span> <span class='ocrx_word' id='word_1_185' title='bbox 986 3204 1303 3267; x_wconf 73' lang='lat' dir='ltr'><strong>commissum</strong></span> <span class='ocrx_word' id='word_1_186' title='bbox 1335 3204 1495 3256; x_wconf 82' lang='lat' dir='ltr'><strong>fuisse</strong></span> <span class='ocrx_word' id='word_1_187' title='bbox 1524 3222 1682 3274; x_wconf 87' lang='lat' dir='ltr'><strong>appa·</strong></span> 
     </span>
     <span class='ocr_line' id='line_1_31' title="bbox 632 3280 1682 3347; baseline 0.006 -17"><span class='ocrx_word' id='word_1_188' title='bbox 632 3286 780 3343; x_wconf 82' lang='lat' dir='ltr'><strong>reat;</strong></span> <span class='ocrx_word' id='word_1_189' title='bbox 826 3280 945 3330; x_wconf 88' lang='lat' dir='ltr'><strong>buic</strong></span> <span class='ocrx_word' id='word_1_190' title='bbox 986 3288 1160 3332; x_wconf 88' lang='lat' dir='ltr'><strong>autem</strong></span> <span class='ocrx_word' id='word_1_191' title='bbox 1197 3282 1409 3347; x_wconf 81' lang='lat' dir='ltr'><strong>propior</strong></span> <span class='ocrx_word' id='word_1_192' title='bbox 1440 3284 1682 3336; x_wconf 86' lang='lat' dir='ltr'><strong>Valerius</strong></span> 
     </span>
     <span class='ocr_line' id='line_1_32' title="bbox 631 3350 1683 3429; baseline 0.005 -21"><span class='ocrx_word' id='word_1_193' title='bbox 631 3350 1008 3409; x_wconf 82' lang='lat' dir='ltr'><strong>Coelimontana</strong></span> <span class='ocrx_word' id='word_1_194' title='bbox 1047 3358 1227 3410; x_wconf 85' lang='lat' dir='ltr'><strong>eduxit</strong></span> <span class='ocrx_word' id='word_1_195' title='bbox 1267 3360 1523 3425; x_wconf 86' lang='lat' dir='ltr'><strong>cohortes,</strong></span> <span class='ocrx_word' id='word_1_196' title='bbox 1570 3377 1683 3429; x_wconf 73' lang='lat' dir='ltr'><strong>quoe</strong></span> 
     </span>
     <span class='ocr_line' id='line_1_33' title="bbox 629 3433 1684 3499; baseline 0.006 -15"><span class='ocrx_word' id='word_1_197' title='bbox 629 3433 850 3499; x_wconf 88' lang='lat' dir='ltr'><strong>primum</strong></span> <span class='ocrx_word' id='word_1_198' title='bbox 875 3434 942 3486; x_wconf 89' lang='lat' dir='ltr'><strong>ab</strong></span> <span class='ocrx_word' id='word_1_199' title='bbox 962 3433 1198 3486; x_wconf 83' lang='lat' dir='ltr'><strong>hostibus</strong></span> <span class='ocrx_word' id='word_1_200' title='bbox 1220 3437 1364 3487; x_wconf 78' lang='lat' dir='ltr'><strong>visae.</strong></span> <span class='ocrx_word' id='word_1_201' title='bbox 1393 3437 1470 3488; x_wconf 78' lang='lat' dir='ltr'><strong>At</strong></span> <span class='ocrx_word' id='word_1_202' title='bbox 1490 3440 1684 3491; x_wconf 84' lang='lat' dir='ltr'><strong>Lucre·</strong></span> 
     </span>
     <span class='ocr_line' id='line_1_34' title="bbox 629 3512 1681 3581; baseline 0.004 -19"><span class='ocrx_word' id='word_1_203' title='bbox 629 3512 733 3562; x_wconf 91' lang='lat' dir='ltr'><strong>tius</strong></span> <span class='ocrx_word' id='word_1_204' title='bbox 765 3520 921 3578; x_wconf 87' lang='lat' dir='ltr'><strong>porta</strong></span> <span class='ocrx_word' id='word_1_205' title='bbox 953 3513 1140 3563; x_wconf 78' lang='lat' dir='ltr'><strong>Naevia</strong></span> <span class='ocrx_word' id='word_1_206' title='bbox 1170 3528 1403 3579; x_wconf 76' lang='lat' dir='ltr'><strong>egressus</strong></span> <span class='ocrx_word' id='word_1_207' title='bbox 1439 3516 1681 3581; x_wconf 89' lang='lat' dir='ltr'><strong>quidem.</strong></span> <span class='ocrx_word' id='word_1_208' title='bbox 1666 3531 1681 3547; x_wconf 93' lang='lat'><strong>·</strong></span> 
     </span>
     <span class='ocr_line' id='line_1_35' title="bbox 628 3589 1681 3656; baseline 0.005 -16"><span class='ocrx_word' id='word_1_209' title='bbox 628 3589 721 3641; x_wconf 88' lang='lat' dir='ltr'><strong>sed</strong></span> <span class='ocrx_word' id='word_1_210' title='bbox 754 3591 866 3642; x_wconf 75' lang='lat' dir='ltr'><strong>hoec</strong></span> <span class='ocrx_word' id='word_1_211' title='bbox 899 3593 1064 3655; x_wconf 75' lang='lat' dir='ltr'><strong>magis</strong></span> <span class='ocrx_word' id='word_1_212' title='bbox 1097 3590 1309 3656; x_wconf 83' lang='lat' dir='ltr'><strong>dissita;</strong></span> <span class='ocrx_word' id='word_1_213' title='bbox 1343 3600 1397 3643; x_wconf 87' lang='lat' dir='ltr'><strong>et</strong></span> <span class='ocrx_word' id='word_1_214' title='bbox 1428 3593 1552 3645; x_wconf 85' lang='lat' dir='ltr'><strong>inde</strong></span> <span class='ocrx_word' id='word_1_215' title='bbox 1576 3595 1681 3645; x_wconf 87' lang='lat' dir='ltr'><strong>cla·</strong></span> 
     </span>
     <span class='ocr_line' id='line_1_36' title="bbox 628 3669 1681 3734; baseline 0.001 -16"><span class='ocrx_word' id='word_1_216' title='bbox 628 3681 741 3718; x_wconf 89' lang='lat' dir='ltr'><strong>mor</strong></span> <span class='ocrx_word' id='word_1_217' title='bbox 783 3676 904 3733; x_wconf 88' lang='lat' dir='ltr'><strong>post</strong></span> <span class='ocrx_word' id='word_1_218' title='bbox 941 3683 1163 3733; x_wconf 82' lang='lat' dir='ltr'><strong>pugnam</strong></span> <span class='ocrx_word' id='word_1_219' title='bbox 1198 3670 1310 3734; x_wconf 88' lang='lat' dir='ltr'><strong>jam</strong></span> <span class='ocrx_word' id='word_1_220' title='bbox 1347 3670 1525 3721; x_wconf 87' lang='lat' dir='ltr'><strong>initam</strong></span> <span class='ocrx_word' id='word_1_221' title='bbox 1561 3669 1681 3720; x_wconf 86' lang='lat' dir='ltr'><strong>red-</strong></span> 
     </span>
     <span class='ocr_line' id='line_1_37' title="bbox 630 3744 788 3795; baseline -0.006 0"><span class='ocrx_word' id='word_1_222' title='bbox 630 3744 788 3795; x_wconf 81' lang='lat' dir='ltr'><strong>ditus.</strong></span> 
     </span>
    </p>

    <p class='ocr_par' dir='ltr' id='par_1_12' title="bbox 606 3816 1683 4345">
     <span class='ocr_line' id='line_1_38' title="bbox 693 3816 1681 3888; baseline 0.001 -16"><span class='ocrx_word' id='word_1_223' title='bbox 693 3828 715 3854; x_wconf 54' lang='lat'><strong>¹³</strong></span> <span class='ocrx_word' id='word_1_224' title='bbox 737 3822 967 3873; x_wconf 71' lang='lat' dir='ltr'><strong>Redditus</strong></span> <span class='ocrx_word' id='word_1_225' title='bbox 984 3823 1183 3888; x_wconf 70' lang='lat' dir='ltr'><strong>clam]</strong></span> <span class='ocrx_word' id='word_1_226' title='bbox 1217 3823 1463 3875; x_wconf 84' lang='lat' dir='ltr'><strong>Militaris</strong></span> <span class='ocrx_word' id='word_1_227' title='bbox 1486 3816 1681 3874; x_wconf 68' lang='lat' dir='ltr'><strong>clamor</strong></span> 
     </span>
     <span class='ocr_line' id='line_1_39' title="bbox 628 3896 1682 3966; baseline 0.009 -22"><span class='ocrx_word' id='word_1_228' title='bbox 628 3896 945 3950; x_wconf 70' lang='lat' dir='ltr'><strong>alacritatem</strong></span> <span class='ocrx_word' id='word_1_229' title='bbox 990 3901 1186 3952; x_wconf 87' lang='lat' dir='ltr'><strong>indicat</strong></span> <span class='ocrx_word' id='word_1_230' title='bbox 1228 3914 1451 3966; x_wconf 70' lang='lat' dir='ltr'><strong>pugnam</strong></span> <span class='ocrx_word' id='word_1_231' title='bbox 1501 3903 1682 3953; x_wconf 86' lang='lat' dir='ltr'><strong>ineun-</strong></span> 
     </span>
     <span class='ocr_line' id='line_1_40' title="bbox 606 3971 1681 4031; baseline 0.01 -11"><span class='ocrx_word' id='word_1_232' title='bbox 606 3971 778 4028; x_wconf 72' lang='lat' dir='ltr'><strong>tium.</strong></span> <span class='ocrx_word' id='word_1_233' title='bbox 813 3982 871 4024; x_wconf 91' lang='lat' dir='ltr'><strong>ut</strong></span> <span class='ocrx_word' id='word_1_234' title='bbox 909 3976 1001 4028; x_wconf 87' lang='lat' dir='ltr'><strong>lib.</strong></span> <span class='ocrx_word' id='word_1_235' title='bbox 1033 3991 1107 4027; x_wconf 78' lang='grc' dir='ltr'><strong>ιν.</strong></span> <span class='ocrx_word' id='word_1_236' title='bbox 1141 3993 1188 4029; x_wconf 87' lang='lat' dir='ltr'><strong>c.</strong></span> <span class='ocrx_word' id='word_1_237' title='bbox 1219 3983 1303 4029; x_wconf 71' lang='lat'><strong>87.</strong></span> <span class='ocrx_word' id='word_1_238' title='bbox 1367 3980 1475 4030; x_wconf 86' lang='lat' dir='ltr'><strong>Hic</strong></span> <span class='ocrx_word' id='word_1_239' title='bbox 1494 3987 1681 4031; x_wconf 83' lang='lat' dir='ltr'><strong>&#39;autem</strong></span> 
     </span>
     <span class='ocr_line' id='line_1_41' title="bbox 628 4050 1683 4120; baseline 0.01 -24"><span class='ocrx_word' id='word_1_240' title='bbox 628 4059 733 4097; x_wconf 86' lang='lat' dir='ltr'><strong>non</strong></span> <span class='ocrx_word' id='word_1_241' title='bbox 766 4050 956 4115; x_wconf 87' lang='lat' dir='ltr'><strong>editus,</strong></span> <span class='ocrx_word' id='word_1_242' title='bbox 987 4053 1076 4102; x_wconf 80' lang='lat' dir='ltr'><strong>sed</strong></span> <span class='ocrx_word' id='word_1_243' title='bbox 1111 4053 1364 4120; x_wconf 87' lang='lat' dir='ltr'><strong>redditus,</strong></span> <span class='ocrx_word' id='word_1_244' title='bbox 1389 4063 1532 4106; x_wconf 85' lang='lat' dir='ltr'><strong>recte</strong></span> <span class='ocrx_word' id='word_1_245' title='bbox 1553 4055 1683 4107; x_wconf 88' lang='lat' dir='ltr'><strong>dici·</strong></span> 
     </span>
     <span class='ocr_line' id='line_1_42' title="bbox 631 4126 1678 4190; baseline 0.01 -16"><span class='ocrx_word' id='word_1_246' title='bbox 631 4132 735 4190; x_wconf 88' lang='lat' dir='ltr'><strong>tur,</strong></span> <span class='ocrx_word' id='word_1_247' title='bbox 759 4133 817 4176; x_wconf 91' lang='lat' dir='ltr'><strong>ut</strong></span> <span class='ocrx_word' id='word_1_248' title='bbox 850 4126 915 4175; x_wconf 91' lang='lat' dir='ltr'><strong>ab</strong></span> <span class='ocrx_word' id='word_1_249' title='bbox 951 4131 1336 4181; x_wconf 87' lang='lat' dir='ltr'><strong>accurrentibus</strong></span> <span class='ocrx_word' id='word_1_250' title='bbox 1371 4131 1434 4184; x_wconf 81' lang='lat' dir='ltr'><strong>ad</strong></span> <span class='ocrx_word' id='word_1_251' title='bbox 1468 4147 1678 4184; x_wconf 86' lang='lat' dir='ltr'><strong>suorum</strong></span> 
     </span>
     <span class='ocr_line' id='line_1_43' title="bbox 621 4202 1680 4271; baseline 0.009 -19"><span class='ocrx_word' id='word_1_252' title='bbox 621 4202 735 4267; x_wconf 82' lang='lat' dir='ltr'><strong>jam</strong></span> <span class='ocrx_word' id='word_1_253' title='bbox 775 4204 1082 4253; x_wconf 82' lang='lat' dir='ltr'><strong>certantium</strong></span> <span class='ocrx_word' id='word_1_254' title='bbox 1115 4206 1412 4271; x_wconf 71' lang='lat' dir='ltr'><strong>subsidium,</strong></span> <span class='ocrx_word' id='word_1_255' title='bbox 1446 4217 1505 4260; x_wconf 91' lang='lat' dir='ltr'><strong>et</strong></span> <span class='ocrx_word' id='word_1_256' title='bbox 1537 4210 1680 4262; x_wconf 85' lang='lat' dir='ltr'><strong>edito</strong></span> 
     </span>
     <span class='ocr_line' id='line_1_44' title="bbox 631 4279 1517 4345; baseline 0.008 -16"><span class='ocrx_word' id='word_1_257' title='bbox 631 4279 698 4333; x_wconf 85' lang='lat' dir='ltr'><strong>ab</strong></span> <span class='ocrx_word' id='word_1_258' title='bbox 719 4279 820 4331; x_wconf 85' lang='lat' dir='ltr'><strong>illis</strong></span> <span class='ocrx_word' id='word_1_259' title='bbox 841 4279 1054 4331; x_wconf 76' lang='lat' dir='ltr'><strong>clamori</strong></span> <span class='ocrx_word' id='word_1_260' title='bbox 1076 4283 1517 4345; x_wconf 77' lang='lat' dir='ltr'><strong>respondentibus.</strong></span> 
     </span>
    </p>
   </div>
   <div class='ocr_carea' id='block_1_10' title="bbox 1755 2355 2776 3815">
    <p class='ocr_par' dir='ltr' id='par_1_13' title="bbox 1758 2355 2775 2493">
     <span class='ocr_line' id='line_1_45' title="bbox 1820 2355 2775 2429; baseline -0.008 -16"><span class='ocrx_word' id='word_1_261' title='bbox 1820 2371 1840 2396; x_wconf 84' lang='lat'>⁸</span> <span class='ocrx_word' id='word_1_262' title='bbox 1875 2363 2070 2413; x_wconf 81' lang='lat' dir='ltr'><strong>Obsidio</strong></span> <span class='ocrx_word' id='word_1_263' title='bbox 2086 2364 2214 2429; x_wconf 66' lang='grc' dir='ltr'><strong>σαί]</strong></span> <span class='ocrx_word' id='word_1_264' title='bbox 2238 2363 2475 2414; x_wconf 85' lang='lat' dir='ltr'><strong>Porsena</strong></span> <span class='ocrx_word' id='word_1_265' title='bbox 2496 2363 2692 2413; x_wconf 85' lang='lat' dir='ltr'><strong>Romam</strong></span> <span class='ocrx_word' id='word_1_266' title='bbox 2707 2355 2775 2407; x_wconf 86' lang='lat' dir='ltr'><strong>tri·</strong></span> 
     </span>
     <span class='ocr_line' id='line_1_46' title="bbox 1758 2438 2460 2493; baseline -0.001 -2"><span class='ocrx_word' id='word_1_267' title='bbox 1758 2440 1853 2493; x_wconf 85' lang='lat' dir='ltr'><strong>bus</strong></span> <span class='ocrx_word' id='word_1_268' title='bbox 1876 2438 2042 2493; x_wconf 85' lang='lat' dir='ltr'><strong>ferme</strong></span> <span class='ocrx_word' id='word_1_269' title='bbox 2065 2441 2209 2492; x_wconf 84' lang='lat' dir='ltr'><strong>annis</strong></span> <span class='ocrx_word' id='word_1_270' title='bbox 2232 2439 2460 2491; x_wconf 87' lang='lat' dir='ltr'><strong>obsedit.</strong></span> 
     </span>
    </p>

    <p class='ocr_par' dir='ltr' id='par_1_14' title="bbox 1757 2507 2776 2660">
     <span class='ocr_line' id='line_1_47' title="bbox 1822 2507 2776 2584; baseline -0.005 -16"><span class='ocrx_word' id='word_1_271' title='bbox 1822 2519 1838 2550; x_wconf 80' lang='lat'>⁸</span> <span class='ocrx_word' id='word_1_272' title='bbox 1862 2517 1920 2569; x_wconf 86' lang='lat' dir='ltr'><strong>C.</strong></span> <span class='ocrx_word' id='word_1_273' title='bbox 1941 2519 2161 2584; x_wconf 73' lang='lat' dir='ltr'><strong>Mucius]</strong></span> <span class='ocrx_word' id='word_1_274' title='bbox 2197 2518 2303 2569; x_wconf 91' lang='lat' dir='ltr'><strong>Hic</strong></span> <span class='ocrx_word' id='word_1_275' title='bbox 2330 2516 2542 2569; x_wconf 85' lang='lat' dir='ltr'><strong>Mucius</strong></span> <span class='ocrx_word' id='word_1_276' title='bbox 2563 2507 2776 2566; x_wconf 73' lang='lat' dir='ltr'><strong>‘cordus’</strong></span> 
     </span>
     <span class='ocr_line' id='line_1_48' title="bbox 1757 2595 2264 2660; baseline -0.002 -13"><span class='ocrx_word' id='word_1_277' title='bbox 1757 2609 2044 2660; x_wconf 74' lang='lat' dir='ltr'><strong>cognomen</strong></span> <span class='ocrx_word' id='word_1_278' title='bbox 2067 2595 2264 2647; x_wconf 86' lang='lat' dir='ltr'><strong>babuit.</strong></span> 
     </span>
    </p>

    <p class='ocr_par' dir='ltr' id='par_1_15' title="bbox 1755 2664 2775 3815">
     <span class='ocr_line' id='line_1_49' title="bbox 1819 2664 2771 2735; baseline -0.011 -12"><span class='ocrx_word' id='word_1_279' title='bbox 1819 2679 1846 2704; x_wconf 83' lang='grc'><em>“</em></span> <span class='ocrx_word' id='word_1_280' title='bbox 1877 2671 2158 2723; x_wconf 73' lang='lat' dir='ltr'><strong>Adolescens</strong></span> <span class='ocrx_word' id='word_1_281' title='bbox 2196 2670 2394 2735; x_wconf 73' lang='lat' dir='ltr'><strong>nobilis]</strong></span> <span class='ocrx_word' id='word_1_282' title='bbox 2438 2668 2596 2734; x_wconf 74' lang='lat' dir='ltr'><strong>Legit</strong></span> <span class='ocrx_word' id='word_1_283' title='bbox 2630 2664 2771 2728; x_wconf 70' lang='lat' dir='ltr'><strong>Sigus.</strong></span> 
     </span>
     <span class='ocr_line' id='line_1_50' title="bbox 1763 2743 2774 2805; baseline -0.008 -7"><span class='ocrx_word' id='word_1_284' title='bbox 1763 2748 1823 2798; x_wconf 86' lang='lat' dir='ltr'><strong>C.</strong></span> <span class='ocrx_word' id='word_1_285' title='bbox 1864 2748 2027 2798; x_wconf 72' lang='lat' dir='ltr'><strong>Matio</strong></span> <span class='ocrx_word' id='word_1_286' title='bbox 2061 2748 2342 2799; x_wconf 62' lang='lat' dir='ltr'><strong>adolescens·</strong></span> <span class='ocrx_word' id='word_1_287' title='bbox 2381 2746 2532 2796; x_wconf 68' lang='lat' dir='ltr'><strong>nobili</strong></span> <span class='ocrx_word' id='word_1_288' title='bbox 2564 2743 2774 2805; x_wconf 67' lang='lat' dir='ltr'><strong>indigas-</strong></span> 
     </span>
     <span class='ocr_line' id='line_1_51' title="bbox 1755 2821 2775 2891; baseline -0.008 -15"><span class='ocrx_word' id='word_1_289' title='bbox 1755 2825 2001 2876; x_wconf 75' lang='lat' dir='ltr'><strong>m‘debutur</strong></span> <span class='ocrx_word' id='word_1_290' title='bbox 2014 2842 2034 2875; x_wconf 92' lang='lat'><strong>.·</strong></span> <span class='ocrx_word' id='word_1_291' title='bbox 2052 2825 2242 2891; x_wconf 78' lang='lat' dir='ltr'><strong>alioqui</strong></span> <span class='ocrx_word' id='word_1_292' title='bbox 2258 2824 2449 2875; x_wconf 87' lang='lat' dir='ltr'><strong>nullum</strong></span> <span class='ocrx_word' id='word_1_293' title='bbox 2470 2821 2675 2873; x_wconf 78' lang='lat' dir='ltr'><strong>verbum</strong></span> <span class='ocrx_word' id='word_1_294' title='bbox 2690 2829 2775 2869; x_wconf 71' lang='lat' dir='ltr'><strong>ene</strong></span> 
     </span>
     <span class='ocr_line' id='line_1_52' title="bbox 1758 2894 2773 2969; baseline -0.012 -15"><span class='ocrx_word' id='word_1_295' title='bbox 1758 2903 1833 2954; x_wconf 90' lang='lat' dir='ltr'><strong>ait</strong></span> <span class='ocrx_word' id='word_1_296' title='bbox 1856 2903 1990 2969; x_wconf 88' lang='lat' dir='ltr'><strong>quod</strong></span> <span class='ocrx_word' id='word_1_297' title='bbox 2026 2902 2338 2966; x_wconf 85' lang='lat' dir='ltr'><strong>respondeat</strong></span> <span class='ocrx_word' id='word_1_298' title='bbox 2368 2899 2674 2951; x_wconf 76' lang='lat' dir='ltr'><strong>nominativo</strong></span> <span class='ocrx_word' id='word_1_299' title='bbox 2702 2894 2773 2957; x_wconf 82' lang='lat' dir='ltr'><strong>ilii,</strong></span> 
     </span>
     <span class='ocr_line' id='line_1_53' title="bbox 1760 2970 2774 3032; baseline -0.009 -2"><span class='ocrx_word' id='word_1_300' title='bbox 1760 2982 1818 3031; x_wconf 83' lang='lat' dir='ltr'><strong>G.</strong></span> <span class='ocrx_word' id='word_1_301' title='bbox 1832 2981 2042 3032; x_wconf 80' lang='lat' dir='ltr'><strong>Mucius.</strong></span> <span class='ocrx_word' id='word_1_302' title='bbox 2083 2981 2278 3031; x_wconf 88' lang='lat' dir='ltr'><strong>Verum</strong></span> <span class='ocrx_word' id='word_1_303' title='bbox 2296 2980 2394 3030; x_wconf 85' lang='lat' dir='ltr'><strong>boc</strong></span> <span class='ocrx_word' id='word_1_304' title='bbox 2415 2975 2716 3028; x_wconf 69' lang='grc' dir='ltr'><strong>ἀνακόλουθον</strong></span> <span class='ocrx_word' id='word_1_305' title='bbox 2729 2970 2774 3021; x_wconf 74' lang='lat' dir='ltr'><strong>fl·</strong></span> 
     </span>
     <span class='ocr_line' id='line_1_54' title="bbox 1756 3053 2774 3124; baseline -0.01 -15"><span class='ocrx_word' id='word_1_306' title='bbox 1756 3073 1932 3124; x_wconf 76' lang='lat' dir='ltr'><strong>guram</strong></span> <span class='ocrx_word' id='word_1_307' title='bbox 1957 3072 2088 3115; x_wconf 86' lang='lat' dir='ltr'><strong>esse,</strong></span> <span class='ocrx_word' id='word_1_308' title='bbox 2122 3071 2340 3123; x_wconf 88' lang='lat' dir='ltr'><strong>eamque</strong></span> <span class='ocrx_word' id='word_1_309' title='bbox 2366 3056 2631 3120; x_wconf 81' lang='lat' dir='ltr'><strong>eleganter</strong></span> <span class='ocrx_word' id='word_1_310' title='bbox 2648 3053 2774 3103; x_wconf 82' lang='lat' dir='ltr'><strong>Vete-</strong></span> 
     </span>
     <span class='ocr_line' id='line_1_55' title="bbox 1756 3134 2772 3197; baseline -0.009 -11"><span class='ocrx_word' id='word_1_311' title='bbox 1756 3136 1902 3187; x_wconf 84' lang='lat' dir='ltr'><strong>ribus</strong></span> <span class='ocrx_word' id='word_1_312' title='bbox 1924 3137 2190 3197; x_wconf 85' lang='lat' dir='ltr'><strong>usitatam,</strong></span> <span class='ocrx_word' id='word_1_313' title='bbox 2208 3135 2437 3185; x_wconf 84' lang='lat' dir='ltr'><strong>ostendit</strong></span> <span class='ocrx_word' id='word_1_314' title='bbox 2463 3134 2685 3183; x_wconf 80' lang='lat' dir='ltr'><strong>Gronov.</strong></span> <span class='ocrx_word' id='word_1_315' title='bbox 2704 3139 2772 3176; x_wconf 79' lang='lat' dir='ltr'><strong>ua·</strong></span> 
     </span>
     <span class='ocr_line' id='line_1_56' title="bbox 1757 3204 2772 3278; baseline -0.01 -14"><span class='ocrx_word' id='word_1_316' title='bbox 1757 3228 1858 3278; x_wconf 83' lang='lat' dir='ltr'><strong>que</strong></span> <span class='ocrx_word' id='word_1_317' title='bbox 1893 3211 2028 3263; x_wconf 86' lang='lat' dir='ltr'><strong>euim</strong></span> <span class='ocrx_word' id='word_1_318' title='bbox 2066 3212 2371 3262; x_wconf 80' lang='lat' dir='ltr'><strong>vocabulum</strong></span> <span class='ocrx_word' id='word_1_319' title='bbox 2406 3210 2567 3274; x_wconf 68' lang='lat' dir='ltr'><strong>itaque</strong></span> <span class='ocrx_word' id='word_1_320' title='bbox 2604 3204 2772 3257; x_wconf 72' lang='lat' dir='ltr'><strong>initia·</strong></span> 
     </span>
     <span class='ocr_line' id='line_1_57' title="bbox 1756 3285 2775 3353; baseline -0.01 -12"><span class='ocrx_word' id='word_1_321' title='bbox 1756 3298 1835 3341; x_wconf 76' lang='lat' dir='ltr'><strong>est</strong></span> <span class='ocrx_word' id='word_1_322' title='bbox 1856 3304 2005 3351; x_wconf 78' lang='lat' dir='ltr'><strong>novoe</strong></span> <span class='ocrx_word' id='word_1_323' title='bbox 2028 3287 2248 3353; x_wconf 87' lang='lat' dir='ltr'><strong>periodi,</strong></span> <span class='ocrx_word' id='word_1_324' title='bbox 2269 3285 2360 3336; x_wconf 89' lang='lat' dir='ltr'><strong>sed</strong></span> <span class='ocrx_word' id='word_1_325' title='bbox 2382 3287 2586 3351; x_wconf 78' lang='lat' dir='ltr'><strong>prioris,</strong></span> <span class='ocrx_word' id='word_1_326' title='bbox 2599 3292 2775 3345; x_wconf 73' lang='lat' dir='ltr'><strong>suspen·</strong></span> 
     </span>
     <span class='ocr_line' id='line_1_58' title="bbox 1756 3356 2772 3432; baseline -0.013 -14"><span class='ocrx_word' id='word_1_327' title='bbox 1756 3381 1828 3418; x_wconf 64' lang='grc' dir='ltr'><strong>σω</strong></span> <span class='ocrx_word' id='word_1_328' title='bbox 1864 3374 2023 3432; x_wconf 86' lang='lat' dir='ltr'><strong>atque</strong></span> <span class='ocrx_word' id='word_1_329' title='bbox 2055 3364 2336 3421; x_wconf 54' lang='lat' dir='ltr'><strong>intercisa.</strong></span> <span class='ocrx_word' id='word_1_330' title='bbox 2372 3360 2707 3421; x_wconf 87' lang='lat' dir='ltr'><strong>continuatio;</strong></span> <span class='ocrx_word' id='word_1_331' title='bbox 2729 3356 2772 3405; x_wconf 88' lang='lat' dir='ltr'><strong>ia</strong></span> 
     </span>
     <span class='ocr_line' id='line_1_59' title="bbox 1756 3441 2775 3510; baseline -0.011 -16"><span class='ocrx_word' id='word_1_332' title='bbox 1756 3458 1854 3510; x_wconf 86' lang='lat' dir='ltr'><strong>qua</strong></span> <span class='ocrx_word' id='word_1_333' title='bbox 1877 3449 2032 3505; x_wconf 73' lang='lat' dir='ltr'><strong>ratus,</strong></span> <span class='ocrx_word' id='word_1_334' title='bbox 2066 3441 2331 3502; x_wconf 76' lang='lat' dir='ltr'><strong>constituit,</strong></span> <span class='ocrx_word' id='word_1_335' title='bbox 2365 3447 2423 3490; x_wconf 87' lang='lat' dir='ltr'><strong>et</strong></span> <span class='ocrx_word' id='word_1_336' title='bbox 2445 3454 2563 3505; x_wconf 68' lang='lat' dir='ltr'><strong>qum</strong></span> <span class='ocrx_word' id='word_1_337' title='bbox 2589 3442 2775 3500; x_wconf 79' lang='lat' dir='ltr'><strong>sequun-</strong></span> 
     </span>
     <span class='ocr_line' id='line_1_60' title="bbox 1756 3513 2772 3582; baseline -0.015 -9"><span class='ocrx_word' id='word_1_338' title='bbox 1756 3530 1859 3579; x_wconf 84' lang='lat' dir='ltr'><strong>tur.</strong></span> <span class='ocrx_word' id='word_1_339' title='bbox 1902 3535 2108 3572; x_wconf 88' lang='lat' dir='ltr'><strong>sensum</strong></span> <span class='ocrx_word' id='word_1_340' title='bbox 2146 3519 2396 3582; x_wconf 85' lang='lat' dir='ltr'><strong>impleut·</strong></span> <span class='ocrx_word' id='word_1_341' title='bbox 2433 3516 2521 3580; x_wconf 84' lang='lat' dir='ltr'><strong>qui</strong></span> <span class='ocrx_word' id='word_1_342' title='bbox 2555 3513 2772 3564; x_wconf 83' lang='lat' dir='ltr'><strong>reverset</strong></span> 
     </span>
     <span class='ocr_line' id='line_1_61' title="bbox 1755 3585 2774 3663; baseline -0.013 -14"><span class='ocrx_word' id='word_1_343' title='bbox 1755 3600 1866 3649; x_wconf 84' lang='lat' dir='ltr'><strong>sine</strong></span> <span class='ocrx_word' id='word_1_344' title='bbox 1888 3598 2146 3663; x_wconf 84' lang='lat' dir='ltr'><strong>particula</strong></span> <span class='ocrx_word' id='word_1_345' title='bbox 2164 3596 2327 3660; x_wconf 74' lang='lat' dir='ltr'><strong>itaque</strong></span> <span class='ocrx_word' id='word_1_346' title='bbox 2357 3601 2598 3644; x_wconf 85' lang='lat' dir='ltr'><strong>constare</strong></span> <span class='ocrx_word' id='word_1_347' title='bbox 2617 3585 2774 3653; x_wconf 82' lang='lat' dir='ltr'><strong>potuit,</strong></span> 
     </span>
     <span class='ocr_line' id='line_1_62' title="bbox 1755 3665 2772 3742; baseline -0.014 -14"><span class='ocrx_word' id='word_1_348' title='bbox 1755 3685 1811 3728; x_wconf 88' lang='lat' dir='ltr'><strong>et</strong></span> <span class='ocrx_word' id='word_1_349' title='bbox 1831 3678 2033 3742; x_wconf 82' lang='lat' dir='ltr'><strong>planior</strong></span> <span class='ocrx_word' id='word_1_350' title='bbox 2054 3675 2260 3730; x_wconf 82' lang='lat' dir='ltr'><strong>fuisset,</strong></span> <span class='ocrx_word' id='word_1_351' title='bbox 2290 3673 2336 3722; x_wconf 88' lang='lat' dir='ltr'><strong>si</strong></span> <span class='ocrx_word' id='word_1_352' title='bbox 2369 3672 2545 3723; x_wconf 77' lang='lat' dir='ltr'><strong>Livius</strong></span> <span class='ocrx_word' id='word_1_353' title='bbox 2581 3665 2772 3732; x_wconf 77' lang='lat' dir='ltr'><strong>repetito</strong></span> 
     </span>
     <span class='ocr_line' id='line_1_63' title="bbox 1756 3740 2769 3815; baseline -0.01 -11"><span class='ocrx_word' id='word_1_354' title='bbox 1756 3763 1900 3806; x_wconf 87' lang='lat' dir='ltr'><strong>recto</strong></span> <span class='ocrx_word' id='word_1_355' title='bbox 1922 3754 2158 3815; x_wconf 79' lang='lat' dir='ltr'><strong>dixisset,</strong></span> <span class='ocrx_word' id='word_1_356' title='bbox 2193 3752 2356 3814; x_wconf 70' lang='lat' dir='ltr'><strong>itaqu</strong></span> <span class='ocrx_word' id='word_1_357' title='bbox 2393 3748 2586 3798; x_wconf 70' lang='lat' dir='ltr'><strong>Mucius</strong></span> <span class='ocrx_word' id='word_1_358' title='bbox 2616 3746 2704 3804; x_wconf 74' lang='lat' dir='ltr'><strong>ille,</strong></span> <span class='ocrx_word' id='word_1_359' title='bbox 2716 3740 2769 3789; x_wconf 72' lang='lat' dir='ltr'><strong>de</strong></span> 
     </span>
    </p>
   </div>
   <div class='ocr_carea' id='block_1_11' title="bbox 1755 3816 2770 3958">
    <p class='ocr_par' dir='ltr' id='par_1_16' title="bbox 1755 3816 2770 3958">
     <span class='ocr_line' id='line_1_64' title="bbox 1755 3816 2769 3897; baseline -0.012 -15"><span class='ocrx_word' id='word_1_360' title='bbox 1755 3846 1859 3897; x_wconf 82' lang='lat' dir='ltr'><strong>quo</strong></span> <span class='ocrx_word' id='word_1_361' title='bbox 1878 3829 2004 3880; x_wconf 75' lang='lat' dir='ltr'><strong>dixi·-</strong></span> <span class='ocrx_word' id='word_1_362' title='bbox 2055 3830 2180 3880; x_wconf 85' lang='lat' dir='ltr'><strong>Non</strong></span> <span class='ocrx_word' id='word_1_363' title='bbox 2207 3816 2455 3877; x_wconf 77' lang='lat' dir='ltr'><strong>absimilis</strong></span> <span class='ocrx_word' id='word_1_364' title='bbox 2478 3823 2639 3874; x_wconf 84' lang='lat' dir='ltr'><strong>oratio</strong></span> <span class='ocrx_word' id='word_1_365' title='bbox 2657 3817 2769 3884; x_wconf 74' lang='lat' dir='ltr'><strong>apud</strong></span> 
     </span>
     <span class='ocr_line' id='line_1_65' title="bbox 1756 3902 2770 3958; baseline -0.015 0"><span class='ocrx_word' id='word_1_366' title='bbox 1756 3907 1869 3958; x_wconf 86' lang='lat' dir='ltr'><strong>Cic.</strong></span> <span class='ocrx_word' id='word_1_367' title='bbox 1889 3906 1977 3956; x_wconf 88' lang='lat' dir='ltr'><strong>lib.</strong></span> <span class='ocrx_word' id='word_1_368' title='bbox 2000 3920 2082 3956; x_wconf 80' lang='lat' dir='ltr'><strong>tv.</strong></span> <span class='ocrx_word' id='word_1_369' title='bbox 2112 3905 2179 3954; x_wconf 90' lang='lat' dir='ltr'><strong>de</strong></span> <span class='ocrx_word' id='word_1_370' title='bbox 2199 3902 2452 3953; x_wconf 75' lang='lat' dir='ltr'><strong>fluibus-⁶</strong></span> <span class='ocrx_word' id='word_1_371' title='bbox 2469 3903 2654 3951; x_wconf 81' lang='lat' dir='ltr'><strong>Postea</strong></span> <span class='ocrx_word' id='word_1_372' title='bbox 2673 3904 2770 3945; x_wconf 72' lang='lat' dir='ltr'><strong>tuot</strong></span> 
     </span>
    </p>
   </div>
   <div class='ocr_carea' id='block_1_12' title="bbox 1754 3969 2770 4358">
    <p class='ocr_par' dir='ltr' id='par_1_17' title="bbox 1754 3969 2770 4358">
     <span class='ocr_line' id='line_1_66' title="bbox 1754 3969 2767 4044; baseline -0.013 -12"><span class='ocrx_word' id='word_1_373' title='bbox 1754 3983 1841 4032; x_wconf 81' lang='lat' dir='ltr'><strong>iile</strong></span> <span class='ocrx_word' id='word_1_374' title='bbox 1864 3980 2113 4033; x_wconf 82' lang='lat' dir='ltr'><strong>Poenulus</strong></span> <span class='ocrx_word' id='word_1_375' title='bbox 2145 3979 2271 4044; x_wconf 85' lang='lat' dir='ltr'><strong>(scis</strong></span> <span class='ocrx_word' id='word_1_376' title='bbox 2303 3978 2438 4029; x_wconf 88' lang='lat' dir='ltr'><strong>euim</strong></span> <span class='ocrx_word' id='word_1_377' title='bbox 2461 3976 2681 4028; x_wconf 72' lang='lat' dir='ltr'><strong>Cittioeos</strong></span> <span class='ocrx_word' id='word_1_378' title='bbox 2696 3969 2767 4020; x_wconf 79' lang='lat' dir='ltr'><strong>cli·</strong></span> 
     </span>
     <span class='ocr_line' id='line_1_67' title="bbox 1756 4045 2769 4115; baseline -0.014 -6"><span class='ocrx_word' id='word_1_379' title='bbox 1756 4067 1904 4109; x_wconf 85' lang='lat' dir='ltr'><strong>entes</strong></span> <span class='ocrx_word' id='word_1_380' title='bbox 1949 4066 2065 4108; x_wconf 89' lang='lat' dir='ltr'><strong>tuos</strong></span> <span class='ocrx_word' id='word_1_381' title='bbox 2114 4070 2147 4105; x_wconf 90' lang='lat' dir='ltr'><strong>a</strong></span> <span class='ocrx_word' id='word_1_382' title='bbox 2193 4055 2461 4115; x_wconf 78' lang='lat' dir='ltr'><strong>Plroenicia</strong></span> <span class='ocrx_word' id='word_1_383' title='bbox 2511 4045 2769 4115; x_wconf 77' lang='lat' dir='ltr'><strong>profectos)</strong></span> 
     </span>
     <span class='ocr_line' id='line_1_68' title="bbox 1758 4122 2770 4196; baseline -0.014 -11"><span class='ocrx_word' id='word_1_384' title='bbox 1758 4135 1908 4185; x_wconf 85' lang='lat' dir='ltr'><strong>bomo</strong></span> <span class='ocrx_word' id='word_1_385' title='bbox 1930 4134 2091 4196; x_wconf 78' lang='lat' dir='ltr'><strong>igitur</strong></span> <span class='ocrx_word' id='word_1_386' title='bbox 2119 4139 2325 4193; x_wconf 80' lang='lat' dir='ltr'><strong>acutus,</strong></span> <span class='ocrx_word' id='word_1_387' title='bbox 2360 4143 2561 4181; x_wconf 88' lang='lat' dir='ltr'><strong>causam</strong></span> <span class='ocrx_word' id='word_1_388' title='bbox 2584 4139 2677 4176; x_wconf 87' lang='lat' dir='ltr'><strong>non</strong></span> <span class='ocrx_word' id='word_1_389' title='bbox 2695 4122 2770 4173; x_wconf 84' lang='lat' dir='ltr'><strong>ob-</strong></span> 
     </span>
     <span class='ocr_line' id='line_1_69' title="bbox 1760 4204 2768 4275; baseline -0.009 -13"><span class='ocrx_word' id='word_1_390' title='bbox 1760 4210 1949 4267; x_wconf 85' lang='lat' dir='ltr'><strong>tinens.</strong></span> <span class='ocrx_word' id='word_1_391' title='bbox 1969 4217 2292 4275; x_wconf 74' lang='lat' dir='ltr'><strong>repugnante</strong></span> <span class='ocrx_word' id='word_1_392' title='bbox 2312 4215 2499 4259; x_wconf 85' lang='lat' dir='ltr'><strong>natura</strong></span> <span class='ocrx_word' id='word_1_393' title='bbox 2511 4204 2659 4255; x_wconf 76' lang='lat' dir='ltr'><strong>verbs</strong></span> <span class='ocrx_word' id='word_1_394' title='bbox 2679 4211 2768 4249; x_wconf 76' lang='lat' dir='ltr'><strong>ver-</strong></span> 
     </span>
     <span class='ocr_line' id='line_1_70' title="bbox 1761 4285 2096 4358; baseline -0.006 -19"><span class='ocrx_word' id='word_1_395' title='bbox 1761 4302 1875 4339; x_wconf 84' lang='lat' dir='ltr'><strong>sare</strong></span> <span class='ocrx_word' id='word_1_396' title='bbox 1889 4285 2096 4358; x_wconf 54' lang='lat' dir='ltr'><strong>coepit:</strong></span> 
     </span>
    </p>
   </div>
   <div class='ocr_carea' id='block_1_13' title="bbox 2891 0 2903 1619">
    <p class='ocr_par' dir='ltr' id='par_1_18' title="bbox 2891 0 2903 1619">
     <span class='ocr_line' id='line_1_71' title="bbox 2891 0 2903 1619; baseline 0 0"><span class='ocrx_word' id='word_1_397' title='bbox 2891 0 2903 1619; x_wconf 95' lang='lat' dir='ltr'><strong> </strong></span> 
     </span>
    </p>
   </div>
  </div>
 </body>
</html>
