3034 4925
488 314 618 382 144
1374 332 1691 384 usuam
1811 367 1815 376 .

490 482 648 546 Geta
679 484 925 546 subacta
951 482 1262 561 divisaque
1292 483 1354 544 in
1379 483 1758 563 Tingitanam
1789 493 1850 543 et
1873 483 2327 547 Caesariensem.
2411 482 2687 545 42-1002

492 581 912 650 Quintilianus.
989 580 1271 642 42-121?
1312 582 1641 644 Juvenalis.
1740 586 1842 643 43.
1896 602 1986 661 sq.
2031 581 2152 640 Res
2200 582 2261 639 in
2303 582 2615 642 Britannia
2654 602 2692 641 a

493 674 748 742 Claudio
784 679 1118 758 legatisque
1144 677 1292 758 ejus,
1335 678 1410 738 A.
1441 678 1676 740 Plautio
1706 677 1969 750 Silvano,
1999 678 2068 738 T.
2096 678 2298 737 Flavio
2316 678 2693 759 Vespasiano

494 786 556 848 et
584 777 653 840 C.
686 776 935 836 Hosidio
964 776 1121 838 Geta
1149 787 1359 855 gestae.
1442 776 1601 836 Vibii
1633 777 1819 836 Marsi
1853 779 2019 855 proc.
2063 776 2250 856 Syriae
2274 776 2703 837 contentiones·

495 893 629 936 cum
660 875 924 955 Agrippa
961 875 1304 938 Judaeorum
1348 894 1512 954 rege.
1592 878 1694 935 44.
1737 874 2080 943 Quaestores
2120 873 2243 932 duo
2273 873 2334 931 in
2374 873 2695 931 triennium

498 972 703 1032 aerario
731 973 1017 1051 praefecti,
1048 983 1107 1033 et
1134 982 1418 1051 praetores
1448 971 1569 1031 duo
1598 971 1748 1050 juris
1791 970 2037 1031 dictioni
2067 969 2141 1029 de
2167 968 2305 1028 fidei
2338 970 2697 1030 commissis.

499 1067 759 1148 Cuspius
789 1069 990 1131 Fadus
1033 1068 1300 1145 (Cestius
1338 1067 1570 1143 Festus)
1617 1068 1847 1130 Judaeae
1893 1067 2225 1147 impositus.
2307 1069 2523 1128 44-90.
2571 1068 2695 1127 He-

498 1164 673 1228 rodes
702 1165 966 1245 Agrippa
993 1186 1070 1228 11.
1102 1166 1404 1230 Berenice.
1477 1168 1576 1226 45.
1624 1166 1750 1225 Ser.
1768 1164 2064 1246 Sulpicius
2090 1163 2290 1224 Galba
2309 1164 2570 1225 Africam
2602 1186 2701 1225 or-

500 1261 689 1322 dinat.
769 1266 871 1326 46.
918 1265 1004 1324 M.
1030 1263 1266 1325 Vinucii
1294 1263 1590 1323 interitus.
1677 1262 2021 1340 Con-‚iuratio
2049 1262 2242 1321 Asinii
2266 1261 2428 1321 Galli
2472 1272 2535 1321 et
2562 1262 2703 1322 Sta-

500 1359 605 1418 tilii
627 1360 887 1420 Corvini.
969 1359 1238 1421 Tiberius
1279 1359 1622 1420 Alexander
1656 1358 1896 1422 ..Indaeae
1921 1358 2262 1439 praefectus.
2344 1358 2567 1437 Ingens
2596 1376 2711 1437 per

504 1457 732 1534 Syriam
763 1456 970 1517 fames.
1054 1459 1155 1517 47.
1199 1457 1348 1515 Ludi
1395 1457 1708 1517 saeculares
1763 1457 1935 1520 sexti.
2020 1454 2417 1527 Mithridates,
2464 1455 2703 1535 adjutus

504 1553 713 1631 opibus
744 1553 1163 1613 Pharasmanis
1209 1554 1405 1618 fratris
1451 1565 1510 1614 et
1552 1554 1850 1618 discordia
1877 1552 2150 1614 Gotarzis
2179 1562 2240 1612 et
2269 1551 2559 1612 Bardanis
2589 1551 2706 1612 fra·

506 1658 658 1706 trum
716 1668 1038 1729 regumque
1094 1650 1469 1724 Parthorum,
1521 1651 1860 1710 Armeniam
1918 1659 2250 1730 recuperat.
2358 1649 2588 1709 Chauci
2642 1659 2708 1707 et

509 1744 682 1803 Frisii
704 1765 740 1804 a
771 1746 884 1805 Cn.
917 1748 1180 1807 Domitio
1211 1748 1549 1808 Corbulone
1577 1748 1833 1821 subacti,
1863 1756 1923 1807 et
1952 1747 2110 1807 fossa
2138 1745 2494 1807 Corbulonis
2523 1744 2709 1805 ducta

508 1842 661 1902 inter
718 1844 949 1903 Mosam
1000 1856 1072 1904 et
1111 1845 1407 1905 Rhenum.
1492 1845 1556 1904 L.
1602 1844 1836 1904 Salvius
1886 1844 2047 1904 Otho
2093 1863 2255 1923 proc.
2300 1843 2539 1904 Africae.
2624 1842 2707 1911 Q.

512 1939 750 2000 Curtius
794 1943 990 2001 Rufus
1029 1962 1191 2021 proc.
1225 1942 1588 2015 Germaniae,
1617 1953 1678 2001 et
1703 1943 1856 2002 forte
1883 1942 2218 2001 historicus.
2301 1943 2404 2001 48.
2450 1938 2711 1999 Messal-

511 2037 651 2097 linae
684 2049 744 2098 et
771 2039 843 2098 C.
878 2039 1004 2098 Silii
1040 2040 1403 2099 connubium
1432 2059 1501 2098 ac
1533 2059 1711 2100 mors.
1742 2066 1748 2073 ·
1802 2040 2037 2099 Census
2067 2057 2104 2098 a
2133 2037 2390 2098 Claudio
2419 2048 2479 2098 et
2508 2037 2574 2097 L.
2603 2035 2712 2094 Vi-

515 2134 678 2193 tellio
708 2148 894 2197 actus,
979 2136 1232 2194 Phoenix
1278 2136 1531 2194 Romam
1561 2136 1825 2197 allatus(
1888 2137 1962 2197 C.
1994 2136 2237 2196 Cassius
2270 2134 2572 2215 Longinus
2590 2134 2726 2194 JC.‘

519 2231 770 2310 Syriam,
798 2242 859 2291 et
884 2232 1200 2292 Ventidius
1231 2233 1538 2291 Cumanus
1570 2234 1845 2293 ,Iudaeam
1887 2234 2136 2296 obtinet.
2217 2233 2532 2294 PhaedruS.
2612 2233 2717 2292 49.

521 2328 814 2389 Claudius
838 2349 1080 2389 uxorem
1136 2330 1299 2390 ducit
1339 2331 1726 2410 Agrippinam
1772 2332 2109 2392 Germanici
2159 2331 2350 2392 fratris
2401 2329 2607 2402 filiam,
2655 2340 2725 2389 et

521 2428 852 2503 Octaviam,
878 2429 1060 2490 filiam
1098 2448 1285 2503 suam,
1316 2429 1383 2490 L.
1403 2429 1584 2490 Junio
1617 2429 1820 2489 Silano
1840 2429 2281 2510 desponsatam,
2311 2429 2411 2510 qui
2439 2427 2725 2489 abdicare

523 2546 587 2587 se
625 2537 884 2607 praetura
912 2539 972 2588 et
998 2529 1143 2588 mori
1172 2528 1425 2608 cogitur,
1464 2527 1802 2608 despondet
1831 2528 1897 2586 L.
1940 2527 2200 2587 Domitio
2228 2527 2479 2600 Neroni,
2506 2526 2721 2605 Agrip-

521 2625 678 2704 pinae
714 2626 860 2687 filio.
946 2626 1346 2699 Meherdates,
1384 2647 1420 2686 a
1458 2625 1720 2686 Claudio
1757 2625 1992 2685 Parthis
2040 2646 2141 2684 rex
2186 2624 2378 2696 datus,
2426 2623 2659 2702 capitur
2688 2642 2728 2681 a

526 2724 803 2795 Gotarze,
825 2734 887 2782 et
912 2723 1047 2784 huic
1078 2733 1306 2784 mortuo
1330 2723 1601 2784 succedit
1620 2724 1905 2783 Vonones
1930 2744 2012 2783 11.
2081 2722 2460 2782 Mithridates
2489 2721 2728 2800 Bospo-

528 2836 728 2890 ranuS,
758 2839 890 2878 cum
936 2822 1124 2900 Cotye
1148 2822 1324 2881 fratre
1351 2822 1606 2894 bellans,
1637 2823 1891 2904 Romam
1919 2820 2168 2880 mittitur
2192 2820 2443 2880 vinctuS.
2529 2816 2727 2878 Itaraei

530 2922 591 2972 et
627 2913 823 2972 Judaei
854 2915 1040 2996 Syriae
1086 2915 1330 3005 additi..
1377 2918 1738 2978 Pomoerium
1773 2918 2090 2998 prolatum.
2171 2918 2241 2977 T.
2274 2916 2513 2976 Flavius
2553 2915 2727 2975 Sabi-

533 3029 650 3068 nus
679 3010 945 3073 Moesiam
976 3032 1086 3092 per
1108 3006 1353 3092 septem,
1383 3014 1600 3074 ,Iunius
1635 3013 1769 3074 Cilo
1797 3026 2169 3095 proquaestor
2213 3014 2550 3093 Bithyniam
2591 3033 2729 3073 cum

534 3106 728 3166 Ponto
773 3128 879 3187 per
926 3120 1198 3189 quatuor,
1244 3121 1304 3171 et
1339 3112 1649 3189 xAntonius
1692 3134 1742 3174 s.
1781 3114 1869 3173 Ti.
1919 3112 2207 3172 Claudius
2240 3108 2409 3174 Felix
2449 3111 2730 3170 Judaeam

534 3225 639 3285 per
662 3226 759 3265 vl.
790 3210 977 3266 anno‘s
1006 3208 1172 3287 regit.
1258 3211 1358 3268 50.
1404 3209 1471 3268 L.
1504 3209 1801 3270 Domitius
1835 3210 1993 3271 Nero
2037 3228 2075 3268 a
2114 3208 2367 3268 Claudio
2407 3207 2735 3287 adoptatus

538 3304 1010 3384 praepositusque
1039 3305 1402 3366 Britannico,
1489 3307 1815 3387 Agrippina
1843 3307 2139 3386 Augusta,
2166 3318 2226 3366 et
2253 3306 2489 3367 colonia
2517 3304 2733 3383 Agrip·

542 3401 829 3496 pinensis.
914 3401 977 3460 L.
1024 3403 1294 3461 Animus
1322 3402 1554 3463 Seneca
1574 3394 1762 3463 exilio
1804 3408 2139 3474 revocatus,
2183 3415 2402 3484 praetor
2434 3413 2493 3461 et
2543 3399 2735 3459 Nero·

538 3499 634 3559 nis
680 3508 1030 3580 praeceptor.
1117 3499 1187 3560 P.
1239 3501 1453 3563 Atilius
1505 3501 1657 3562 Ister
1707 3517 1881 3582 proc.
1927 3501 2277 3573 Pannoniae,
2327 3501 2426 3559 ubi
2476 3497 2734 3567 VanniO,

542 3598 869 3663 Suevorum
907 3599 1029 3678 regi
1054 3600 1330 3680 profugO,
1358 3619 1539 3679 agros
1572 3599 1698 3665 dat.
1783 3600 1853 3661 T.
1886 3598 2159 3659 Vinidius
2186 3598 2527 3669 Quadratus
2573 3614 2737 3676 proc.

544 3695 731 3774 Syriae
767 3697 983 3757 frustra
1023 3716 1399 3776 compescere
1444 3707 1693 3757 conatur
1738 3704 1933 3757 motus
1983 3696 2302 3767 Iberorum,
2327 3696 2737 3755 Armeniorum

546 3810 618 3850 ac
645 3791 991 3855 Parthorum
1022 3794 1173 3857 inter
1200 3816 1264 3857 se
1295 3794 1662 3857 bellantium.
1747 3794 1906 3855 catti
1929 3813 1965 3852 a
1995 3795 2069 3863 Q.
2103 3792 2432 3871 Pomponio
2462 3790 2741 3853 Secundo

546 3904 709 3967 proc.
736 3889 1067 3953 Germaniae
1096 3912 1228 3973 sup.
1271 3912 1343 3954 ac
1372 3893 1572 3972 poeta,
1611 3901 1673 3950 et
1700 3891 1968 3953 Britanni
2009 3910 2049 3951 a
2092 3890 2164 3955 P.
2197 3888 2441 3951 Ostorio
2482 3887 2744 3967 Scapula

491 4003 747 4064 upropr.
793 4000 969 4066 capto
1019 3990 1367 4062 carantam,
1413 3987 2086 4051 sabaoth—Scribonius
2132 3986 2381 4065 Largus.
2488 3987 2743 4053 50-130.

471 4096 474 4101 ’
553 4078 935 4152 Plutarchus.
1004 4089 1104 4146 51.
1127 4086 1534 4165 Vespasianus
1563 4104 1689 4145 cos.
1719 4085 1855 4145 suff.
1929 4084 2301 4145 Domitianus
2327 4091 2527 4149 natus.
2579 4083 2744 4161 Toga

555 4178 737 4239 virilis
782 4178 1006 4241 Neroni
1060 4192 1390 4251 maturata:
1419 4163 1623 4269 .isque
1678 4201 1805 4247 cos,
1850 4181 2083 4262 design.
2131 4193 2193 4244 et
2241 4200 2405 4260 proc.
2466 4180 2742 4245 Afranius
