3034 4925
1221 370 1672 436 msromoae.
2417 341 2547 466 167

339 557 528 623 opera
557 534 875 600 amicorum
906 537 1224 620 impetrant
1250 540 1636 620 triumphum.
1721 536 1920 618 Scipio
1947 537 2264 601 Africanus
2295 558 2332 599 a
2364 539 2543 601 Petil-

335 634 436 698 liis
465 647 798 711 accusatur,
826 647 888 698 et
916 637 982 697 L.
1017 636 1217 717 Scipio
1250 637 1553 698 Asiaticus
1581 638 1760 697 frater
1807 635 2143 710 damnatur,
2170 646 2410 699 auctore
2449 640 2543 700 M.

339 736 595 809 Catone,
640 745 701 797 et
749 735 1100 796 adversante
1138 735 1241 796 Ti.
1271 735 1622 816 Sempronio
1666 734 1963 806 Graccho,
2012 733 2251 796 inimico
2299 748 2360 798 et
2404 759 2544 801 mox

337 854 562 913 genero
606 833 674 896 P.
705 834 1018 915 Scipionis.
1103 833 1373 894 Luxuriae
1404 833 1733 913 peregrinas
1773 832 1939 911 origo
1968 833 2043 891 ab
2072 835 2331 895 exercitu
2365 837 2542 898 Man·

334 930 401 992 lii
432 931 696 992 Asiatico
736 931 994 994 invecta.
1082 930 1329 1014 Ligures
1370 930 1601 993 domiti.
1684 930 1761 991 A.
1792 931 1868 993 C.
1922 932 2210 992 187-176.
2256 933 2544 997 Seleucus

346 1048 445 1092 1v.
475 1030 843 1110 Philopator.

540 1224 617 1286 U.
650 1224 721 1286 C.
749 1225 894 1286 566.
956 1223 1029 1286 A.
1059 1224 1133 1286 C.
1166 1224 1303 1284 186.
1364 1222 1465 1284 01.
1495 1240 1783 1284 chvm.
1817 1225 1874 1283 3.
1925 1224 2019 1301 (L.
2049 1200 2264 1286 xxxix.
2294 1227 2382 1303 6.)

416 1354 521 1435 Sp.
566 1355 920 1416 Postumius
961 1354 1245 1431 Albinus,
1281 1356 1355 1428 Q.
1402 1355 1683 1417 Marcius
1730 1353 2087 1436 Philippus.
2173 1356 2443 1425 Quaestio
2482 1367 2545 1417 et

330 1451 458 1514 SC.
485 1452 563 1513 de
591 1453 1088 1514 Bacchanalibus..
1161 1454 1239 1523 Q.
1276 1452 1539 1513 Marcius
1571 1453 1629 1513 in
1659 1452 1813 1513 saltu
1852 1454 2136 1529 (Marcio)
2165 1474 2201 1514 a
2231 1455 2543 1535 Liguribus

326 1550 791 1612 circumventus.
876 1551 1160 1612 Celtiberi
1216 1551 1377 1612 victi.
1459 1551 1742 1611 Taurilia.
1828 1551 1978 1610 Ludi
2021 1552 2240 1625 Graeci,
2287 1553 2542 1613 athleta·

327 1668 461 1707 rum
489 1660 786 1709 certamen
818 1661 878 1710 et
902 1650 1140 1710 venatio
1171 1671 1208 1709 a
1235 1648 1324 1711 M.
1358 1648 1570 1708 Fulvio
1597 1649 1848 1731 primum
1879 1649 2043 1711 data.
2128 1649 2281 1709 Ludi
2309 1651 2377 1712 L.
2409 1652 2539 1712 Sci-

326 1744 525 1826 pionis
547 1749 622 1808 ab
651 1749 971 1809 artificibus
1002 1747 1284 1809 Asiaticis
1318 1746 1483 1808 editi.

521 1945 611 2008 U.
641 1947 716 2008 C.
742 1949 890 2010 567.
927 1949 1006 2010 A.
1028 1949 1102 2010 C.
1141 1950 1277 2009 185.
1325 1946 1425 2008 Ol.
1455 1964 1742 2008 chvln.
1773 1950 1833 2006 4.
1863 1946 1956 2023 (L.
1984 1900 2196 2007 xxxxx.
2222 1949 2350 2024 23.)

407 2060 535 2155 Ap.
571 2062 854 2125 Claudius
877 2064 1125 2135 Pulcer,
1175 2064 1275 2125 M.
1324 2060 1710 2143 Sempronius
1741 2061 2100 2123 Tuditanus.
2185 2060 2533 2122 Groecorum

318 2165 388 2216 et
417 2157 698 2221 Eumenis
739 2160 995 2240 querelae
1041 2160 1116 2222 de
1156 2161 1456 2241 Philippo,
1486 2159 1591 2239 qui
1635 2158 1962 2238 legatorum
2017 2160 2192 2219 Rom.
2240 2158 2538 2220 sententia

318 2256 583 2335 graviter
622 2257 887 2321 offensus
934 2257 1077 2320 belli
1117 2259 1368 2320 consilia
1396 2259 1608 2339 agitat.
1695 2258 1817 2318 Res
1846 2257 1908 2317 in
1941 2257 2235 2339 Hispania
2265 2257 2532 2339 Liguria-

315 2375 439 2435 que
464 2342 672 2436 gestae.

542 2555 619 2616 U.
645 2557 716 2617 C.
749 2559 891 2619 568.
936 2557 1012 2620 A.
1038 2557 1110 2618 C.
1145 2560 1284 2619 184.
1329 2557 1429 2618 Ol.
1458 2576 1674 2619 cxmx.
1707 2559 1762 2618 l.
1805 2557 1901 2634 (L.
1929 2576 2144 2618 xxx1x.
2179 2558 2308 2632 32.)

408 2670 473 2731 C.
534 2671 819 2733 Claudius
847 2673 1097 2747 Pulcer,
1146 2674 1226 2734 L.
1274 2673 1538 2734 Porcius
1590 2672 1865 2733 Licinus.
1951 2672 2039 2733 M.
2073 2671 2316 2731 Porcius
2368 2670 2523 2731 Cato

310 2774 383 2826 et
409 2765 478 2827 L.
505 2766 781 2831 Valerius
816 2771 1071 2832 Flaccus
1101 2791 1406 2832 censores.
1494 2769 1702 2850 Legati
1734 2770 1907 2830 Rom.
1952 2770 2120 2829 missi
2145 2771 2202 2828 in
2237 2768 2531 2830 Graeciam

313 2872 384 2922 et
411 2859 748 2928 Demetrius
777 2888 813 2928 a
839 2866 1116 2950 Philippo
1156 2881 1326 2950 patre
1357 2870 1631 2930 Romam.
1719 2867 1790 2929 P.
1843 2867 2155 2929 Cornelius
2202 2867 2531 2947 Cethegus,

308 2973 552 3022 mortuo
585 2980 839 3045 praetore
885 2970 1136 3043 urbano,
1165 2977 1476 3049 utramque
1516 2966 1991 3048 jurisdictionem
2023 2963 2530 3046 accipin—Plau-

306 3069 414 3120 tus
444 3061 590 3124 obit.

521 3242 597 3303 U.
630 3243 702 3305 C.
735 3240 878 3307 569.
942 3248 1022 3309 Α.
1052 3249 1127 3311 C.
1163 3251 1300 3309 183.
1346 3247 1447 3308 Ol.
1473 3267 1686 3308 cxmx.
1719 3250 1780 3309 2.
1824 3247 1919 3325 (L.
1951 3264 2163 3305 xxx1x.
2192 3246 2324 3319 45.)

395 3354 494 3415 M.
569 3357 874 3422 Claudius''
932 3363 1285 3434 Marcellus,
1352 3365 1424 3435 Q.
1485 3362 1708 3424 Fabius
1768 3360 1985 3421 Labeo.
2088 3358 2523 3438 Philopoemen,

307 3451 617 3514 Hannibal
666 3466 729 3517 et
755 3457 826 3517 P.
876 3460 1078 3540 Scipio
1120 3461 1470 3520 moriuntur.
1558 3459 1897 3519 Demetrius
1936 3468 1999 3517 et
2025 3457 2280 3517 Perseus
2313 3457 2524 3515 fratres

306 3546 645 3614 discordes.
705 3556 1000 3635 Aquileia,
1024 3558 1284 3632 Mutina,
1312 3558 1528 3619 Parma
1557 3568 1619 3617 et
1649 3555 1929 3616 Saturnia
1973 3552 2523 3616 coloniae.—Phar-

306 3667 496 3709 naces
530 3669 579 3713 1.
612 3649 923 3732 Lycortas.

510 3847 589 3907 U.
621 3847 693 3908 C.
722 3851 865 3913 570.
909 3851 986 3912 A.
1016 3853 1090 3915 C.
1122 3856 1260 3915 182.
1300 3854 1401 3917 Ol.
1429 3875 1644 3918 cxmx.
1675 3858 1735 3917 3.
1787 3854 1881 3931 (L.
1913 3872 2127 3913 xxxxx.
2161 3851 2299 3927 56.)

389 3960 499 4020 Cu.
533 3961 788 4023 Boebius
820 3964 1186 4045 Tamphilus,
1228 3969 1307 4030 L.
1337 3970 1624 4032 AEmilius
1655 3969 1918 4032 Paulus.
2003 3966 2317 4047 Philippus
2368 3963 2521 4024 invi-

309 4061 410 4116 su's
457 4058 920 4123 Macedonibus.
1005 4063 1242 4126 Poridis
1296 4074 1359 4129 et
1405 4067 1754 4129 Theoxenae
1813 4066 2065 4126 facinus.
2135 4066 2397 4125 Perseus·
2419 4073 2519 4122 ac·-

299 4155 542 4215 cus'ator
570 4155 793 4221 fratris.
879 4160 1203 4224 Contentio
1229 4162 1548 4228 Poenorum
1571 4186 1708 4228 cum
1740 4163 2089 4225 Masinissa.
2175 4163 2300 4223 Res
2330 4161 2390 4220 in
2422 4159 2516 4218 Lie

300 4252 475 4332 gutia
496 4263 561 4314 et
595 4253 902 4337 Hispaniis
931 4269 1144 4339 gestae.
