3034 4925
1051 409 1196 459 ms.
1242 409 1293 460 1.
1339 408 1503 459 ose.
1545 391 1615 460 8.
2304 396 2438 463 195

260 557 756 622 ementiebantur
777 576 795 637 3
824 555 1073 633 locum,
1099 554 1217 639 qui
1236 573 1411 620 nunc
1431 560 1666 640 septus
1689 550 2251 621 descendentibus
2269 556 2439 650 intes·

262 661 420 725 duos
447 660 682 724 lnc0s⁰
723 658 902 737 est‚¹⁸
931 656 1212 754 Asylum
1263 656 1532 740 aperit!
1619 655 1721 722 Eo
1754 676 1845 722 ex
1887 656 2190 728 finitimis
2218 679 2441 745 popu·

259 762 339 826 lis
365 763 558 828 turba
577 762 793 827 omnis
816 760 961 826 sine
987 759 1390 838 discrimine,
1412 758 1586 825 liber
1606 778 1693 824 an
1712 777 1953 825 servus
1972 768 2205 841 emet:¹
2234 763 2440 830 avida

1154 922 1489 944 ‘ummo
1495 922 1528 944 Ο

264 1025 363 1088 gius
384 1023 511 1089 legit
531 1025 951 1075 «Νεκῶ-18
975 1026 991 1055 ‘
1011 1024 1234 1079 Quidam
1260 1030 1465 1074 veteres
1487 1021 1605 1074 libri
1630 1022 1855 1075 habent:
1877 1022 1958 1088 qni
1979 1029 2092 1075 tnnc
2113 1030 2269 1088 septus
2288 1024 2447 1076 densis

261 1090 458 1139 nutibus
476 1090 606 1139 inter
622 1093 738 1140 daos
756 1092 883 1140 lucos
902 1097 1024 1142 erat.
1089 1090 1242 1143 Quod
1264 1102 1370 1139 non
1426 1087 1592 1139 robe-⁹
1623 1088 1797 1151 sigon.
1852 1091 1869 1118 ‘
1893 1090 1995 1145 Qui
2011 1103 2135 1139 nnnc
2154 1096 2315 1153 septns
2328 1092 2445 1141 den·

263 1154 326 1203 sis
342 1155 547 1203 sentibus
569 1156 697 1206 inter
714 1157 830 1205 dass
858 1157 985 1206 lucos
1019 1160 1108 1206 est.
1172 1155 1262 1206 Sic
1321 1154 1370 1203 ui
1411 1169 1490 1203 em
1515 1167 1722 1217 semper
1744 1153 1939 1203 editum
1964 1153 2084 1204 fuit.
2153 1155 2294 1207 Quid
2317 1169 2445 1220 ergo

264 1219 386 1270 Mss.
408 1234 605 1280 omnes,
627 1224 785 1283 septas
818 1219 1230 1270 descendentibus?
1324 1218 1412 1269 sic
1433 1218 1590 1269 babet
1611 1224 1721 1269 not.
1745 1219 1797 1268 in
1821 1218 1906 1269 ed.
1930 1218 2162 1270 Gronov,
2184 1223 2328 1270 1679.
2350 1220 2444 1270 sed

264 1283 312 1331 in
332 1283 412 1331 ed.
432 1287 576 1333 1665.
598 1294 681 1334 est
699 1285 1030 1351 descensibus-J
1098 1285 1303 1336 Novem
1328 1290 1417 1334 eut
1447 1284 1626 1334 decem
1664 1284 1929 1333 nominare
1953 1297 2186 1346 possum:
2223 1284 2445 1335 alterum

267 1347 343 1396 vix
363 1347 413 1397 in
451 1349 681 1412 margine
716 1348 906 1399 alicubi
942 1349 1209 1413 appictum
1244 1349 1578 1413 deprehendi.
1642 1349 1912 1413 Nusquam
1947 1349 2301 1413 Sigoniannm,
2334 1355 2448 1400 tnnc

265 1418 411 1475 septu
431 1414 591 1462 densis
609 1413 821 1463 sentibus
840 1414 979 1464 eret)
1007 1415 1061 1466 J.
1095 1410 1156 1465 F.
1180 1415 1409 1465 Gronov.
1473 1421 1489 1444 ⁴
1510 1412 1646 1462 Edd.
1685 1413 1965 1478 pleraeque,
2016 1414 2099 1478 qni
2134 1427 2258 1463 nnnc
2291 1419 2449 1478 septus

264 1478 408 1525 densis
426 1478 641 1528 sentibus
657 1478 784 1529 inter
804 1480 919 1529 dnos
936 1481 1164 1531 ineunt.
1230 1480 1361 1529 Mss-
1382 1478 1636 1538 nonnulli,
1657 1479 1741 1541 qui
1759 1493 1883 1529 nnnc
1910 1484 2072 1542 septus
2102 1480 2240 1542 oqui·
2260 1480 2451 1529 deseen-

265 1542 471 1591 dentibus
490 1543 529 1591 i.
549 1543 599 1592 d.
619 1544 655 1593 1.
677 1557 720 1592 e.
785 1542 912 1607 Ipsa
928 1544 1028 1595 loci
1040 1543 1312 1595 difficultas
1329 1542 1570 1594 lectionis
1597 1546 1906 1594 varietatem
1928 1543 2201 1609 peperisse
2227 1543 2450 1593 videtur.

266 1604 416 1655 Varie
432 1607 571 1656 enim
606 1608 939 1670 interpretari
973 1610 1186 1672 poteris,
1204 1615 1356 1673 prout
1370 1608 1451 1657 vel
1474 1615 1599 1658 ante
1621 1608 1703 1658 vel
1727 1614 1848 1671 post
1868 1608 2249 1659 descendentibus
2268 1608 2452 1658 distin·

269 1684 401 1733 guas.
466 1671 524 1721 Si
545 1681 685 1730 ante,
709 1680 814 1722 tum
838 1674 1102 1723 sententia
1122 1674 1252 1724 erit:
1291 1675 1379 1738 qui
1402 1687 1541 1723 nnnc
1564 1680 1743 1736 septus
1767 1684 1871 1737 est,
1890 1681 1948 1724 et
1971 1675 2044 1724 ita
2064 1674 2216 1738 situs,
2235 1680 2293 1724 ut
2309 1674 2396 1737 qui
2418 1688 2450 1723 n

269 1734 519 1798 Capitolio
560 1735 613 1785 in
656 1751 773 1787 enm
819 1737 1140 1789 descendere
1179 1738 1359 1794 velint,
1404 1737 1469 1787 ad
1516 1744 1791 1803 utrumque
1834 1739 1971 1788 latus
2005 1739 2176 1788 lucum
2209 1737 2452 1788 babeant.

269 1797 414 1867 Hane
435 1801 749 1880 sententiam
784 1803 951 1853 secuti
990 1810 1113 1854 sunt
1147 1803 1325 1852 eximii
1354 1802 1582 1880 nonnulli
1613 1803 1948 1867 interpretes,
1970 1817 2121 1880 quam
2145 1802 2453 1854 confirmant

266 1866 1285 1998 :233⁹22222‘ffi{;?²332225‚·31.2
1319 1868 1766 1983 ‚0⁸13‹¹322{2⁶'‘⁸⁶‘“12⁸⁶2
1768 1867 2454 1998 ’ἓξὲᾚέῗῖξέἓῖὶᾶῗέἓ

270 1994 373 2056 quis
408 1995 461 2044 in
498 2009 619 2045 eum
651 1997 956 2060 descendat,
980 2005 1036 2049 et
1067 1999 1203 2049 inter
1234 1997 1362 2047 duos
1395 1998 1542 2048 lucos
1562 1997 1875 2062 appellatur.
1938 1996 2238 2061 Utcumque
2260 2009 2453 2061 nunu,

269 2067 402 2109 certe
425 2061 736 2113 vocabulum
767 2078 892 2113 nnnc
914 2071 1115 2115 tantum
1149 2062 1216 2113 ad
1235 2068 1414 2128 septus,
1445 2076 1551 2113 non
1573 2062 1638 2112 ad
1669 2063 1797 2113 inter
1815 2065 1932 2113 dnos
1961 2063 2089 2112 lucos
2122 2060 2453 2118 referendum

1240 2190 1455 2245 NOTAE

332 2289 503 2340 Natam
526 2306 553 2341 e
574 2296 703 2341 terro
722 2290 814 2342 sibi
832 2289 1031 2357 prolem]
1055 2291 1174 2343 Non
1192 2297 1314 2341 sunt

271 2366 461 2415 mentiti
485 2366 783 2417 conditores
807 2368 1026 2431 urbium,
1046 2366 1135 2432 qni
1151 2365 1315 2416 bacin

273 2454 324 2490 re
342 2443 596 2494 neminem
621 2444 892 2510 aequalium
910 2444 1201 2508 potuissent
1223 2441 1320 2493 fal-

272 2518 389 2577 lere,
421 2527 477 2570 et
516 2522 608 2586 qui
642 2519 709 2570 de
741 2521 964 2586 posteris
996 2520 1317 2587 decipiendis

271 2594 486 2654 minime,
529 2603 589 2647 ut
643 2605 789 2663 puto,
830 2598 1151 2664 cogitabant.
1211 2597 1318 2648 Sed

274 2675 476 2736 posteri.
497 2677 712 2726 mutatis
748 2677 956 2741 linguis,
989 2675 1187 2740 antiqui
1210 2689 1319 2724 ser-

275 2752 427 2799 monis
467 2765 651 2816 parum
691 2752 871 2816 periti,
905 2748 1157 2816 majorim
1200 2765 1320 2800 suo·

276 2838 377 2873 rum
400 2827 577 2890 verba,
614 2835 669 2878 et
699 2842 787 2877 ore
828 2827 1047 2878 traditas
1077 2826 1320 2877 historias

275 2916 536 2966 perperam
573 2904 900 2967 interpretati
934 2911 1072 2954 sunt.
1138 2904 1323 2955 Prisca

278 2986 395 3028 aetas
416 2980 432 3009 ‘
453 2980 696 3044 populum
722 2979 904 3031 terrae'
943 2987 1223 3031 vocaverat
1245 2980 1322 3031 in·

276 3056 402 3105 colas
433 3057 658 3121 cujusvis
689 3067 906 3120 tractus,
938 3072 1066 3123 quos
1102 3057 1324 3122 posteri-

278 3135 348 3177 tas
370 3135 572 3193 putavit
597 3133 814 3183 absurde
836 3148 866 3183 e
890 3139 1030 3183 terra
1057 3139 1225 3194 natos,
1244 3129 1325 3181 fa·

278 3202 543 3272 bulamque'
565 3222 628 3256 cx
651 3223 705 3257 re
722 3209 985 3259 verissima
999 3208 1165 3258 finxit.
1187 3207 1326 3258 Vide

282 3281 544 3335 Platonem
590 3285 623 3333 Ι.
657 3299 744 3336 m.
778 3285 844 3335 de
875 3300 986 3349 rep.
1021 3285 1116 3335 sub
1151 3283 1324 3334 finem.

284 3356 426 3407 Quod
448 3368 622 3410 autem
648 3361 752 3410 dixi
778 3360 844 3410 de
870 3375 1109 3412 sermone
1131 3361 1326 3424 priseo-

285 3446 386 3482 rum
410 3437 720 3499 mortalium,
740 3437 790 3485 id
806 3438 991 3488 nititur
1007 3438 1194 3501 lingue
1220 3435 1328 3486 He·

285 3508 462 3560 braicae
487 3526 599 3574 usu,
620 3514 925 3576 ac'proinde
945 3513 1098 3563 etiam
1125 3513 1328 3565 Pboeni·

286 3585 405 3649 ciae3
444 3602 561 3651 quae
586 3588 765 3637 eadem
795 3587 914 3654 fuit,
937 3598 990 3638 et
1017 3603 1169 3654 quam
1194 3589 1329 3638 colo·

287 3661 377 3709 niis
400 3663 503 3712 suis
528 3677 623 3726 per
644 3663 815 3713 omnia
840 3678 986 3728 paene
1010 3663 1200 3714 interni
1223 3679 1329 3713 ma·

288 3737 350 3786 ris
369 3739 544 3789 littora
564 3739 669 3789 late
707 3746 1007 3802 sparserant
1040 3740 1333 3801 Pboenices,

291 3822 339 3863 ut
370 3815 420 3865 in
458 3817 726 3865 Chanaaue
758 3817 987 3866 ostendit
1009 3816 1084 3865 vir
1107 3831 1333 3867 summus

294 3889 421 3940 Sam.
438 3891 741 3941 Bocbartns.
805 3892 861 3942 J.
884 3892 1111 3941 Clericus.

350 3975 372 3999 ⁰
402 3967 574 4030 Septies
589 3968 970 4017 descendentibus
990 3968 1173 4033 [densis
1192 3971 1336 4019 senti-

292 4041 526 4106 busyrim
538 4046 652 4092 duos
664 4043 810 4106 lacos]
824 4045 909 4093 Sic
923 4059 1128 4105 semper
1142 4046 1339 4095 editum

294 4118 443 4170 fuisse
480 4127 629 4170 notat
659 4120 981 4170 Gronovius:
1021 4124 1339 4187 manuscrip-

297 4201 371 4244 tos
417 4204 588 4246 tamen
635 4197 899 4261 plerosque
943 4198 1130 4248 babere
1173 4204 1333 4262 septus

299 4272 609 4324 ducentibus.-
642 4273 779 4324 uude
811 4273 1088 4339 legendum
1121 4276 1334 4342 conjicit

1390 2288 1772 2340 descendentibus
1806 2289 1934 2340 inter
1962 2291 2080 2339 dnos
2111 2289 2238 2338 lacu
2256 2293 2362 2338 est.-
2395 2292 2456 2336 nt

1391 2364 1711 2427 intelligatur
1755 2366 1971 2430 Asylum
2015 2363 2179 2413 fuisse
2217 2378 2281 2414 eo
2316 2363 2455 2425 loco,

1391 2441 1480 2507 qni
1526 2448 1759 2506 tempore
1814 2440 1947 2492 Livii
2002 2438 2284 2490 vocabatur
2326 2438 2457 2489 inter

1391 2520 1673 2580 insulaees,
1705 2533 1767 2568 ae
1800 2518 1930 2568 situs
1963 2515 2063 2567 fuit
2090 2517 2229 2565 inter
2252 2514 2461 2578 Capito·

1392 2594 1516 2644 lium
1537 2602 1592 2645 et
1607 2609 1800 2651 arcem.
1819 2602 1973 2659 atque
1992 2592 2059 2643 ab
2082 2599 2306 2657 utroque
2322 2591 2458 2643 clivo

1393 2671 1670 2724 condensis
1690 2671 1959 2722 arboribus
1982 2669 2229 2733 stipatus.

1458 2758 1484 2793 Ρ
1515 2749 1717 2815 Asylum
1737 2747 1916 2812 aperit]
1962 2745 2200 2798 Accedet
2225 2746 2315 2796 lux
2338 2745 2460 2797 bnic

1396 2824 1513 2874 loeo
1529 2839 1596 2874 ex
1612 2825 1798 2875 Floro:
1823 2826 1839 2853 ‘
1859 2823 2049 2875 Incolae
2064 2822 2299 2875 deerant.
2331 2820 2464 2872 Erat

1397 2900 1449 2950 in
1487 2901 1719 2966 proximo
1759 2901 1946 2964 Lucus,
1980 2898 2117 2949 bunc
2149 2898 2364 2963 Asylum
2383 2895 2463 2948 fa·

1397 2976 1506 3026 eit:
1543 2983 1597 3025 et
1618 2975 1795 3026 statim
1813 2976 1943 3025 mira
1962 2975 2036 3024 vis
2060 2973 2340 3035 bominum,
2362 2971 2464 3023 La·

1399 3051 1491 3101 tini
1509 3051 1766 3116 Tuscique
1784 3059 2054 3115 pastorem
2082 3049 2286 3115 quidam
2306 3050 2463 3100 etiam

1401 3128 1748 3190 transmarini,
1782 3127 2015 3193 Phryges
2037 3126 2127 3191 qni
2157 3125 2256 3176 sub
2283 3126 2464 3187 AEnen,

1403 3204 1655 3268 Arcades,
1690 3204 1777 3270 qui
1812 3205 1908 3253 sub
1950 3203 2192 3253 Evandro
2224 3202 2358 3252 duee
2382 3203 2463 3251 in·

1400 3279 1694 3331 fluxerant-⁹
1771 3280 2047 3345 Asylorum
2094 3279 2389 3330 institutum
2435 3293 2466 3327 a

1401 3359 1640 3409 Mosaica
1695 3357 1812 3421 lege
1868 3353 2080 3405 fluxisse
2134 3354 2464 3415 crediderim,

1401 3448 1505 3498 qua
1542 3448 1635 3483 sex
1663 3433 1906 3482 civitates
1942 3429 2130 3494 refugii
2166 3430 2468 3481 constitutae

1404 3518 1575 3566 erant,
1597 3523 1696 3573 qno
1714 3507 2094 3571 confugientes,
2109 3507 2198 3571 qui
2212 3505 2468 3555 hominem

1405 3600 1499 3649 per
1544 3583 1947 3649 imprudentiam
1991 3584 2322 3638 occidissent.
2367 3583 2470 3632 tuti

1406 3670 1556 3713 erant
1574 3663 1641 3710 ab
1664 3661 1824 3710 occisi
1843 3669 2180 3724 cognatorum
2202 3660 2468 3713 violentia.

1407 3739 1575 3789 Exod.
1596 3743 1678 3787 21.
1713 3736 1875 3800 Asyla
1896 3751 2051 3801 porro
2071 3736 2258 3785 Groece
2280 3750 2469 3787 vocan-

1408 3825 1496 3866 tur
1524 3830 1589 3866 ea
1622 3817 1755 3877 loca,
1788 3814 1855 3865 ab
1889 3833 1920 3864 α
1952 3815 2208 3879 privativo
2228 3822 2282 3865 et
2316 3819 2468 3882 συλῦ,

1408 3891 1545 3956 quod
1593 3897 1674 3940 est
1711 3890 1974 3953 spoliare3
2019 3899 2111 3939 aut
2151 3888 2290 3953 σύρει,
2333 3892 2472 3959 quod

1409 3967 1668 4031 signifieat
1693 3967 1921 4016 trabere:
1955 3967 2149 4016 etenim
2185 3975 2242 4018 et
2274 3982 2336 4018 ea
2358 3969 2475 4021 loca

1409 4044 1585 4110 diripi,
1606 4052 1660 4093 et
1684 4043 1913 4092 homines
1934 4042 2055 4093 inde
2078 4044 2232 4094 avelli
2258 4043 2423 4096 nefas.

1474 4128 1500 4164 «ι
1531 4120 1678 4170 Liber
1717 4134 1781 4169 cn
1820 4133 1982 4168 serens
2025 4119 2170 4184 esset]
2218 4121 2477 4172 Dissentit

1416 4199 1639 4262 Dionys.
1662 4198 1754 4247 lib.
1775 4210 1834 4247 u.
1856 4198 1944 4262 qni
1965 4198 2038 4249 ait
2065 4199 2161 4250 lioc
2183 4198 2478 4264 quesitum,

1416 4290 1482 4327 an
1505 4277 1717 4342 ingenui
1740 4283 1937 4327 essent.
