3034 4925
531 365 617 432 58

1153 380 1489 441 Quisnam
1541 379 2097 444 immovit-Aris

531 530 926 611 quadragiens
964 540 1202 591 centum
1233 532 1419 594 millia
1450 543 1512 596 et
1552 533 1807 594 ducenta
1844 533 2087 614 triginta
2123 533 2236 592 tria
2264 533 2505 594 millia.⁸
2584 534 2720 595 Ter-

531 631 681 689 tiam
697 627 993 689 consulari
1022 647 1159 689 cum
1189 630 1429 708 imperio
1456 630 1705 691 lustrum
1735 630 1983 710 conlega
2003 630 2138 688 Tib.
2163 630 2550 710 Caesoreseci‚
2580 632 2716 692 Sex.

530 723 814 804 Pompeio
842 734 902 784 et
931 725 1069 784 Sex.
1096 725 1389 806 Appuleio
1413 727 1559 788 Cos,
1591 747 1711 805 quo
1729 725 1915 787 lustro
1943 728 2121 786 etiam
2142 744 2313 788 censa
2340 735 2482 787 sant
2507 726 2716 787 Roma-

531 839 742 880 norum
790 820 1049 901 capitum
1104 822 1498 903 quadragiens
1558 834 1794 883 centum
1854 822 2047 884 millia
2094 822 2341 902 triginta
2377 835 2437 883 et
2491 834 2713 903 septem

531 915 761 976 millia?

583 1023 588 1028 ’
614 1011 868 1092 Legibus
898 1017 1068 1076 novis
1095 1016 1272 1076 latis⁶
1298 1016 1566 1096 exempla
1606 1017 1889 1096 majorum
1930 1016 2324 1089 exolescentia
2355 1019 2633 1089 revocavi,
2660 1026 2720 1078 et

515 1110 839 1190 fugientia
855 1110 978 1190 jam
1009 1132 1081 1172 ex
1111 1122 1317 1174 nostro
1359 1123 1673 1194 conspectu
1704 1116 1990 1175 avitarum
2039 1134 2232 1175 rerum
2276 1114 2544 1194 exempla
2586 1113 2715 1174 imi-

533 1206 721 1268 tanda
752 1203 1094 1287 proposui.‘¹
1170 1244 1196 1257 -

533 1314 667 1364 atus
716 1313 778 1364 et
829 1306 1169 1367 sacerdotes

721 1437 753 1452 -
912 1406 1040 1465 esec
1202 1440 1227 1452 -
1391 1440 1418 1451 -
1582 1439 1610 1452 ·

907 1501 1159 1582 mpejam
1187 1509 1250 1562 et
1275 1500 1558 1582 municipi

532 1693 874 1757 valetudine
902 1659 929 1733 ‘-

534 1808 611 1849 vo
693 1827 720 1839 -

535 1887 646 1948 iter
672 1908 730 1948 m
785 1888 846 1950 in

801 1812 938 1854 erea
1017 1828 1045 1840 -
1126 1792 1422 1854 tribunitia
1481 1803 1746 1875 potestas
1789 1793 1930 1852 mihi

2348 1328 2388 1367 u
2429 1307 2503 1367 tis

1726 1412 2004 1486 quattuor
2033 1403 2392 1483 amplissima
2418 1402 2721 1485 collegia:

1909 1521 1963 1560 m
1993 1522 2095 1561 um

1782 1598 1939 1678 apud
1986 1597 2184 1657 omnia
2230 1595 2560 1674 pulvinaria
2610 1615 2716 1677 pro

1036 1732 1062 1743 -
1145 1715 1316 1756 usum
1348 1705 1441 1755 est
1471 1696 1531 1755 in
1562 1695 1784 1756 Saliare
1813 1715 2049 1756 carmen
2078 1704 2139 1754 et
2168 1711 2449 1754 sacrosan

2053 1826 2078 1838 ·
2184 1810 2317 1850 mus

1763 1926 1791 1940 -
1942 1888 2170 1969 populo
2190 1885 2583 1948 sacerdotium
2613 1884 2717 1947 de-

535 1983 761 2047 ferente
786 1987 950 2061 mihi,
977 1987 1137 2068 quod
1167 1997 1334 2068 pater
1360 2009 1527 2049 meus
1555 1990 1931 2069 procuravit,
1971 1987 2198 2064 suscepi
2225 1982 2295 2045 id
2330 1981 2718 2045 sacerdotium

538 2081 778 2162 aliquod
797 2102 824 2138 t
868 2095 1002 2165 post
1043 2104 1254 2159 annos,
1295 2106 1369 2146 eo
1416 2095 1651 2147 mortuo
1674 2101 1700 2136 ¹·
1748 2089 1850 2167 qai
1882 2092 2026 2165 post
2066 2089 2302 2162 patrem
2340 2102 2525 2143 mcum
2566 2081 2725 2144 illud

530 2194 972 2257 procuraverat.
1058 2183 1293 2244 Cuncta
1321 2203 1394 2243 ex
1416 2184 1592 2244 Italia

538 2273 677 2337 dine
705 2287 930 2356 quanta
958 2280 1166 2341 Romoe
1207 2300 1503 2362 nunquam

543 2369 828 2452 Sulpicio,
859 2376 929 2436 C.
950 2376 1166 2455 Valgio
1188 2378 1527 2438 consulibus
1549 2379 1564 2413 ¹

538 2468 616 2529 ad
646 2473 969 2534 memoriam
1095 2510 1123 2544 -,

538 2568 999 2632 anniversarium
1028 2572 1377 2633 sacrificium
1405 2572 1599 2634 facere

539 2784 726 2833 mensis
750 2784 918 2836 dictus
949 2792 1030 2836 est
1064 2785 1358 2849 Augustust
1401 2783 1466 2833 de
1488 2799 1589 2849 quo

542 2869 597 2906 v.
638 2859 738 2910 SC.
782 2875 867 2924 ap.
910 2862 1146 2913 Macrob.
1182 2862 1290 2912 Sat.
1324 2875 1363 2910 ι.
1397 2865 1477 2910 12.
1508 2859 1592 2910 Cf.

537 2932 684 2985 snei.
707 2934 844 3000 Aug.
865 2941 947 2987 31.

604 3016 629 3044 ⁸
661 3009 745 3061 ef.
769 3012 963 3064 Euseb.
987 3012 1173 3063 Chrou.
1196 3027 1250 3063 ιι.
1275 3016 1418 3063 1989.
1451 3013 1592 3064 Hinc

542 3099 627 3148 ap.
668 3086 816 3137 Suid.
848 3086 984 3138 forte
1012 3089 1120 3157 leg.
1152 3088 1241 3139 Yr
1274 3088 1484 3154 μυριάδες
1513 3088 1593 3140 καὶ

541 3162 758 3224 χιλιάδες
787 3164 925 3216 ἑπτά.
950 3180 1044 3230 pro
1074 3167 1146 3217 Y1
1168 3166 1382 3232 μυριάδες
1406 3167 1483 3218 καὶ
1511 3166 1591 3231 χί-

539 3246 638 3289 λιοι
657 3239 771 3290 δέκα
790 3240 928 3291 ἑπτά.

603 3315 629 3350 1·
664 3317 728 3367 Α.
751 3319 816 3370 U.
838 3323 954 3371 766.
992 3321 1251 3371 Numerus
1275 3321 1422 3371 nimis
1441 3337 1591 3388 gran·

540 3392 623 3444 dis
645 3408 731 3458 ap.
749 3397 939 3446 Euseb.
962 3397 1151 3449 Chi-on.
1173 3413 1226 3447 ιι.
1248 3402 1395 3448 2928.

602 3478 625 3504 ⁰
657 3469 739 3522 ef.
762 3471 908 3522 Suet.
932 3472 1068 3536 Aug.
1103 3477 1185 3524 31.
1210 3478 1291 3524 32.
1316 3478 1396 3524 89.
1461 3474 1590 3525 Tac.
1622 3536 1627 3541 .

540 3544 680 3597 Anu.
719 3562 806 3598 ιιι.
839 3552 922 3598 28.
945 3562 1022 3599 ιν.
1046 3554 1124 3601 16.
1178 3550 1361 3601 Horat.
1386 3550 1488 3602 od.
1509 3564 1591 3600 ιν.

542 3627 623 3674 15.
642 3630 699 3674 et
719 3624 886 3688 Epist.
909 3638 974 3674 ιι.
999 3630 1047 3675 1.

601 3699 629 3735 ‘²
662 3701 820 3753 Forte
858 3701 961 3766 leg.
1003 3701 1218 3764 exempla
1254 3701 1490 3752 imitanda
1525 3701 1590 3752 ad
1626 3713 1631 3718 ·

540 3776 861 3827 exercituum
905 3785 959 3827 et
998 3777 1378 3843 provinciarum
1425 3786 1592 3829 recto·

537 3867 625 3904 res
648 3859 704 3903 et
726 3855 1050 3919 magistratus
1080 3859 1128 3904 et
1148 3856 1410 3904 sacerdotes
1428 3856 1556 3915 misi.

604 3938 628 3965 ⁸
657 3929 991 3992 Pontificum,
1012 3930 1297 3995 Augurum,
1319 3945 1429 3982 vu.
1455 3933 1590 3982 viro·

540 4020 655 4057 rum
674 4012 731 4055 et
756 4018 855 4057 xv.
871 4007 1093 4055 virorum
1109 4008 1162 4057 S.
1179 4007 1238 4057 F.
1253 4022 1463 4070 quornm
1485 4008 1594 4057 col·

539 4080 676 4145 legia
714 4081 965 4141 curabant
1002 4083 1402 4147 quinquennales
1444 4084 1593 4135 ludos

538 4156 804 4209 Actiacos.
854 4158 921 4208 V.
941 4159 1044 4209 Dio
1066 4172 1191 4212 mn.
1215 4163 1265 4211 1.

608 4230 631 4298 ξ
655 4233 792 4287 Heu
804 4241 1047 4302 spectant
1069 4235 1135 4288 ad
1166 4238 1592 4305 supplicationem

2504 2179 2721 2240 valetu-

2633 2276 2718 2338 P.

1942 2376 2089 2437 aedis
2117 2373 2374 2436 Honoris
2396 2382 2455 2433 et
2475 2372 2720 2432 Virtutis

1243 2486 1480 2536 senatus
1536 2474 1923 2549 consecravit,
1965 2476 2023 2534 in
2067 2493 2186 2553 qua
2227 2469 2534 2554 pontifices

2140 2567 2722 2630 r-t-iu

1671 2801 1767 2852 pro
1811 2785 2107 2837 valetudine
2152 2784 2394 2850 Augusti,
2428 2783 2515 2849 qui
2552 2780 2604 2831 in
2643 2792 2722 2829 ιιι.

1672 2862 1943 2913 consulatu
1967 2878 2013 2914 a.
2034 2863 2101 2912 U.
2124 2865 2239 2912 729.
2261 2875 2327 2911 ex
2350 2858 2565 2923 ancipiti
2588 2870 2724 2906 mor-

1670 2939 1741 2989 bo
1795 2939 2145 2989 convaluerat.
2230 2936 2294 2986 In
2343 2934 2723 3001 supplicatione

1672 3015 2002 3067 decantatum
2028 3015 2218 3065 Saliare
2238 3026 2444 3074 carmes,
2465 3018 2518 3061 et
2535 3007 2725 3060 deiude

1673 3093 1911 3157 Augusto
1958 3096 2259 3142 sacrosancta
2311 3091 2362 3138 iu
2414 3093 2726 3153 perpetuum

1675 3169 1890 3220 decreta
1912 3168 2162 3219 tribunitia
2180 3171 2407 3232 poteslas.
2472 3162 2554 3213 cf.
2575 3163 2725 3214 Suet.

1674 3246 1809 3310 Aug.
1829 3251 1911 3297 59.
1965 3247 2074 3296 Dio·
2087 3257 2204 3294 mit.
2228 3248 2310 3294 30.
2340 3247 2421 3292 32.
2452 3239 2568 3306 (qui
2593 3238 2728 3289 hanc

1675 3329 1847 3373 tamen
1891 3329 2206 3387 potestatem
2251 3318 2503 3382 Augusto.
2523 3315 2633 3380 jam
2676 3328 2726 3363 a.

1671 3403 1786 3450 722.
1827 3399 2070 3449 tributam
2104 3396 2236 3446 dicit
2268 3409 2343 3445 m.
2374 3392 2485 3458 19.)
2517 3392 2583 3442 ad
2601 3392 2727 3441 Tac.

1674 3475 1810 3525 Ann.
1834 3488 1874 3527 1.
1897 3479 1947 3524 2.
1966 3479 2016 3523 6.
2047 3479 2104 3523 et
2125 3486 2211 3522 ιιι.
2235 3475 2317 3521 56.

1735 3560 1762 3595 s
1794 3550 1902 3600 Pro
1942 3550 2140 3612 aliquot,
2183 3555 2241 3596 ut
2276 3545 2412 3596 infra
2440 3546 2592 3610 adque
2629 3557 2727 3608 pro

1672 3634 1827 3693 atque.
1853 3635 1907 3677 et
1928 3634 2109 3677 contra
2128 3629 2223 3686 set,
2242 3624 2359 3672 haut
2378 3629 2482 3673 cet.

1734 3702 1759 3739 ¹¹
1792 3704 1877 3753 Sc.
1916 3701 2133 3765 Lepido.
2190 3697 2273 3748 cf.
2298 3699 2444 3748 Suet.
2476 3712 2523 3748 c.
2553 3700 2635 3745 31.
2658 3694 2727 3745 ad

1671 3779 1784 3830 Liv.
1808 3778 1951 3841 Epit.
1976 3780 2088 3828 129.
2122 3773 2350 3838 Appian.
2374 3775 2439 3822 Β.
2461 3773 2521 3823 C.
2543 3784 2593 3821 v·
2612 3774 2728 3824 122.

1670 3860 1785 3907 131.
1853 3853 2076 3918 Lepidus
2115 3867 2161 3900 s.
2196 3851 2266 3900 U.
2294 3853 2409 3900 716.
2432 3855 2619 3898 exutus
2641 3853 2731 3898 est

1670 3931 1948 3983 honoribus
1965 3934 2158 3993 preter
2179 3925 2556 3989 pontificatum,
2576 3922 2728 3988 isque

1672 4023 1735 4059 eo
1769 4017 1967 4058 mortuo
2003 4011 2274 4068 susceptus
2310 4001 2375 4052 ab
2408 4001 2647 4063 Augusto
2677 4013 2727 4048 a.

1735 4160 1749 4195 ¹
1783 4158 1848 4210 Α.
1872 4158 1941 4210 U.
1962 4160 2079 4208 738.
2101 4168 2205 4220 quo
2224 4153 2375 4205 irrita
2403 4153 2580 4203 Romae
2599 4158 2731 4204 vota

1673 4236 1815 4289 facta
1836 4248 1930 4302 pro
1951 4233 2030 4286 Μ.
2054 4231 2303 4298 Agrippae
2321 4228 2635 4281 valetudiue.
