3034 4925
1143 376 1592 436 mnemon.
2337 372 2467 445 156

747 534 889 596 236.
933 529 1237 598 Gordiani
1267 532 1325 597 Ι.
1355 542 1414 597 et
1442 535 1536 601 ΙΙ.
1565 544 1735 617 pater
1759 546 1820 601 et
1844 538 2019 607 filius.

815 693 820 700 .
921 650 1063 708 237.
1108 646 1412 709 Maximus
1429 658 1491 709 et
1516 650 1840 716 Balbinus.

841 762 1138 823 237-244.
1185 761 1530 824 Gordianus
1559 764 1685 829 ῙῙῙ.
1704 785 1910 849 nepos.

362 893 423 954 Is
449 893 600 953 bene
628 902 837 973 regnat
862 889 1124 953 consiliis
1154 890 1417 954 Misithei
1458 895 1680 957 soceri:
1724 915 1845 976 quo
1886 908 2119 960 mortuo
2155 899 2305 981 perit
2356 921 2462 983 per

282 989 542 1051 fraudem
572 988 826 1072 Philippi
855 989 1021 1071 proef.
1050 999 1221 1069 proet.
1248 989 1349 1071 qui
1386 990 1513 1071 jam
1557 993 1612 1053 ei
1638 994 1772 1055 vivo
1816 1014 1919 1075 per
1947 994 2162 1057 milites
2201 1009 2461 1060 extorse-

282 1098 372 1148 rat
418 1087 777 1149 consortium
821 1085 1069 1167 imperii.
1170 1088 1310 1146 238.
1352 1087 1728 1152 Herodianus
1778 1091 1921 1153 hist.
1965 1101 2026 1153 et
2081 1093 2463 1157 Censorinus.

283 1185 421 1245 241.
465 1182 671 1265 Nepos
700 1182 1032 1248 Chiliastes.
1115 1184 1407 1245 241-272.
1450 1184 1642 1266 Sapor
1673 1207 1721 1250 1.
1760 1189 2106 1269 (Schapur.)

656 1354 948 1414 244-249.
991 1352 1303 1433 Philippi,
1331 1351 1581 1427 Arabes,
1609 1360 1779 1433 pater
1805 1365 1865 1417 et
1890 1355 2067 1418 filius.

360 1467 751 1546 Imperatores
805 1466 965 1527 avari
1021 1476 1082 1528 et
1131 1466 1427 1540 crudeles,
1480 1486 1635 1547 quos
1673 1468 1801 1549 jam
1852 1468 2221 1531 Christianos
2278 1470 2467 1533 fuisse

282 1562 522 1645 quidam
568 1564 960 1626 contendunt.
1057 1565 1198 1624 248.
1259 1564 1469 1625 Annus
1512 1563 1857 1627 millesimus
1905 1566 2081 1628 Urbis
2125 1578 2188 1630 et
2241 1567 2467 1650 imperii

275 1662 461 1724 Rom.
503 1660 665 1723 ludis
709 1660 1089 1724 saecularibus
1128 1670 1322 1723 actus.
1428 1661 1572 1724 249.
1616 1661 1841 1725 Paulus
1870 1663 2189 1725 Thebanus
2229 1674 2292 1726 et
2327 1665 2470 1727 Ere-

282 1759 461 1822 mitae.

1084 1888 1372 1950 249-251.
1415 1890 1643 1952 Decius

283 2021 413 2064 cum
459 2001 690 2064 Messio
730 2002 854 2063 filio
900 2004 1141 2064 Caesare
1166 2011 1398 2083 regnat,
1445 2013 1509 2064 et
1548 2022 1585 2064 a
1612 2001 1828 2066 Gothis
1857 2003 2049 2067 victus
2075 2006 2243 2088 perit.
2330 2006 2471 2067 250.

277 2100 618 2168 Saevissima
639 2099 1106 2161 Christianorum
1133 2101 1488 2179 persecutio.
1559 2101 1892 2181 Cyprianus
1917 2101 2264 2164 Palladius?
2316 2099 2471 2161 Soli·

282 2197 440 2257 nus?
516 2196 740 2260 Coelius
769 2196 1060 2279 Apicius?
1127 2199 1267 2259 251.
1315 2196 1707 2260 Novatianus.

544 2376 836 2437 251-253.
884 2375 1117 2447 Gallus,
1153 2373 1506 2436 Volusianus
1531 2373 1687 2436 filius
1715 2384 1777 2437 et
1807 2375 2214 2438 Hostilianas.

643 2526 650 2530 -
714 2489 1011 2551 253-260.
1061 2489 1412 2552 Valerianus
1438 2498 1502 2550 et
1530 2490 1843 2552 Gallienus
1869 2489 2049 2564 filius,

283 2629 598 2702 postquam
628 2619 991 2682 AEmiliarsus
1015 2619 1263 2680 Maurus
1292 2639 1398 2700 per
1437 2629 1558 2680 tres
1585 2638 1822 2680 menses
1849 2619 2157 2699 imperium
2184 2626 2475 2680 tenuerat.

283 2720 429 2781 260.
472 2715 822 2777 Valerianus
848 2716 910 2777 in
935 2714 1094 2778 bello
1124 2715 1367 2779 Persico
1394 2736 1432 2778 a
1465 2718 1690 2798 Sapore
1719 2715 1858 2777 dolo
1898 2716 2150 2798 capitur,
2179 2725 2240 2778 et
2266 2714 2481 2776 misera

284 2816 342 2877 in
363 2815 648 2878 servitute
673 2813 1070 2877 consenescit.

1005 2974 1299 3035 260-268.
1348 2973 1677 3049 Gallienus,

282 3089 461 3151 homo
489 3087 868 3163 libidinosus,
913 3087 1166 3169 ignavus
1200 3096 1263 3149 et
1291 3088 1586 3150 servitutis
1631 3097 1896 3168 paternae
1924 3082 2271 3163 incuriosus,
2298 3103 2335 3148 a
2360 3107 2481 3169 quo

286 3205 493 3247 omnes
537 3185 657 3246 fere
694 3185 1014 3267 provinciae
1060 3183 1425 3247 desciscunt.
1510 3186 1806 3246 261-277.
1853 3187 2206 3247 Dominari«)
2257 3183 2479 3252 XXX.

291 3283 733 3363 Tys-annorum,
778 3281 931 3343 inter
957 3301 1109 3362 quos
1136 3281 1398 3343 eminent
1422 3281 1735 3345 Odenatus
1764 3293 1824 3344 et
1853 3282 2129 3357 Zenobia,
2159 3302 2307 3344 uxor
2334 3281 2484 3361 ejus,

289 3379 627 3465 Palmyreni
675 3381 842 3462 regni
887 3380 1245 3443 conditores.
1356 3381 1498 3442 262.
1544 3380 1839 3445 Plotinum
1945 3383 2248 3442 264-340.
2294 3378 2484 3440 Euse-

288 3477 443 3541 bius.
663 3472 680 3485 ⁴

996 3620 1298 3685 268-270.
1343 3620 1444 3683 Μ.
1471 3619 1780 3685 mundius.

269 3742 276 3749 ’
372 3731 491 3797 nic
515 3733 809 3813 insignem
835 3732 914 3795 de
958 3732 1177 3796 Gothis
1219 3734 1541 3815 reportavit
1566 3732 1893 3805 victoriam,
1933 3740 1997 3793 et
2021 3728 2326 3812 imperium
2353 3726 2488 3788 reli-

295 3829 422 3910 quit
452 3830 752 3902 Quintilio
778 3829 964 3905 fratri,
990 3830 1093 3910 qui
1120 3830 1269 3892 illud
1296 3851 1404 3915 per
1431 3849 1619 3896 xvn.
1640 3830 1767 3891 dies
1789 3828 2001 3890 tenuit.

1034 3969 1329 4067 2'702275.
1370 4005 1742 4070 Aurelianus

302 4113 584 4197 Princeps
628 4115 998 4178 necessarius
1039 4116 1253 4196 magis,
1280 4137 1461 4198 quam
1487 4121 1708 4191 bonus,
1735 4113 2091 4177 fortissimus
2118 4110 2258 4176 adv.
2286 4108 2493 4173 hostes

303 4222 361 4273 et
387 4213 446 4273 in
473 4214 633 4276 cives
659 4212 939 4290 crudelis,
965 4214 1089 4294 qui,
1117 4215 1286 4276 caesis
1323 4215 1662 4295 ingentibus
1694 4211 2123 4277 Germanorum
2150 4210 2356 4293 copiis,
2383 4210 2492 4270 Ze·-

418 4453 454 4482 ff
