3034 4925
593 372 724 438 1⁰6
1539 389 1633 437 ‘u
1646 390 1737 438 nu
1753 388 1859 438 ιε

591 526 786 606 paniis
826 537 889 587 et
929 525 1129 588 Gallia
1170 525 1400 607 Cisalp.
1447 534 1653 606 gestae.
1742 527 2183 587 Foeneratorum
2230 526 2389 587 fraus
2434 535 2498 588 et
2548 530 2795 591 avaritia

591 625 900 691 ooErcitae.

750 805 830 866 U.
862 804 936 865 C.
967 806 1110 865 560.
1192 804 1268 862 Α.
1300 803 1373 862 C.
1406 804 1542 862 192.
1626 801 1726 863 Ol.
1755 822 2004 864 cxnvn.
2038 804 2094 864 l.
2166 804 2262 880 (L.
2291 823 2480 867 xxxv.
2516 806 2641 881 10.)

670 919 751 981 L.
784 921 1076 991 Quintius
1103 918 1503 990 Flamininus,
1539 917 1647 978 Cn.
1681 920 1994 979 Domitius
2020 919 2474 981 Ahenobarbus.
2551 920 2789 981 Bellum

586 1019 663 1078 ab
689 1017 1008 1090 Antiocho,
1037 1015 1269 1077 Nabide
1296 1026 1358 1075 et
1384 1015 1599 1075 AEtolis
1628 1028 1892 1096 paratur.
1977 1015 2236 1097 Hispani
2265 1025 2326 1077 et
2355 1014 2518 1077 Galli
2547 1017 2790 1080 devicti.

582 1116 942 1176 -Artaxias
975 1133 1023 1174 1.

717 1317 794 1377 U.
825 1317 900 1378 C.
929 1318 1074 1376 561.
1157 1317 1233 1376 Α.
1265 1314 1338 1375 C.
1375 1315 1513 1373 191.
1599 1312 1699 1374 Ol.
1731 1331 1984 1373 cxnvu.
2014 1315 2074 1373 2.
2139 1313 2237 1391 (L.
2267 1334 2456 1377 xxxv.
2487 1316 2618 1389 24.)

658 1449 747 1507 P.
780 1447 1089 1508 Cornelius
1112 1446 1311 1526 Scipio
1340 1445 1585 1515 Nasica,
1615 1444 1738 1503 Μ’.
1760 1443 2000 1504 Acilius
2030 1444 2301 1505 Glabrio.
2345 1445 2779 1526 Philopoemen.

576 1544 767 1604 Nabis
817 1548 891 1604 ab
950 1544 1314 1603 Alexameno
1363 1542 1771 1602 fraudulenter
1822 1543 2186 1602 interficitur.
2298 1543 2655 1618 Antiochus,
2711 1545 2772 1605 in

576 1642 866 1702 Graeciarn
918 1643 1143 1701 accitus
1190 1644 1264 1701 ab
1294 1642 1531 1711 AEtolis‚
1558 1660 1740 1720 opera
1765 1640 2076 1712 Thoantis,
2106 1640 2392 1722 principis
2423 1643 2775 1719 AEtolorum,

572 1740 793 1799 multos
838 1740 1087 1800 Graecos
1134 1740 1241 1799 sibi
1284 1740 1584 1812 conciliat,
1631 1738 2020 1820 repudiatque
2070 1739 2427 1800 Hannibalis
2469 1742 2770 1804 consilia:

570 1838 677 1898 sed
703 1840 895 1899 victus
938 1840 1012 1898 ab
1041 1838 1229 1898 Acilio
1270 1839 1348 1898 ad
1375 1838 1804 1918 Thermopylas
1837 1836 2137 1918 Ephesum
2183 1839 2546 1900 transmittit.
2631 1841 2775 1901 Phi-

565 1938 787 2018 lippus,
815 1939 1011 1997 socius
1041 1938 1216 1996 Rom.
1246 1936 1691 2018 oppugnatione
1720 1935 1942 1995 Lamiae
1970 1935 2258 1996 absistere
2278 1937 2545 2016 jubetur.
2603 1939 2772 1998 AEto-

563 2035 755 2095 lorum
804 2035 985 2094 animi
1029 2035 1400 2115 franguntur.
1488 2035 1639 2109 Boii,
1670 2034 1915 2114 Ligures
1961 2042 2022 2093 et
2065 2033 2320 2114 Hispani
2347 2033 2512 2097 victi.
2598 2036 2671 2095 A.
2696 2037 2770 2097 C.

572 2136 861 2193 191-159.
902 2133 1233 2194 TerentiuS.

682 2336 762 2395 U.
794 2336 867 2396 C.
897 2337 1036 2396 562.
1117 2335 1196 2396 A.
1228 2334 1302 2394 C.
1337 2337 1474 2395 190.
1561 2333 1662 2396 Ol.
1695 2352 1949 2427 cxzyn.
1982 2336 2041 2394 3.
2109 2333 2204 2411 (L.
2231 2350 2479 2393 xxxvn.
2513 2330 2598 2408 1.)

638 2468 715 2527 L.
750 2467 1059 2529 Cornelius
1094 2467 1296 2547 Scipio
1340 2467 1671 2539 Asiaticus,
1723 2468 1788 2528 C.
1820 2467 2076 2529 Laelius.
2163 2466 2235 2525 P.
2284 2464 2486 2546 Scipio
2533 2462 2765 2523 Africa-

552 2583 665 2623 nus
691 2564 928 2644 legatus
969 2566 1187 2626 fratris.
1271 2565 1450 2624 AEtoli
1497 2564 1769 2625 inducias
1825 2585 1985 2644 aegre
2026 2566 2370 2644 impetrant.
2453 2563 2522 2622 L.
2548 2560 2756 2642 Scipio

552 2662 613 2721 in
643 2664 848 2722 Asiam
880 2664 1107 2738 transit,
1129 2673 1191 2724 et
1217 2663 1519 2724 Antiocho
1547 2662 1626 2723 ad
1657 2663 2034 2743 Magnesiam
2064 2662 2220 2723 victo
2250 2662 2355 2722 dat
2376 2679 2608 2741 pacem.

718 2857 795 2916 U.
827 2858 900 2915 C.
933 2860 1070 2917 563.
1115 2858 1189 2915 A.
1215 2857 1287 2916 C.
1325 2859 1460 2917 189.
1525 2857 1623 2917 Ol.
1656 2877 1909 2918 chvu.
1936 2861 1997 2917 4.
2042 2856 2136 2934 (L.
2166 2825 2419 2916 xxxvu'.
2445 2858 2579 2931 47.)

639 2969 734 3028 M.
788 2970 1036 3031 Fulvius
1089 2971 1330 3031 Servius
1385 2972 1679 3044 Nobilior,
1741 2973 1851 3034 C'n.
1911 2973 2194 3033 Manlius
2249 2971 2455 3040 Vulso.
2543 2969 2757 3029 AEtolis

551 3066 716 3125 triste
743 3087 1094 3146 responsum
1125 3089 1162 3128 a
1191 3080 1422 3141 senatu,
1450 3080 1510 3129 et
1539 3070 1884 3149 perdomitis
1913 3089 2033 3151 pax
2068 3070 2264 3129 datur.
2315 3068 2543 3128 Decem
2571 3065 2754 3147 legati

549 3178 915 3245 componunt
974 3186 1069 3226 res
1118 3166 1300 3227 Asiae.
1384 3167 1454 3230 T.
1503 3167 1782 3236 Quintius
1834 3167 2164 3227 Flaminius
2209 3176 2270 3227 et
2315 3166 2406 3226 M.
2459 3165 2750 3225 Claudius
2946 3197 2947 3232 χ

545 3258 874 3322 Marcellus
898 3284 1199 3324 censores.
1282 3262 1640 3344 Gallograeci
1665 3285 1700 3325 a
1728 3265 1959 3325 Manlio
1988 3264 2232 3334 deyicti.
2320 3263 2752 3324 Lacedaemonii
2944 3273 2945 3316 l

544 3375 582 3415 a
610 3357 1055 3438 Philopoemene
1082 3360 1157 3420 ad
1202 3380 1403 3420 muros
1436 3362 1786 3437 diruendos,
1831 3362 2203 3425 revocandos
2245 3362 2452 3423 exules
2495 3372 2558 3422 et
2583 3360 2747 3443 leges
2942 3345 2943 3404 l

543 3454 797 3537 Lycurgi
826 3458 1203 3538 abrogandas
1233 3459 1695 3539 compelluntur.

684 3652 757 3712 U.
789 3652 864 3713 C.
896 3653 1037 3713 564.
1081 3653 1258 3714 A.-C.
1288 3655 1426 3714 188.
1475 3652 1575 3712 Ol.
1608 3672 1892 3715 chvnr.
1923 3656 1976 3714 1.
2039 3653 2131 3730 (L.
2160 3670 2445 3713 xxxvnr.
2478 3651 2606 3726 35.)

623 3765 721 3823 M.
759 3766 1028 3828 Valerius
1070 3769 1378 3841 Messalla,
1434 3769 1497 3829 C.
1531 3769 1748 3829 Livius
1795 3768 2132 3829 Salinator.
2217 3767 2410 3847 Leges
2457 3765 2534 3826 de
2577 3766 2743 3827 novis

537 3860 762 3921 civibus
793 3862 952 3936 latae,
975 3875 1037 3924 et
1064 3864 1436 3926 conditiones
1453 3867 1621 3947 pacis
1644 3887 1782 3928 cum
1808 3866 2110 3928 Antiocho
2139 3865 2338 3926 factae.
2423 3863 2537 3924 Cn.
2566 3862 2740 3923 Man-

536 3956 600 4016 lii
619 3957 966 4036 impeditum
991 3982 1099 4042 per
1124 3963 1438 4025 Thraciam
1468 3966 1601 4026 iter.
2140 3957 2146 3964 ’

698 4138 775 4199 U.
799 4140 870 4200 C.
897 4143 1039 4203 565.
1082 4144 1157 4204 A.
1187 4145 1258 4206 C.
1296 4147 1432 4208 187.
1475 4146 1575 4206 Ol.
1607 4165 1895 4208 chvru.
1928 4151 1988 4207 2.
2031 4147 2124 4225 (L.
2151 4163 2427 4207 xxxvnr.
2449 4144 2580 4221 42.)

615 4253 713 4313 Μ.
741 4254 1025 4316 AEmilius
1042 4256 1331 4338 Lepidus,
1365 4261 1435 4323 Ο.
1456 4261 1817 4326 Flaminius.
1865 4262 1982 4326 Cn.
2014 4260 2283 4325 Manlius
2301 4269 2365 4323 et
2380 4260 2470 4323 M.
2491 4255 2729 4320 Fulvius
