3034 4925
1101 391 1546 444 HISTORLGAE.
2284 376 2419 444 161

840 599 1130 658 425-455.
1182 597 1633 658 Valentinianus
1668 597 1794 658 ΙΙΙ.

251 728 390 787 filius
417 728 689 788 sexennis
721 725 1054 786 Constantii
1074 735 1136 785 et
1156 724 1460 798 placidiae,
1487 727 1599 784 sub
1623 726 1813 785 tutela
1835 725 2036 785 matris
2058 736 2170 799 est,
2194 736 2257 787 et
2279 730 2422 788 437.

251 845 477 887 uxorem
509 825 674 886 ducit
716 823 1070 898 Eudoxiam,
1097 823 1418 884 Theodosii
1459 842 1538 885 11.
1569 822 1772 884 liliam.
1856 822 2137 883 Maximae
2184 825 2424 905 imperio

247 922 756 1005 Rom.provincioe
796 942 834 982 a
875 923 1137 983 barbaris
1183 923 1505 1002 eripiuntur
1550 930 1787 1001 propter
1824 921 2090 983 inertiam
2119 919 2422 984 libidines-

252 1040 355 1099 que
391 1019 767 1100 Imperatoris
801 1029 864 1079 et
889 1018 1242 1080 discordiam
1273 1017 1428 1078 Aetii
1472 1038 1542 1078 ac
1568 1018 1882 1092 Bonisacii,
1924 1037 2281 1082 summorum
2311 1021 2424 1081 hu-

243 1113 334 1192 jus
379 1116 490 1175 sevi
539 1116 777 1177 ducum.
860 1117 1002 1176 425.
1047 1114 1529 1194 olympiodorus.
1632 1118 1925 1177 427·432.
1981 1118 2319 1178 Bonifacius
2366 1119 2427 1178 in

251 1212 439 1272 Africa
464 1213 683 1272 invitus
712 1211 950 1272 molitur
980 1231 1073 1272 res
1103 1230 1287 1273 novas
1315 1221 1376 1271 et
1418 1221 1684 1272 necatur.
1765 1217 1907 1276 428.
1945 1235 2036 1295 sq.
2088 1216 2425 1277 Nestorius.

252 1311 383 1371 429.
405 1331 494 1389 sq.
526 1310 741 1370 Africae
768 1329 903 1391 pars
929 1330 965 1369 a
991 1309 1321 1369 Genserico
1354 1302 1723 1387 (Geiserico)
1743 1322 1938 1392 capta.
2021 1314 2163 1373 431.
2208 1312 2427 1373 Conci-

250 1404 383 1466 lium
412 1428 625 1469 oecum.
711 1407 1094 1487 Ephesinum,
1140 1418 1203 1467 et
1246 1407 1549 1467 damnatio
1579 1405 2084 1472 Nestorianorum.
2171 1409 2429 1491 Cyrillus

252 1502 566 1565 Alexandr.
648 1507 789 1566 433.
831 1504 1120 1582 Zosimus.
1221 1506 1513 1565 437-448.
1559 1504 1814 1566 Chlodio
1864 1526 1914 1567 s.
1964 1505 2203 1587 Glogio.
2289 1509 2429 1567 438.

253 1599 450 1661 Codex
511 1601 982 1665 Theudosianas.
1022 1602 1386 1663 Salvianus.·
1464 1603 1759 1664 440-461.
1829 1604 1949 1666 Leo
1999 1624 2048 1666 1.
2097 1605 2431 1687 Episcopus

255 1696 421 1760 Rom.
463 1702 761 1761 440-457.
790 1700 1124 1761 Vararanes
1155 1720 1248 1761 vl.
1304 1703 1448 1761 445.
1474 1700 1738 1761 Isidorus
1766 1702 2088 1765 Pelusiota.
2144 1706 2287 1766 448.
2311 1702 2434 1762 Eu·

253 1794 468 1874 tyches.
554 1798 851 1857 448-456.
895 1796 1251 1857 Merovaeus.
1331 1798 1474 1859 449.
1500 1818 1593 1878 sq.
1618 1799 1876 1881 Hengist
1916 1813 1977 1862 et
2004 1802 2213 1876 Horat,
2245 1798 2431 1868 duces

255 1893 597 1974 Ang'lorum‚
619 1895 919 1955 Saxonum
948 1906 1010 1955 et
1034 1894 1332 1968 Jutorum,
1354 1896 1721 1958 Britanniam
1749 1910 2063 1981 occupant.
2121 1901 2264 1960 450.
2294 1900 2430 1959 Coe-

255 1987 361 2051 lius
412 1990 715 2053 Sedulius.
796 1995 1091 2055 450457.
1136 1993 1495 2067 Martianus,
1553 2014 1588 2055 a
1627 1996 1936 2058 Pulcheria
1977 1997 2299 2058 Tbeodosii
2353 2019 2434 2059 11.

256 2105 443 2148 sorore
473 2088 536 2148 in
578 2090 692 2149 tori
735 2088 1077 2169 imperiique
1111 2090 1476 2154 consortium
1524 2105 1798 2172 receptus
1841 2093 1901 2153 in
1956 2093 2219 2154 Oriente.
2294 2096 2436 2158 451.

258 2183 585 2245 Concilium
640 2203 851 2245 oecum.
942 2185 1481 2257 Chalcedonense3
1526 2188 2010 2271 Monophysitae3
2055 2189 2438 2251 Patriarchoe.

257 2281 455 2356 Attila,
500 2282 856 2342 Hunnorum
885 2302 1009 2359 rex,
1039 2286 1114 2344 ab
1142 2287 1317 2346 A'etio
1345 2285 1407 2346 in
1455 2289 1680 2370 campis
1725 2289 2126 2350 catalaunicis
2152 2287 2438 2355 vincitur3

263 2378 362 2438 sed
391 2400 529 2469 mox
561 2379 791 2440 Italiam
823 2391 1034 2456 vastat,
1061 2395 1122 2444 et
1140 2387 1282 2445 453.
1314 2384 1577 2446 moritur.
1633 2388 1924 2448 451-453.
1950 2383 2439 2457 ThorismunduS,

253 2476 603 2540 Theoderici
631 2499 679 2540 1.
723 2480 904 2553 filius,
940 2480 1035 2541 cui
1077 2482 1288 2544 fratres
1318 2482 1666 2556 succedunt,
1706 2485 1998 2555 453-466.
2040 2482 2440 2545 Theodericus

262 2594 337 2645 rr.
379 2589 440 2638 et
465 2578 763 2641 466-484.
808 2579 1082 2640 Euricus.
1776 2585 1783 2593 '

809 2774 826 2787 *
916 2753 1057 2821 455.
1100 2759 1429 2823 Petronius
1452 2759 1780 2833 Maximus,

263 2889 357 2967 qui
382 2860 865 2950 Valentinianum
892 2910 1005 2952 111.
1038 2891 1436 2963 interfecerat,
1464 2900 1527 2951 et
1549 2890 1796 2951 invitam
1822 2877 2074 2950 duxerat
2116 2888 2444 2952 Eudoxiam

263 2990 617 3066 Augustam.
700 2989 795 3046 Ab
822 3007 895 3048 ea
915 3006 990 3047 ex
1015 2988 1216 3048 Africa
1239 2997 1521 3048 evocatur
1547 2987 1928 3060 Gensericus,
1959 2986 2082 3073 qui,
2099 2987 2299 3050 occiso
2330 2988 2447 3049 Im-

263 3096 527 3162 peratore
554 3104 690 3144 cum
709 3083 975 3145 Palladio
1003 3084 1146 3159 filio,
1169 3086 1476 3166 Romaque
1506 3085 1754 3166 direpta,
1777 3085 2106 3145 Eudoxiam
2135 3105 2268 3145 cum
2297 3086 2446 3146 filia·

263 3180 393 3254 bus,
422 3182 694 3242 Eudocia
735 3192 797 3242 et
822 3182 1107 3258 Placidia,
1149 3183 1206 3243 iu
1253 3184 1510 3244 Africam
1554 3183 1819 3257 abducit,
1859 3193 1919 3245 et
1961 3181 2288 3243 Eudociam
2319 3183 2446 3245 Ho-

185 3290 189 3294 “
264 3280 462 3340 norico
488 3279 613 3340 filio
640 3278 917 3341 collocat.

744 3465 887 3524 455.
910 3464 1053 3524 456.
1097 3415 1341 3524 hovius
1372 3463 1680 3524 Moecilius
1707 3463 1949 3525 Avitus.

345 3579 487 3636 456.
532 3575 790 3636 Ricimer
819 3577 1062 3650 Comes,
1089 3596 1125 3637 a
1168 3577 1331 3656 regio
1373 3577 1701 3636 Suevorum
1745 3577 2034 3654 sanguine
2080 3574 2363 3635 oriundus
2393 3584 2453 3634 et

240 3690 452 3750 ⁴nepos
479 3673 741 3744 Wallioe,
768 3677 851 3751 (v.
881 3673 959 3732 ad
1006 3692 1060 3734 a.
1091 3677 1261 3748 415.)
1306 3693 1490 3751 usque
1531 3674 1608 3733 ad
1650 3691 1707 3732 a.
1752 3674 1894 3729 472.
1925 3671 2016 3731 vel
2064 3673 2449 3750 Imperatores

268 3767 425 3841 facit,
454 3769 551 3830 vel
577 3769 702 3850 ipse
729 3780 961 3850 regnat.
1044 3772 1344 3831 456-481.
1376 3769 1770 3831 Childericus.

991 3952 1279 4011 457-461.
1321 3948 1723 4029 Majorianus.

353 4065 672 4145 Imperium
716 4065 893 4125 Rom.
921 4063 981 4122 in
1028 4063 1229 4137 Gallia
1255 4074 1317 4123 et
1343 4062 1639 4141 Hispania
1680 4060 2040 4134 restitutum,
2067 4070 2126 4120 et
2159 4061 2453 4141 expeditio

277 4162 407 4225 adv.
436 4162 762 4222 Vandalos.
842 4162 1137 4221 457-474.
1179 4161 1297 4220 Leo
1329 4178 1377 4221 1.
1425 4159 1686 4237 Magnus
1722 4178 1770 4218 s.
1801 4158 1998 4217 Thrax
2043 4177 2223 4239 opera
2263 4158 2455 4238 Aspa-

275 4260 372 4345 ris,
423 4258 665 4319 Patricii
710 4266 771 4317 et
816 4255 1023 4330 Gothi,
1067 4274 1316 4336 regnum
1358 4255 1617 4317 Orientis
1667 4255 1901 4335 accipit,
1953 4266 2012 4317 et
2062 4258 2136 4316 ab
2173 4255 2452 4315 Anatolio
