3034 4925
544 341 672 408 148
1471 352 1796 402 'nnuma

549 511 736 571 victus
760 510 910 589 sugit
936 518 997 567 et
1022 526 1127 588 per
1156 526 1368 567 novem
1400 506 1590 567 annos
1620 507 1787 568 latet.
1847 506 2075 567 Bellum
2105 507 2165 566 in
2196 505 2460 578 Batavis,
2494 504 2743 565 Germa-

547 609 753 682 nia,.et
782 607 985 667 Gallia
1025 614 1249 666 motum
1277 626 1315 665 a
1344 605 1601 666 Claudio
1632 606 1844 678 Civile,
1874 606 1970 666 eui
1999 625 2137 665 mox
2154 597 2493 684 junguntur
2523 604 2744 663 Classi-

548 728 676 776 cus,
704 706 898 766 Julius
927 705 1131 778 Tutor,
1160 714 1220 764 et
1247 704 1443 763 Julius
1479 704 1759 764 Sabinus.
1841 704 1964 764 Res
2007 701 2289 764 adversus
2324 722 2429 761 eos
2473 712 2663 780 gestae
2706 720 2745 760 a

548 803 760 863 Petilio
818 801 1070 863 Ceriale.
1161 802 1400 862 Deditio
1440 801 1710 863 Civilis.·
1752 800 1999 862 Veledae
2039 821 2276 861 numen.
2342 798 2743 879 Vespasianus

553 899 931 960 Alexandriae
962 909 1162 960 vetera
1185 920 1255 961 ac
1285 918 1440 959 nova
1472 901 1690 959 tributa
1714 900 1930 978 exigit3
1976 898 2195 959 deinde
2225 898 2282 957 in
2314 896 2656 977 provinciis,
2683 897 2747 955 in

553 997 728 1058 Italia
756 1009 816 1057 et
846 998 1077 1069 Romae,
1104 998 1206 1057 ubi
1238 1007 1300 1057 et
1327 997 1515 1057 urinae
1543 997 1798 1075 vectigal
1826 996 2102 1055 instituit.
2189 994 2599 1055 Mathematici
2628 994 2748 1052 Ro·-

554 1115 650 1155 ma
695 1096 875 1174 pulsi,
915 1107 976 1155 et
1020 1096 1258 1156 sublata
1300 1094 1638 1174 majestatis·
1665 1093 1912 1173 judicia.
1978 1092 2205 1151 Coelius
2243 1092 2502 1151 Sabinus
2543 1091 2655 1150 JC.
2685 1100 2753 1149 et

551 1213 678 1253 coS.
704 1192 838 1253 suff.
903 1195 1003 1253 71.
1051 1191 1308 1252 Helvidii
1340 1191 1527 1251 Prisci
1559 1192 1867 1251 temeraria
1893 1189 2176 1270 loquendi
2206 1189 2447 1249 libertas
2477 1208 2550 1247 ac
2572 1208 2745 1247 mors·

553 1290 907 1360 Demetrius,
923 1289 1235 1360 Hostilius,
1249 1289 1547 1368 ceterique
1573 1288 1933 1368 philosophi,
1950 1299 2164 1367 praeter
2181 1286 2546 1357 Musonium,
2561 1286 2750 1346 Roma

552 1387 730 1467 pulsi.
777 1376 1001 1458 Caenis,
1027 1396 1241 1466 potens
1270 1398 1330 1446 et
1355 1397 1534 1446 avara
1554 1386 1906 1463 Vespasiani
1930 1386 2140 1456 amica,
2167 1385 2432 1445 moritur.
2503 1386 2603 1444 72.
2636 1381 2745 1442 Pe·

555 1486 719 1544 tilius
752 1482 1002 1543 Cerialis
1032 1482 1354 1543 Britanniae
1380 1490 1616 1562 proeest.
1676 1483 1830 1542 Urbs
1870 1473 2142 1541 restituta
2168 1491 2229 1540 et
2247 1489 2561 1547 exornata3
2588 1479 2751 1538 ‘ordo

437 1603 462 1630 a
558 1591 803 1659 uterque
835 1580 1140 1660 suppletus
1159 1590 1218 1638 et
1239 1592 1554 1660 purgatus;
1600 1579 1918 1659 disciplina
1943 1578 2203 1640 militaris
2233 1576 2588 1644 emendata:
2619 1576 2750 1635 lites

558 1678 908 1738 terminatae.
981 1680 1083 1738 73.
1129 1678 1400 1738 Centena
1437 1696 1636 1738 annua
1679 1676 2007 1737 rhetoribus
2033 1675 2377 1735 constituta.
2450 1675 2753 1748 AErearum

488 1759 493 1765 ⁵
560 1773 891 1833 tabularum
922 1774 1031 1833 tria
1057 1774 1261 1846 millia,
1285 1794 1420 1852 quae
1451 1772 1728 1833 incendio
1759 1772 2039 1853 Capitolii
2067 1771 2598 1849 conflagraverant,
2627 1788 2751 1829 res·

561 1872 759 1933 tituta.
843 1874 942 1930 74.
988 1871 1120 1931 Hoc
1148 1871 1297 1932 forte
1327 1891 1483 1931 anno
1511 1870 1780 1950 Pegasus
1805 1870 1840 1929 J
1850 1870 1922 1930 C.
1955 1869 2188 1941 consul,
2216 1877 2276 1927 et
2313 1867 2433 1928 SC.
2475 1866 2752 1945 Pegasia-

563 1989 702 2029 num
736 1969 810 2028 de
833 1968 1388 2028 fideicommissariis
1407 1966 1877 2027 haereditatibuS.
1937 1968 2036 2026 75.
2055 1963 2360 2043 Templum
2384 1963 2561 2023 Pacis
2590 1959 2754 2023 dedi-

564 2080 754 2139 catur,
783 2077 841 2125 et
870 2067 1134 2127 colossus
1161 2065 1414 2127 Neronis
1444 2066 1652 2125 iterum
1676 2064 1917 2143 erigitur
1954 2063 2013 2122 in
2044 2061 2139 2121 via
2167 2081 2358 2122 sacra.
2424 2058 2758 2120 Pulcherri-

566 2183 663 2222 ma
706 2164 1011 2237 Berenice,
1053 2184 1188 2242 quae
1230 2183 1360 2222 cum
1391 2162 1654 2241 Agrippa
1691 2163 1940 2220 Romam
1972 2171 2232 2231 venerat,
2271 2172 2329 2217 et
2365 2178 2402 2218 a
2428 2158 2560 2217 Tito
2591 2157 2759 2216 unice

571 2262 898 2332 amabatur,
927 2262 1001 2319 ab
1032 2281 1103 2320 eo
1135 2259 1469 2320 dimittitur.
1543 2259 1852 2337 Diogenis,
1881 2259 2080 2330 Herae,
2110 2257 2474 2335 aliorumque
2503 2256 2765 2337 Cynico·

568 2378 696 2417 rum
728 2357 1012 2417 dicacitas
1042 2357 1273 2436 punita.
1346 2358 1446 2417 76.
1492 2355 1626 2416 Hoc
1654 2356 1854 2415 forsan
1882 2374 2040 2415 anno
2070 2353 2264 2415 Julius
2292 2354 2608 2412 Frontinus
2636 2352 2765 2413 Bri·

570 2456 791 2518 tanniae
820 2455 1154 2537 praeficitur.
1243 2457 1454 2517 78-83.
1500 2455 1616 2515 Cn.
1646 2454 1843 2515 Julius
1864 2435 2152 2533 'Agricola
2181 2473 2373 2532 propr.
2403 2472 2496 2513 res
2527 2451 2765 2532 egregie

570 2557 627 2614 in
680 2555 983 2613 Britannia
1025 2555 1216 2633 gerit.·
1280 2556 1382 2614 79.
1437 2555 1604 2617 Mors
1632 2550 1775 2614 Julii
1808 2552 2034 2624 Sabini,
2061 2557 2145 2628 (v.
2175 2551 2251 2610 ad
2283 2571 2336 2610 a.
2367 2553 2496 2626 70.)
2526 2551 2766 2623 Allieni,

571 2664 632 2713 et
663 2650 929 2712 Marcelli
956 2651 1413 2731 conjuratorum,
1445 2672 1516 2711 ac
1544 2650 1912 2732 Vespasiani.

1098 2825 1309 2884 79-81.
1357 2825 1530 2884 Titus
1555 2823 1796 2884 Flavius
1827 2824 2229 2901 Vespasianm.

662 2936 760 2994 79.
805 2935 1063 2995 Primum
1093 2937 1333 2997 Vesuvii
1363 2937 1722 3010 incendium,
1751 2956 1870 3017 quo
1901 2936 2360 3002 Herculaneum,
2391 2932 2684 3011 Pompeii,
2716 2941 2774 2991 et

580 3028 806 3090 Plinius
858 3032 1046 3112 major
1093 3048 1357 3112 pereunt.
1447 3038 1548 3097 80.
1593 3037 1812 3115 Ingens
1859 3034 2194 3095 incendium
2245 3032 2453 3091 Romae
2498 3033 2772 3091 saevienS.

583 3127 895 3189 Dedicatio
918 3131 1332 3210 amphitheatri
1362 3143 1422 3192 et
1450 3133 1804 3192 thermarum
1820 3132 1958 3205 Titi,
1989 3132 2232 3210 ludique
2251 3150 2355 3211 per
2376 3141 2617 3207 centum
2651 3128 2774 3187 dies

584 3225 893 3287 dati.—-C.
949 3229 1215 3289 Valerius
1265 3230 1537 3291 FlaccuS.
1622 3230 1690 3290 P.
1731 3231 2049 3291 Juventius
2093 3229 2303 3290 Celsus
2350 3234 2536 3307 pater.
2569 3227 2777 3286 Onke-

584 3324 696 3384 los.

1149 3425 1359 3483 81-96.
1407 3425 1471 3484 Τ.
1502 3424 1747 3485 Flavius
1772 3426 2186 3487 Domitianus.

666 3538 768 3596 81.
815 3534 1079 3597 Castrari
1122 3555 1314 3596 mares
1358 3537 1545 3599 vetiti.
1630 3541 1731 3601 83.
1775 3538 2038 3598 Domitia
2063 3538 2352 3616 Augusta,
2397 3532 2635 3597 Paridis
2659 3536 2782 3597 his·

584 3632 791 3692 trionis
819 3651 1015 3693 amore
1044 3632 1366 3714 deperdita,
1398 3634 1738 3713 repudiatur
1766 3635 2180 3714 reducitur-que
2208 3654 2224 3701 3
2273 3632 2433 3695 Paris
2461 3635 2782 3695 obtrunca-

586 3740 701 3790 tur.
749 3729 935 3803 Julia,
964 3730 1081 3790 Titi
1103 3730 1242 3803 filia,
1271 3751 1307 3792 a
1334 3743 1546 3811 patruo
1574 3745 1871 3812 corrupta.
1915 3733 2189 3794 Vestales
2218 3731 2455 3792 occisae.
2520 3734 2622 3791 84.
2657 3732 2783 3793 Do-

588 3826 813 3887 mitiani
839 3828 1137 3907 expeditio
1167 3829 1543 3901 Germanica,
1569 3828 1730 3890 nullo
1760 3830 1932 3891 hoste
1961 3831 2221 3889 invento.
2288 3828 2563 3888 Honores
2593 3828 2650 3889 ei
2679 3830 2789 3893 de-

592 3923 759 3982 creti.
837 3923 1192 4004 Aurigarum
1222 3925 1507 3987 factiones
1538 3940 1754 3987 auctoe.
1840 3929 2090 3989 86-105.
2137 3925 2496 3996 Decebalus‚
2524 3946 2631 3986 rex
2664 3927 2791 3987 Da·

594 4038 819 4091 corum,
864 4028 924 4079 et
967 4021 1127 4081 bella
1179 4020 1254 4081 ab
1296 4041 1368 4085 eo
1411 4042 1546 4081 cum
1594 4022 1879 4085 Romanis
1916 4033 2106 4103 gesta.
2191 4011 2316 4085 Pax
2361 4024 2581 4085 tributo
2607 4035 2790 4087 emta.

594 4114 950 4194 Triumphus
978 4116 1255 4181 Dacicus.
1341 4121 1592 4181 89-163.
1635 4121 1908 4181 Justinus
1952 4123 2198 4201 Martyr.
2282 4123 2379 4182 90.
2427 4122 2590 4183 Finis
2621 4124 2793 4203 regni

594 4214 632 4277 J
643 4211 855 4281 udaiei.
941 4212 1251 4301 Exquisita
1277 4217 1743 4281 Christianorum
1772 4219 2082 4299 supplicia.
2165 4221 2264 4286 91.
2311 4219 2682 4289 Consulatus
2704 4222 2792 4283 M.
