3034 4925
1009 398 1158 448 ms.
1205 398 1256 447 1.
1304 397 1465 446 cu.
1509 379 1619 446 35.
2267 380 2397 447 277

211 549 353 615 lati.
447 546 691 613 Factio
718 545 900 612 haud
929 545 1140 611 dubia
1181 544 1379 628 reme,
1421 542 1616 628 cujus
1661 541 1986 608 beneficio
2030 541 2105 607 in'
2143 540 2399 607 curiam

212 656 544 717 venerant.
631 649 900 722 Bellum
928 648 1213 733 primum
1242 666 1396 713 cum
1427 643 1684 711 Latinis
1713 646 1943 725 gessit,
1972 650 2042 711 et
2066 643 2400 730 oppidum

214 755 309 820 ibi
331 753 624 839 Apiolas
650 754 720 819 vi
749 753 994 838 cepit2¹
1036 750 1402 837 praedaque
1432 749 1589 815 inde
1616 749 1893 836 majore,
1922 768 2125 834 qnam
2151 754 2403 833 quanta

215 854 378 933 belli
419 856 606 922 fama
651 857 888 934 fuerat,
929 861 1221 935 revecta,
1263 854 1467 920 ludos
1509 854 1896 939 opulentius
1913 861 1941 901 5
1986 851 2404 919 instructius-

217 980 373 1045 que,
401 978 608 1045 quum
656 960 915 1045 priores
959 979 1175 1044 reges,
1221 958 1407 1026 fecit.
1492 958 1669 1023 Tum
1712 957 1997 1043 primum
2049 955 2254 1033 circo,
2282 953 2405 1039 qui

215 1083 382 1130 nunc
412 1064 792 1129 maximns‘
833 1061 1093 1141 dicitur,
1113 1063 1500 1147 designatus
1529 1060 1726 1126 locus
1753 1058 1919 1126 est!
1979 1057 2406 1124 Locadivisa

221 1164 537 1234 Patribus
585 1166 1076 1253 equitibusque,
1120 1168 1239 1233 ubi
1291 1164 1679 1251 spectacula
1718 1164 1851 1230 sibi
1890 1164 2182 1250 quisque
2227 1161 2408 1227 face·

1214 1399 1429 1454 NOTAE

226 1515 478 1580 ascripsit.
549 1517 680 1569 Qun
727 1516 955 1568 secunda
992 1516 1281 1567 centenarii
1358 1514 1513 1564 mium
1537 1517 1629 1561 aut
1652 1509 1979 1562 Corniculum
2014 1504 2192 1566 fuisse,
2224 1504 2413 1569 conjici

226 1593 419 1643 numeri
458 1593 529 1644 ad
563 1596 815 1645 Senatum
837 1594 1079 1659 adJeetio.
1143 1594 1290 1649 Nam»
1358 1596 1534 1656 potest
1556 1603 1622 1639 ex
1644 1586 1906 1653 Tarquinii
1931 1598 2024 1651 per
2044 1584 2159 1633 boec
2177 1591 2416 1644 tempora

229 1683 291 1719 ex
310 1670 512 1720 Sabinis
553 1685 584 1719 a
618 1670 833 1722 Romulo
868 1677 1081 1722 centnm
1121 1669 1283 1735 priori

225 1745 428 1797 Senatui
453 1747 624 1797 additi
643 1745 865 1799 fuerant.

287 1831 311 1858 ¹¹
344 1823 441 1881 Qui
461 1825 636 1874 deinde
654 1825 885 1875 enimn
901 1823 1140 1888 gentiam]
1179 1824 1282 1875 Pa-

231 1899 399 1952 tricios
417 1902 681 1955 minorum
714 1903 946 1968 gentium
965 1902 1173 1952 Tacitus
1203 1914 1284 1951 ιι.

1360 1665 1772 1755 expeditionibus
1793 1679 1826 1714 a
1844 1661 2094 1727 Dionysio
2119 1659 2414 1733 memoratis
2490 1666 2499 1675 “

1359 1743 1451 1864 1ὼὶ
1472 1757 1659 1871 ¹Endos
1681 1817 1975 1884 opulentius]
2028 1813 2159 1866 Ludi
2204 1810 2419 1878 publici,

1363 1897 1449 1962 qui
1469 1896 1654 1962 partim
1677 1894 1960 1960 religionis,
1974 1898 2031 1942 et
2049 1889 2418 1957 placendorum

231 1975 412 2028 Annal-
434 1978 708 2029 existimat
729 1993 764 2029 a
798 1980 857 2030 L.
878 1973 1051 2030 Bruto
1071 1980 1284 2031 consule
1360 1977 1593 2028 Deorum
1644 1988 1816 2031 causa,
1854 1970 2044 2038 partim
2093 1969 2162 2019 ob
2206 1967 2421 2033 popula-

233 2055 438 2118 primum
477 2056 812 2121 appellato-3
854 2056 938 2108 cui
976 2064 1032 2108 et
1066 2058 1284 2108 Petrum

237 2133 646 2198 conscriptorum
721 2134 974 2197 originem
1051 2133 1287 2185 attribuit

237 2207 542 2262 Plutarchus
563 2228 580 2262 ε
616 2211 689 2262 ita
717 2218 774 2261 ut
796 2226 971 2263 omnes
999 2210 1235 2275 Patricii,
1257 2227 1288 2262 a

240 2285 433 2350 regibus
452 2287 602 2350 lecti,
632 2285 831 2338 fuerint
852 2303 883 2338 e
906 2288 1158 2354 majorum
1193 2303 1286 2339 nu·

240 2376 390 2413 mero.
451 2364 517 2414 Id
544 2371 723 2415 tamen
759 2364 934 2416 Livius
969 2365 1054 2417 liic
1072 2365 1288 2430 Tarqui·

243 2439 322 2491 nio
360 2441 592 2494 ascribit.
679 2441 976 2508 Onnpbrins
1030 2443 1086 2494 in
1128 2442 1290 2495 civit.

246 2514 384 2569 Rom.
405 2520 536 2571 etin
563 2519 734 2570 Fastis
754 2519 1027 2571 contendit
1049 2535 1140 2572 eos
1181 2526 1292 2570 tau-

246 2600 342 2645 tum
360 2596 641 2659 Patricius,
665 2597 752 2662 qni
775 2612 808 2647 a
829 2598 1051 2649 Romulo
1071 2598 1293 2662 primum

246 2670 360 2723 lecti
397 2681 538 2739 sunt,
570 2674 824 2739 majorum
847 2674 1077 2739 gentium
1098 2673 1292 2724 fnisset

248 2750 373 2813 quod
408 2767 531 2802 sane
564 2766 742 2801 verum
775 2752 895 2808 erit,
927 2754 972 2803 si
1004 2752 1215 2818 quidem
1242 2751 1297 2801 hi

249 2839 358 2878 cum
396 2828 458 2880 iis
498 2834 886 2893 comparentur,
926 2830 1015 2895 qui
1053 2829 1301 2881 insecutis

251 2906 560 2968 temporibus
602 2905 775 2958 asciti.
849 2906 954 2958 Sed
993 2913 1071 2969 et,
1104 2908 1191 2973 qui
1231 2921 1298 2957 ex

171 3029 172 3032 ,
250 2978 437 3031 Sabinis
457 2984 526 3034 ab
551 2982 757 3045 eodem,
775 2991 832 3035 et
853 2984 942 3049 qui
970 2998 1105 3035 nune
1127 3000 1157 3034 a
1177 2985 1302 3035 Τιτ-

251 3058 413 3121 quinio
431 3061 668 3124 ascripti,
704 3062 928 3126 majores
961 3060 1301 3125 posteriorum

255 3145 484 3200 respectu
538 3138 642 3188 dici
693 3143 928 3201 possunt,
973 3137 1051 3188 uti
1104 3136 1304 3189 fatetur

257 3208 381 3262 idem
405 3212 727 3278 onuphrius.

313 3294 338 3320 ¹
376 3289 578 3354 Apiolas
606 3289 659 3339 vi
686 3288 834 3353 cepit]
881 3289 1161 3355 Tarquinio
1193 3287 1306 3352 regi

259 3365 462 3427 primum
483 3382 603 3418 cum
632 3367 823 3418 Latinis
844 3367 1054 3431 bellum,
1070 3367 1305 3431 neganti·

260 3440 348 3491 bus
388 3459 443 3493 se
492 3441 694 3495 foedere
737 3446 904 3495 teneri
952 3453 1072 3510 post
1120 3443 1309 3494 Marcii

263 3528 483 3571 mortem.
525 3521 688 3571 Initio
707 3520 900 3571 bellum
923 3520 1021 3571 boc
1046 3535 1147 3571 non
1171 3534 1309 3571 com-

265 3597 392 3648 muni
413 3598 625 3650 consilio
649 3606 855 3663 gestum
875 3597 939 3650 ab
959 3596 1195 3648 omnibns
1222 3597 1314 3646 La·

266 3671 395 3730 finis,
425 3676 515 3725 sed
558 3689 651 3738 per
688 3681 899 3739 partes:
931 3688 1034 3740 que
1067 3673 1135 3723 de
1157 3686 1314 3723 cause

266 3745 456 3799 facilins
497 3750 700 3815 singula
754 3749 949 3815 oppida
994 3750 1315 3801 succubuere

271 3822 601 3877 Romanorum
621 3828 794 3878 armis.
860 3827 1103 3892 Appioloe
1124 3833 1317 3888 antem,

271 3901 369 3952 sive
404 3903 607 3968 Apiolae
639 3905 835 3956 veteris
875 3905 1011 3955 Latii
1044 3919 1148 3954 non
1172 3904 1315 3969 igno·

272 3975 366 4026 bile
385 3981 663 4045 oppidnm3
694 3996 794 4047 quo
830 3982 949 4031 loco
984 3980 1191 4031 steterit
1226 3995 1316 4044 pa-

275 4064 375 4103 rum
406 4056 604 4121 liquet:
635 4058 862 4109 dirutum
887 4057 1103 4122 quippe,
1127 4070 1190 4107 ac
1212 4064 1318 4106 sta·

276 4129 359 4178 tim
399 4141 775 4183 concrematum
820 4141 903 4183 est
947 4148 977 4182 e
1018 4131 1318 4196 Tarquinio.

276 4204 337 4253 In
353 4207 641 4259 Latinorum
658 4210 1062 4273 Sabinorumque
1076 4206 1322 4267 confinio,

283 4281 467 4337 Aniene
505 4287 639 4338 haud
690 4289 874 4353 procul
918 4287 1064 4337 circa
1104 4281 1321 4336 Crustu·

1365 2068 1473 2104 rem
1496 2051 1731 2103 laetitism
1752 2049 1818 2102 sd
1842 2044 2200 2100 demerendam
2219 2043 2422 2110 plebem

1364 2128 1780 2181 celebrabantur.
1838 2128 1957 2177 Duo
1978 2122 2211 2189 inprimis
2232 2133 2427 2186 genera

1366 2207 1551 2259 fueret
1596 2206 1886 2261 Circenses,
1926 2203 2036 2252 sive
2073 2197 2338 2265 Gymnici‚
2370 2202 2427 2246 et

1368 2284 1596 2346 Scenici,
1610 2282 1697 2347 qui
1719 2288 1775 2333 et
1795 2277 2117 2331 Theatrales.
2182 2275 2256 2325 Hi
2278 2286 2428 2332 voce,

1370 2376 1435 2411 ac
1467 2347 1757 2423 titubasse
1792 2356 1935 2408 tibiis
1969 2354 2200 2405 fiebantz
2233 2351 2309 2400 illi
2337 2349 2428 2399 ho-

1369 2437 1562 2490 minum
1586 2442 1677 2488 ant
1697 2424 1947 2501 equorum
1962 2445 2135 2487 cursu.
2152 2435 2208 2480 et
2220 2426 2433 2478 certati·

1372 2529 1472 2566 one
1496 2526 1792 2579 corporum,
1810 2512 1879 2562 de
1897 2509 2081 2575 quibus
2117 2504 2204 2555 hic
2242 2515 2432 2553 sermo.

1436 2600 1458 2626 ¹
1495 2592 1658 2653 Circo,
1678 2589 1761 2654 qui
1780 2603 1903 2639 nunc
1923 2582 2187 2647 maximus]
2236 2578 2379 2631 Circi
2401 2593 2434 2628 a

1373 2668 1762 2728 curriculorum,
1798 2666 1851 2716 ni
1872 2664 2042 2721 fallor,
2063 2659 2286 2712 circuitu
2308 2655 2437 2706 dicti

1375 2753 1529 2808 sunt3
1565 2751 1659 2795 aut
1675 2742 1813 2808 qnod
1847 2743 1901 2792 ln
1933 2741 1998 2791 iis
2034 2738 2230 2791 circum
2270 2743 2438 2786 metu

1377 2838 1566 2891 pompa
1588 2819 1835 2880 ferretur,
1857 2819 1910 2870 id
1935 2825 2034 2875 est,
2057 2813 2250 2880 effigies
2273 2810 2441 2863 numi·

1377 2916 1522 2953 num.
1557 2901 1680 2952 Non
1696 2899 1831 2950 enim
1855 2911 1884 2947 a
1906 2892 2148 2947 circulari
2171 2890 2336 2956 figura
2350 2888 2441 2937 ‹le-

1379 2979 1595 3031 dnctum
1626 2977 1725 3027 hoc
1756 2989 1945 3026 nomen
1970 2971 2210 3030 videtum
2244 2973 2304 3017 ut
2322 2979 2441 3031 qne

1381 3052 1772 3121 amphitheatris
1805 3051 1971 3116 magis
2003 3044 2304 3104 conveniat,
2323 3055 2442 3092 cum

1382 3132 1634 3183 circorum
1675 3127 1842 3179 forma
1877 3125 2077 3190 longior
2112 3127 2443 3184 esset,quam

1380 3208 1556 3272 latior,
1575 3205 1676 3258 etsi
1699 3203 1915 3254 duorum
1947 3200 2200 3252 minorum
2223 3197 2445 3246 laterum

1384 3300 1541 3336 unum
1566 3285 1798 3333 lunatum
1833 3290 1990 3331 esset.
2058 3277 2243 3327 Plures
2267 3271 2448 3323 Romu

1387 3375 1665 3427 progressu
1726 3358 1976 3422 temporis
2032 3353 2161 3404 circi
2212 3348 2446 3400 fuerunt.

1387 3441 1510 3503 Hic,
1532 3440 1619 3503 qui
1655 3438 1904 3487 Maximus
1943 3430 2043 3482 dici
2079 3428 2288 3488 meruit,
2313 3427 2471 3490 inter,

1388 3521 1590 3567 montes
1632 3512 1930 3564 Palatinum
1960 3517 2016 3558 et
2037 3503 2360 3557 Aventinum
2384 3501 2451 3548 si-

1391 3598 1494 3649 tus,
1529 3603 1719 3640 nomen
1752 3586 1942 3636 deinde
1964 3582 2111 3634 dedit
2133 3577 2291 3630 Urbis
2317 3575 2452 3638 regi-

1390 3668 1477 3719 oni
1502 3679 1584 3716 ¹1.
1640 3663 1956 3714 Accuratam
1986 3659 2100 3723 ejus
2138 3652 2452 3716 descriptio·

1390 3758 1511 3795 nem
1554 3756 1662 3806 prm
1693 3738 1887 3789 ceteris
1920 3735 2080 3784 babet
2119 3732 2333 3793 Dionys.
2358 3727 2453 3777 lib.

1391 3835 1479 3872 ιιι.
1515 3819 1606 3885 qni
1648 3821 1854 3867 centum
1900 3809 2272 3877 quinquaginta
2303 3806 2454 3855 milli-

1393 3912 1478 3948 um
1502 3894 1760 3946 hominum
1784 3903 2030 3954 capacem
2043 3887 2202 3937 fuisse
2223 3884 2313 3935 ait.
2348 3881 2454 3932 Sed

1395 3989 1531 4032 eum,
1553 3971 1754 4036 opinor,
1775 3966 2029 4018 describit
2060 3963 2230 4029 qualis
2269 3978 2303 4012 a
2340 3962 2455 4013 (3ae-

1393 4066 1510 4103 sare
1550 4049 1827 4100 Dictatore
1860 4044 2175 4094 instauratus
2215 4038 2329 4103 fuit,
2367 4052 2459 4104 po·

1396 4129 1496 4179 tius
1535 4138 1691 4191 qnam
1728 4120 1893 4187 qualis
1932 4133 2069 4169 nnnc
2113 4133 2144 4168 a
2173 4115 2455 4183 Tarquinio

1397 4208 1730 4256 constructus
1753 4197 1834 4247 vel
1854 4196 2193 4260 designatus„

1466 4280 1496 4308 '¹'
1532 4277 1599 4328 A.
1623 4277 1688 4327 U·
1714 4277 1773 4327 C.
1802 4278 1911 4326 144.
