3034 4925
2335 335 2466 406 585

256 496 566 582 inierunt,
595 501 760 588 quia
802 501 1133 567 silentium
1165 500 1249 566 de
1278 500 1423 585 lege
1453 505 1619 578 erat,
1649 497 1998 584 perculsos
2033 518 2278 585 magna
2305 514 2464 588 pa'rs

256 605 632 670 credebant
675 605 993 670 tribunos.
1078 601 1175 668 At
1216 605 1335 682 illi,
1382 602 1654 690 (etenim
1699 608 2072 669 extremum
2125 606 2281 670 anni
2317 605 2466 690 jam

258 705 464 791 erat‚)
504 716 810 793 quartum
850 708 1247 774 affectantes
1292 709 1722 785 tribunatum,
1752 708 1820 772 in
1854 708 2280 773 comitiorum
2326 709 2457 772 dis·

257 811 709 895 ceptationem
758 812 845 876 ab
891 811 1038 894 lege
1084 814 1416 875 certamen
1462 814 1882 875 averterant!
1969 808 2055 874 Et
2098 830 2249 875 cum
2304 831 2466 876 con-

258 914 447 978 sules
506 914 715 980 nihilo
772 915 991 979 minus
1050 912 1369 978 adversus
1430 913 1992 977 continuationem
2065 914 2461 994 tribunatuS,

258 1035 469 1098 quam
511 1017 569 1079 si
615 1017 726 1080 lex
770 1015 1137 1081 minuendae
1179 1019 1326 1080 snae
1368 1014 1746 1098 majestatis
1791 1035 2007 1080 causa
2046 1016 2466 1100 promulgata

257 1117 585 1195 ferretur,t
631 1118 1083 1197 tetendissent,
1126 1117 1413 1182 victoria
1464 1117 1853 1182 certaminis
1904 1134 2109 1201 penes
2162 1119 2466 1183 tribunos

256 1220 413 1284 fuit.
503 1221 757 1303 Eodem
800 1241 975 1287 anno
1020 1221 1264 1304 AEquis
1311 1239 1448 1303 pax
1491 1225 1597 1285 est
1621 1219 2000 1303 petentibus
2028 1218 2209 1284 data.
2298 1218 2468 1284 Cen-

262 1336 412 1402 suS,
443 1330 574 1395 ‘res
610 1325 827 1407 priore
873 1343 1049 1388 anno
1094 1322 1458 1397 inchoata,¹¹
1505 1322 1890 1406 perficitur:
1941 1322 2144 1406 idque
2185 1323 2466 1387 lustrum

261 1427 356 1489 ab
395 1428 640 1509 origine
683 1428 862 1492 urbis
910 1426 1237 1491 decimum
1258 1434 1286 1461 ¹
1335 1425 1699 1490 conditum.
1788 1426 2084 1490 Fuerunt
2127 1445 2330 1490 censa
2373 1425 2471 1489 ci-

262 1530 453 1594 vium
495 1530 726 1614 capita
768 1537 1037 1594 centum
1080 1527 1563 1612 septemdecim
1607 1528 1822 1595 millia
1864 1534 2163 1593 trecenta
2202 1547 2472 1592 novem·

262 1631 511 1697 decim.
598 1631 969 1697 Consulum
1011 1636 1331 1713 magna¹4
1373 1631 1557 1695 domi
1602 1632 1901 1715 bellique
1934 1650 2019 1695 eo
2052 1650 2222 1696 anno
2254 1631 2472 1715 gloria

1028 353 1175 404 ms.
1221 353 1338 403 111.
1383 354 1547 405 cu.
1589 335 1701 404 24.

265 1862 308 1930 ὁ.
331 1814 654 1892 ⁶⁷,1?‚3⁸⁸5‘¹²'¹⁸²'⁸
675 1818 733 1866 de
749 1816 869 1879 legis
888 1814 1260 1879 promulgatione
1280 1821 1608 1866 converterant
1629 1817 1692 1866 ad
1710 1814 2052 1866 contentionem
2073 1815 2132 1864 de
2154 1813 2360 1864 comitiis
2383 1814 2474 1863 tri·

299 1895 489 1932 namu.

1188 1957 1555 1980 OOOOOOOOONO

260 2075 369 2114 cem
390 2060 524 2111 Edd.
542 2077 572 2112 a
596 2062 751 2112 Frob.
776 2060 841 2110 ad
863 2061 1033 2113 Drak.
1056 2066 1111 2110 et
1128 2061 1234 2109 Ms.
1257 2059 1569 2110 Veitb.——14
1606 2060 1813 2109 Centum
1843 2058 2052 2119 triginta
2072 2061 2163 2109 duo
2186 2058 2339 2108 millia
2358 2073 2474 2122 qua·

262 2126 522 2188 ‹ln-ingentu
549 2142 712 2177 novem
734 2127 891 2178 Grnt.
914 2127 1146 2178 Gronov.
1172 2125 1388 2190 Doujat.
1419 2126 1652 2176 Crevier.
1688 2126 1863 2189 Capita
1890 2124 2116 2175 CXXV.
2140 2124 2305 2174 millia.
2347 2124 2473 2172 Con-

263 2194 428 2242 sulum
446 2206 511 2242 m.
545 2194 650 2242 Ma.
671 2192 851 2242 Veitb.

1266 2287 1482 2340 NOTAE

337 2390 355 2421 ¹*
408 2389 469 2438 St
504 2389 585 2439 lex
621 2389 887 2439 minuendae
922 2402 1021 2437 suoe
1072 2386 1337 2448 majestatis
1410 2387 1606 2450 cimam]
1662 2385 1825 2451 Atqui
1862 2398 1994 2434 anno
2019 2383 2187 2434 Servii
2210 2378 2368 2434 Tullii
2391 2388 2476 2436 25.

266 2481 415 2516 cansa
432 2468 730 2530 promulgata
751 2462 997 2527 serretur]
1029 2461 1235 2513 Revera
1271 2462 1337 2513 ad

259 2542 673 2594 *imminuendam
715 2543 980 2593 consulum
1023 2547 1337 2605 potestatem

269 2619 577 2684 pertinebat
598 2620 685 2669 lex
709 2635 740 2668 a
759 2618 1050 2668 Terentino
1067 2618 1201 2666 Arsa
1222 2632 1340 2681 pro·

270 2696 468 2760 posita,
500 2695 586 2760 (nt
622 2696 788 2761 liquet
818 2710 884 2744 ex
906 2709 1025 2759 cap.
1049 2699 1099 2743 9.
1126 2694 1340 2759 hujusce

267 2770 461 2835 libro:
497 2779 552 2821 et
573 2773 806 2836 quamvis
830 2786 931 2824 non
970 2771 1037 2821 de
1074 2772 1192 2836 lege
1223 2785 1341 2835 pro-

272 2849 573 2915 mulganda,
603 2850 694 2899 sed
732 2850 796 2899 de
838 2848 1203 2900 continuandis
1228 2855 1341 2898 tan-

276 2936 391 2977 tum
430 2928 651 2977 tribunis
692 2942 829 2977 nunc
864 2936 1129 2993 ageretur,
1163 2928 1342 2976 horum

274 3012 452 3054 tamen
494 3003 835 3054 refectionem
875 3003 1091 3069 gradum
1128 3015 1239 3051 esse
1275 3002 1340 3051 ad

271 3082 445 3144 legem
470 3080 890 3145 promulgandam
929 3080 1169 3130 consules
1200 3079 1342 3129 vide-

272 3158 421 3207 bant.
488 3149 618 3209 'ldeo
639 3158 734 3207 bac
757 3157 825 3208 de
849 3172 907 3208 re
930 3156 1117 3208 merito
1137 3156 1339 3207 labora-

274 3233 421 3286 bant.

341 3314 366 3345 ¹¹
404 3312 603 3375 Census,
639 3325 717 3361 res
747 3312 906 3374 priore
947 3327 1069 3361 anno
1099 3308 1343 3373 inchoata]

277 3388 563 3439 Inchoatus
588 3403 619 3437 a
650 3387 929 3452 superioris
969 3388 1091 3436 anni
1122 3387 1344 3436 consuli·

278 3467 382 3517 bus
424 3481 629 3517 census.
699 3464 784 3515 An
826 3472 882 3515 et
922 3470 1042 3528 post
1084 3476 1344 3526 compres-

280 3562 396 3597 sum
442 3538 719 3597 tumultum
761 3561 792 3595 a
836 3544 1058 3596 Claudio
1100 3547 1345 3606 peractus

279 3623 461 3692 fuerit,
496 3621 635 3688 quod
677 3622 908 3672 Gronov.
952 3620 1236 3669 arbitratur
1280 3616 1345 3666 ad

279 3715 400 3763 cap.
435 3705 518 3751 20.
556 3706 639 3750 est
670 3699 808 3766 quod
846 3697 1155 3762 ambigatur.
1221 3696 1346 3745 Per-

279 3785 407 3829 acto
428 3779 621 3843 quippe
658 3791 815 3826 censu
850 3777 1070 3826 lustrum
1101 3773 1216 3824 fieri
1238 3788 1349 3823 mos

180 3881 190 3890 =
279 3861 420 3920 erat,
438 3854 514 3904 uti
537 3854 691 3912 docet
724 3851 955 3915 inprimis
977 3835 1244 3901 Halicarn.
1258 3849 1349 3899 lib.

280 3947 371 3985 ιν.
394 3931 531 3996 quod
565 3945 702 3981 nune
739 3944 941 3995 quoque
976 3929 1237 3986 conditum
1271 3928 1349 3977 in-

280 4012 398 4060 nuit
441 4010 541 4059 hoc
582 4009 700 4059 loco
743 4009 957 4059 Livius:
1007 4013 1162 4056 antea
1202 4004 1351 4069 hujus

285 4101 475 4137 census
510 4100 669 4148 causa
701 4084 964 4136 eonditum
1002 4082 1215 4148 negavit
1235 4095 1351 4146 cap.

286 4168 380 4272 22²2
416 4240 565 4302 quue
586 4241 785 4288 lustrum
806 4236 864 4287 ab
896 4237 1083 4301 origine
1117 4236 1245 4287 urbis
1265 4236 1345 4285 de-

420 4320 601 4383 Delph.
621 4326 668 4371 et
701 4320 818 4371 ναν.
838 4321 969 4370 Clas.

1300 4313 1484 4365 Livius.

1411 2464 1465 2515 id
1489 2473 1587 2526 est,
1606 2469 1719 2514 200.
1743 2462 1810 2514 ab
1843 2461 1989 2534 Urbe
2012 2460 2242 2520 condita,
2277 2462 2377 2512 boe
2401 2464 2477 2512 in·

1411 2540 1653 2593 stitutum
1673 2539 1892 2603 coepisse
1909 2538 2174 2601 probabile
2196 2545 2304 2589 est:
2329 2538 2396 2588 ab
2415 2553 2478 2588 eo

1415 2623 1655 2680 tempore
1689 2616 1754 2666 ad
1790 2617 1924 2665 hune
1955 2615 2276 2666 consulatum
2314 2614 2479 2665 fluxe-

1416 2703 1539 2743 runt
1578 2694 1699 2744 anni
1742 2707 1873 2764 xcv.
1918 2694 2057 2742 intra
2091 2706 2221 2756 quos
2258 2700 2479 2756 potuere

1415 2774 1581 2823 lustra
1606 2772 1929 2838 undeviginti
1967 2787 2057 2835 per
2090 2772 2307 2821 totidem
2330 2772 2478 2837 quin-

1409 2852 1644 2915 quennia
1673 2850 1845 2902 condi.
1912 2850 2019 2900 Hic
2049 2849 2262 2915 *quidem
2304 2863 2413 2897 mos
2448 2864 2479 2898 a

1417 2928 1721 2979 censoribus
1774 2928 2099 2991 plerumque,
2148 2939 2249 2974 nou
2307 2930 2478 2975 tamen

1417 3014 1676 3069 perpetuo
1697 3011 1928 3055 servatus
1949 3009 2051 3065 est,
2070 3008 2129 3051 ut
2149 3003 2327 3067 quinto
2355 3014 2481 3066 quo-

1417 3099 1521 3148 que
1544 3097 1678 3132 anno
1701 3083 1916 3132 lustrum
1939 3078 2285 3131 conderetur:
2322 3087 2481 3144 atque

1416 3160 1535 3211 hinc
1552 3158 1750 3211 factum
1776 3167 1832 3209 ut
1853 3159 2069 3208 lustrum
2087 3171 2182 3221 pro
2198 3156 2482 3222 quinquen-

1417 3238 1523 3287 nali
1537 3237 1707 3306 spatio
1726 3242 1972 3285 sumatur.
2026 3232 2101 3283 At
2121 3233 2361 3284 censores
2379 3247 2482 3283 non

1419 3314 1517 3363 nisi
1542 3313 1746 3363 decimo
1779 3321 1931 3361 sexto
1965 3316 2082 3373 post
2119 3311 2211 3360 bos
2248 3309 2483 3360 consules

1420 3388 1556 3439 anno
1576 3389 1742 3439 creati
1765 3392 1885 3436 sunt
1905 3403 1919 3435 ε
1955 3387 2051 3435 hoc
2073 3386 2252 3448 itaque
2268 3396 2484 3433 munere

1422 3466 1659 3517 consules
1681 3462 1848 3514 adhue
1873 3461 2244 3525 fungebantur,
2265 3460 2353 3524 qui
2380 3473 2482 3509 non

1422 3532 1766 3593 ita‘accurate
1787 3538 1984 3603 agendo
2003 3536 2184 3586 censui
2208 3535 2482 3599 vacabant,

1424 3619 1538 3669 aliis
1551 3614 1978 3680 occupationibus
1996 3613 2265 3663 abstracti.
2288 3612 2484 3661 Mirum

1424 3702 1597 3746 tamen
1634 3694 1685 3743 in
1725 3689 2054 3741 recensendis
2089 3688 2348 3753 prioribus
2380 3688 2489 3736 lus·

1425 3773 1522 3823 tris
1577 3767 2001 3834 negligentiorem
2052 3764 2209 3813 fuisse
2262 3762 2485 3814 Livium.

1427 3850 1565 3903 Quin
1597 3857 1705 3898 tum
1747 3859 1879 3894 anno
1901 3842 1969 3892 U.
1992 3839 2052 3892 C.
2075 3844 2187 3891 245.
2220 3838 2394 3889 statim
2417 3838 2484 3889 ab

1426 3926 1625 3976 exactis
1650 3920 1872 3987 regibus,
1891 3925 2114 3978 sextum,
2133 3932 2216 3968 an.
2237 3920 2350 3967 255.
2367 3931 2485 3979 sep-

1428 4004 1627 4064 timum,
1650 4014 1734 4049 an.
1748 4002 1864 4047 260.
1883 4003 2146 4057 octavum,
2166 3996 2376 4042 an.279.
2392 4008 2485 4041 no-

1426 4096 1548 4130 num
1573 4078 1720 4142 cujus
1744 4075 1919 4125 Livius
1943 4071 2192 4134 meminit,
2215 4084 2347 4119 anno
2369 4072 2484 4119 288.

1421 4173 1493 4208 ex
1515 4153 1770 4218 Dionysio
1792 4150 2000 4214 collegit
2023 4148 2284 4213 Sigonius.
2339 4144 2483 4197 Qua-

1429 4241 1548 4283 tnor
1570 4232 1738 4297 prima
1758 4232 1924 4281 lustra
1938 4228 2003 4279 ab
2025 4228 2136 4293 ipso
2159 4224 2342 4276 Servio
2361 4236 2482 4271 eon-

2247 4297 2356 4351 ΞΤ
