3034 4925
1040 396 1185 448 mn.
1231 398 1347 449 ιιι.
1393 399 1559 447 ose.
1600 381 1708 448 66.
2342 381 2475 450 676

290 543 404 608 nio
432 542 771 610 habuisse.
860 541 1176 606 Seniores
1228 548 1461 607 contra
1507 543 1806 619 Patrum,
1846 547 1920 605 ut
1969 540 2165 606 nimis
2209 536 2479 606 feroces

291 664 452 709 suos
484 644 747 709 credere
768 641 1051 727 juvenes
1080 663 1265 726 esse;
1310 645 1409 708 ita
1434 645 1652 721 malle,
1689 645 1748 708 si
1777 642 2017 708 modus
2048 642 2471 707 excedendus

287 752 510 823 essetf
543 746 704 822 suiS,
767 765 970 830 quam
1014 742 1442 824 adversariiS‚
1505 766 1855 830 superesse
1916 748 2195 810 animos.
2261 743 2473 810 Adeo

288 846 659 912 moderatio
693 847 956 913 tuendae
995 848 1366 927 libertatiS‚¹
1408 850 1567 914 dum
1599 850 1855 932 aequari
1884 847 2054 912 velle
2086 847 2471 911 simulando

257 948 387 1014 =ita
430 967 508 1012 se
551 949 837 1032 quisque
880 949 1167 1026 extollit,
1212 958 1290 1014 ut
1332 950 1656 1034 deprimat
1681 949 2021 1026 alium‚·in
2050 948 2306 1014 difficili
2336 954 2472 1014 est:

288 1044 727 1135 cavendoque
758 1070 840 1114 ne
871 1058 1165 1115 metuant
1206 1053 1527 1130 homines,
1575 1052 1958 1117 metuendos
2011 1053 2179 1117 ultro
2223 1070 2298 1116 se
2337 1049 2481 1115 effi-·

289 1151 508 1216 ciunt:
554 1160 625 1217 et
667 1152 970 1236 injuriam
1016 1174 1060 1218 a
1098 1155 1290 1218 nobis
1334 1156 1698 1239 repulsam,
1742 1164 2058 1240 tauquam
2105 1160 2223 1219 aut
2255 1154 2475 1218 facere

290 1260 416 1317 aut·
436 1254 582 1336 pati
611 1273 886 1318 necesse
907 1254 1017 1325 sit,
1044 1255 1448 1338 injungimus
1479 1257 1660 1321 aliis·

377 1353 486 1419 66.
547 1356 631 1421 Τ.
676 1355 989 1433 Quintius
1042 1355 1465 1448 Capitolinus
1525 1366 1840 1442 quartum
1883 1366 1947 1424 et
1990 1348 2296 1442 Agrippa
2348 1356 2478 1420 Fu-

290 1458 451 1535 riu3‚
496 1458 810 1522 consules
856 1457 1008 1522 inde
1054 1458 1272 1538 sacti?
1315 1480 1438 1525 nec
1485 1462 1877 1527 seditionem
1907 1462 2110 1533 domi,
2159 1480 2284 1524 nec
2313 1458 2477 1522 foris
2536 1453 2548 1461 ’

288 1560 559 1637 bellum,
602 1566 1043 1644 acceperunt:
1088 1562 1206 1626 sed
1251 1563 1637 1630 imminebat
1678 1571 2049 1648 utrumque.
2136 1562 2297 1627 Jam
2322 1575 2478 1625 ‘non

289 1663 464 1727 ultra
505 1661 846 1728 discordia
883 1663 1129 1728 civium
1159 1665 1426 1747 reprimi
1451 1670 1732 1749 poterat,
1778 1673 1850 1729 et
1883 1666 2162 1730 tribunis
2191 1668 2254 1727 et
2278 1663 2476 1747 plebe

289 1764 576 1829 incitata
620 1765 687 1829 in
735 1765 998 1842 Patres»,
1038 1785 1189 1829 cum
1238 1765 1385 1830 dies
1437 1767 1642 1831 alicui
1688 1767 2003 1831 nobilium
2050 1766 2232 1831 dicta
2283 1762 2480 1827 novis

292 1885 554 1950 semper
574 1868 1039 1932 certaminibus
1064 1868 1416 1931 conciones
1445 1868 1753 1932 turbaret.
1827 1866 1939 1931 Ad
1964 1887 2245 1952 quarum
2267 1874 2314 1904 ¹¹
2349 1865 2481 1948 pri-

289 1988 472 2033 mum
504 1970 872 2052 strepitum,
909 1968 1091 2033 velut
1118 1968 1310 2049 signo
1331 1976 1634 2052 accepto,
1663 1988 1851 2033 arma
1889 1988 2126 2052 cepere
2158 1967 2368 2049 AEqui
2398 1982 2478 2027 ac

293 2068 574 2136 Volsci:
623 2071 823 2154 simul
868 2069 1047 2154 quod
1100 2075 1559 2151 persuaserant
1599 2069 1688 2133 iis
1735 2068 1966 2145 duce3‚
2023 2067 2250 2151 cupidi
2307 2084 2483 2149 prae·

292 2171 556 2250 darum,·
574 2174 836 2237 biennio
861 2178 1012 2237 ante
1042 2172 1372 2236 delectum
1401 2170 1727 2237 indictum
1752 2171 1979 2235 haberi
2003 2188 2133 2234 non
2156 2169 2481 2253 potuisse,

294 2268 624 2341 abnuente
641 2276 788 2360 jam
819 2276 1017 2359 plebe
1044 2273 1415 2357 imperium.
1502 2279 1524 2308 ‘
1555 2274 1658 2338 Eo
1705 2274 2032 2339 adversus
2063 2294 2134 2337 se
2161 2292 2290 2336 non
2322 2289 2478 2335 esse

293 2376 930 2443 missosexercitus.
1019 2376 1318 2441 Dissolvi
1352 2376 1622 2442 licentia
1645 2377 1972 2441 militandi
1996 2394 2261 2440 morem.
2330 2371 2480 2436 Nec

209 2542 228 2547 -
295 2499 420 2564 pro
459 2482 795 2545 communi
820 2481 966 2565 jam
1003 2481 1217 2565 patria
1262 2478 1550 2544 Romam
1588 2500 1760 2546 esse.
1850 2479 2196 2563 Quicquid
2241 2478 2484 2541 irarum

295 2581 835 2667 simultatumque
863 2603 1017 2648 cum
1051 2583 1345 2648 externis
1388 2581 1614 2661 fuerit,
1658 2584 1727 2647 in
1755 2583 1945 2667 ipsos
1975 2583 2161 2647 verti.
2248 2578 2484 2645 Occae·

296 2690 490 2750 catos
518 2687 759 2769 lupos¹
801 2686 1115 2751 intestina
1156 2685 1346 2750 rabie
1389 2685 1805 2769 opprimendi
1835 2686 2264 2752 occasionem
2292 2677 2489 2747 esse?

297 2785 694 2873 ConJunctis
747 2788 1153 2853 exercitibus
1214 2787 1533 2853 Latinum
1594 2789 1880 2872 primum
1947 2807 2177 2870 agrum
2239 2802 2485 2869 perpo-

300 2891 518 2973 pulati
539 2899 592 2930 ¹²
636 2898 830 2958 sunt:
876 2891 1140 2969 deinde,
1178 2902 1544 2976 postquam
1589 2891 1686 2956 ibi
1729 2910 1918 2955 nemo
1960 2889 2211 2954 vindex
2255 2904 2495 2951 occure

296 2994 504 3072 rebat,
548 3000 688 3059 tum
733 3013 919 3072 vero,
952 2993 1418 3058 exultantibus
1464 2993 1621 3058 belli
1667 2992 2072 3068 auctoribus,
2117 2989 2205 3054 ad
2235 2987 2491 3052 moenia‘

298 3096 456 3180 ipsa
484 3096 725 3162 Romae
756 3095 1221 3181 populabundi
1251 3097 1520 3180 regione
1545 3100 1756 3181 portae
1803 3093 2174 3181 Esquilinae
2193 3099 2217 3128 ⁸
2260 3107 2493 3156 acces-

362 3257 390 3282 ³
425 3249 695 3300 Moderatio
715 3249 768 3299 in
789 3248 1006 3300 libertate
1024 3249 1214 3298 eman.

1214 3356 1513 3380 mOoml
1517 3357 1579 3378 ‘O

366 3446 427 3492 11
463 3443 570 3493 Pro
592 3441 674 3493 Aa
703 3456 899 3506 quarum
920 3441 1066 3492 malit
1089 3441 1322 3494 Crevier.
1362 3441 1444 3491 Aa
1464 3441 1808 3505 quierntne-12
1843 3436 2071 3500 Populati
2091 3436 2324 3486 Gronov.
2344 3435 2493 3484 Dou-

1283 3553 1501 3604 Nove:

301 3652 395 3703 sed
440 3652 646 3703 nomine
699 3658 921 3716 tantum,
971 3649 1203 3702 tribunos
1245 3651 1356 3701 sire
1434 3644 1595 3700 facta.

301 3728 534 3779 vindices
556 3726 736 3780 fuisse.
1498 3733 1521 3757 ⁸
1552 3721 1772 3785 Region
1807 3724 1962 3784 portae
2004 3715 2291 3782 Esquiline]
2325 3718 2493 3768 Porta

368 3804 393 3829 ·
430 3804 496 3855 A.
520 3805 589 3856 u,
608 3805 669 3857 o.
691 3809 806 3855 zos.
1108 3792 1134 3853 .“
1436 3800 1709 3864 Esquilina
1740 3796 1805 3846 ab
1833 3794 2074 3859 Esquiliis
2095 3792 2270 3843 dictae
2295 3807 2354 3842 ea
2376 3799 2493 3843 erat

367 3889 391 3925 5
429 3883 699 3933 Occoeoatos
728 3879 883 3945 lupos]
906 3901 914 3908 ·
938 3878 1064 3928 Dari
1092 3893 1231 3929 nunc
1251 3877 1356 3929 aie-
1436 3889 1541 3940 qua
1552 3876 1828 3930 Proeneste
1839 3881 1896 3921 et
1910 3871 2109 3920 Gabios
2123 3869 2312 3919 ibatur.
2336 3869 2492 3920 Clau-

299 3958 432 4010 bant
470 3959 772 4021 proeclaram
815 3954 1137 4006 occasionem
1167 3953 1357 4026 ‘oppri-
1435 3966 1544 4002 sam
1582 3950 1736 4001 hodie
1775 3946 1997 3998 affirmat
2027 3947 2171 3996 Fam.
2206 3945 2493 4009 Nar-diuus,¹

300 4034 481 4085 mendi
502 4034 779 4094 Romanos,
809 4033 896 4096 qui
928 4031 1164 4095 luporum
1196 4030 1357 4080 instar
1434 4030 1688 4103 situmque
1721 4024 1879 4075 fuisse
1918 4025 2054 4073 iuter
2085 4022 2315 4085 Portam,
2337 4037 2497 4087 quam

302 4110 445 4161 rabie
464 4110 715 4160 excecati
735 4115 911 4158 mutuo
933 4106 1171 4157 saeviant.
1205 4107 1355 4157 Com·
1436 4105 1693 4169 Majorem
1721 4108 1926 4167 vocant,
1951 4108 2008 4151 et
2028 4113 2138 4152 eam
2161 4116 2276 4165 que
2299 4100 2489 4152 dicitur

304 4193 554 4251 parantur
577 4185 790 4234 Romani
820 4184 953 4247 lupia
985 4183 1194 4245 saepius,
1227 4184 1353 4233 allu-
1432 4181 1489 4232 S.
1515 4177 1798 4232 Laurentii.

303 4264 446 4316 tione
494 4263 560 4314 ad
614 4262 810 4328 Lupum
867 4260 1099 4313 altricem
1154 4260 1355 4312 Romuli
