3034 4925
586 364 716 431 396
1512 371 1581 423 τ.
1632 374 1816 425 mvn

586 537 910 600 concur-'sn
958 530 1291 597 hominnm
1334 527 1481 593 rixa
1513 548 1595 594 ac
1625 548 1836 614 prope
1878 527 2184 614 praelinm
2210 526 2378 609 fnit3
2421 545 2752 612 parvaque

585 656 674 702 ex
697 656 770 701 re
800 634 886 701 ad
915 633 1331 700 rebellionem
1354 638 1658 715 spectare
1676 650 1779 696 res
1802 630 2197 697 videbatur.⁸
2217 640 2244 678 ⁸
2309 629 2572 714 Supra⁹
2599 629 2752 694 belli

585 731 812 804 Latini
833 745 884 775 ¹0
923 743 1162 801 metum
1185 730 1211 769 ⁵
1257 732 1326 797 id
1359 752 1622 817 quoque
1653 741 2054 811 accesserat,
2105 733 2286 819 qnod
2314 733 2584 816 triginta
2620 732 2752 815 jam

585 840 972 925 conjurasse
1023 838 1332 922 populoS,
1409 837 1791 903 concitante
1855 835 2144 903 Octavio
2202 834 2539 913 Mamilio,
2599 834 2753 900 satis

586 942 955 1009 constabat.
1041 939 1121 1004 In
1166 940 1295 1004 hac
1343 944 1670 1005 tantarum
1722 939 2195 1024 expectatione
2240 958 2456 1004 rerum
2502 936 2758 1003 solicita

586 1043 882 1118 civitate,
914 1041 1251 1108 dictatoris
1282 1041 1566 1129 primum
1598 1043 1874 1108 creandi
1907 1042 2155 1108 mentio
2183 1037 2370 1107 orta.¹
2461 1040 2602 1106 Sed
2644 1055 2756 1102 nec

1458 1223 1463 1230 ,
1493 1203 1851 1227 OmmOO‘OO

581 1306 843 1370 videbatur,
863 1305 1019 1374 (idem
1044 1308 1178 1372 conj.
1197 1306 1359 1357 Drak.
1383 1312 1436 1356 et
1460 1306 1511 1356 in
1533 1307 1834 1372 quibusdam
1849 1309 1979 1359 Mss.
2010 1323 2242 1375 parvaque
2261 1321 2325 1357 ex
2343 1322 2396 1356 re
2412 1321 2491 1356 res
2509 1308 2578 1355 ad
2598 1320 2643 1354 r.
2662 1320 2701 1353 s.
2719 1319 2759 1354 a.

584 1371 800 1437 legitur)
822 1374 905 1423 vel
938 1388 1172 1437 paruaque
1204 1374 1268 1423 ad
1297 1372 1592 1422 rebellionem
1611 1388 1683 1437 sp.
1705 1389 1782 1424 res
1799 1374 2075 1425 videbatur.-
2107 1374 2206 1424 nisi
2228 1373 2376 1423 malis
2397 1386 2515 1422 cnm
2541 1372 2760 1422 Gronov.

578 1452 814 1501 parvaque
834 1453 896 1488 ex
915 1454 968 1488 re
989 1441 1051 1487 ad
1070 1438 1168 1488 reb.
1190 1453 1261 1500 sp.
1289 1437 1584 1499 videbantur,
1603 1452 1675 1490 sc.
1696 1438 1892 1502 Sabini,
1915 1448 1975 1490 ut
1996 1454 2085 1491 χι..
2103 1443 2149 1489 1.
2195 1437 2462 1502 Repetitio
2482 1444 2636 1487 certe
2657 1449 2757 1485 voc.

581 1516 660 1551 res
697 1510 940 1566 suspecta
974 1504 1158 1552 merito
1197 1502 1296 1551 fuit
1333 1509 1387 1551 et
1427 1503 1655 1555 Gronov.
1692 1512 1802 1553 tum
1839 1505 1891 1554 h.
1927 1506 1963 1557 l.
2003 1513 2110 1556 tum
2146 1516 2304 1555 xxix.
2326 1508 2372 1553 6.
2410 1506 2660 1552 xxxa.
2690 1514 2759 1565 pr.

583 1579 782 1616 xxxix.
824 1571 902 1619 18.
941 1581 1037 1616 nee
1074 1582 1193 1631 non,
1231 1566 1328 1616 etsi
1361 1567 1545 1629 minus,
1572 1582 1659 1618 m.
1678 1572 1760 1619 88.
1785 1576 1839 1620 et
1864 1584 1939 1621 vr.
1958 1574 2040 1623 42.
2102 1569 2301 1633 Saepius
2323 1581 2528 1633 quoqne
2555 1567 2614 1616 in
2635 1568 2759 1629 vulg.

556 1631 727 1698 ,libris
750 1630 896 1680 Livio
919 1632 1146 1687 obtrusa,
1170 1646 1223 1682 v.
1247 1646 1293 1682 c.
1322 1646 1373 1682 ν.
1398 1636 1478 1682 12.
1512 1646 1653 1683 xxV.
1683 1633 1786 1684 233
1819 1635 2019 1700 Rupere.
2062 1635 2182 1685 Vid.
2208 1635 2333 1684 Not.
2353 1634 2588 1683 Van-9

583 1709 679 1758 pro
712 1710 855 1759 supra
889 1698 1013 1761 legit
1055 1697 1440 1746 Dukernse-lo
1473 1700 1489 1727 ‘
1512 1698 1751 1749 Dukerns
1793 1713 1886 1764 pro
1923 1701 2031 1750 belli
2052 1699 2222 1750 Latin&
2242 1698 2516 1762 legendnm
2542 1695 2757 1746 fortasse

583 1761 959 1824 mopicabatur,
994 1761 1103 1811 beni
1130 1761 1299 1811 Sabini
1312 1779 1333 1821 ‚·
1362 1776 1460 1811 nec
1489 1770 1572 1813 est
1621 1779 1736 1814 eum
1761 1778 1845 1816 res
1867 1766 1977 1828 ipsa
1997 1766 2405 1815 emendationem
2430 1763 2662 1826 aliquam
2681 1758 2761 1809 fla·

583 1826 739 1942 θεῖε
771 1840 902 1941 ες..
914 1826 1220 1943 ‘agam
1228 1800 2761 1962 uxamia:;.¹.²:².².2¹¹;:¹10....1.0···”entra-...Qasr

735 1925 750 1942 ·
1549 1930 1564 1958 ν
2227 1931 2243 1959 2
2389 1931 2396 1936 ·

1572 2041 1620 2091 N
1629 2041 1787 2093 01*AE

581 2149 670 2184 rus
715 2134 949 2187 referunt
984 2136 1050 2187 ad
1087 2137 1392 2202 prostibula,
1426 2153 1543 2204 quar
1580 2139 1635 2188 in
1713 2140 1978 2204 Romanis,
2017 2153 2143 2204 quos
2176 2138 2244 2191 ad
2277 2137 2572 2200 consilium,
2610 2137 2760 2187 utiex

581 2224 734 2260 scena
759 2212 1174 2275 publicabuntur.
1240 2214 1480 2264 Nondum
1500 2216 1635 2265 enim
1714 2213 1909 2264 foedere
1952 2216 2279 2271 tenebantur,
2318 2229 2416 2265 non
2449 2226 2761 2263 convocave-

580 2288 774 2339 scenici
793 2289 881 2338 ulli
898 2289 1036 2353 apud
1051 2290 1306 2340 Romanos
1321 2289 1450 2351 ludi,
1461 2305 1636 2355 quem-

579 2362 854 2414 admodum
876 2364 1114 2416 observat
1137 2365 1414 2417 Gruterus.
1479 2366 1637 2417 Frus-

580 2448 664 2491 tra
684 2440 795 2505 ipse
820 2442 1107 2494 consulibus
1125 2456 1239 2494 esse
1255 2443 1522 2508 proposita
1542 2443 1637 2496 fin-

580 2519 659 2583 git
680 2519 800 2569 vilia
817 2529 989 2571 scorta
1003 2521 1176 2571 colore
1191 2520 1352 2571 vestis
1369 2521 1636 2587 notabilia,

579 2609 698 2657 quoe
723 2603 841 2658 post
875 2595 1021 2646 ludos
1055 2605 1362 2660 raperentur
1394 2613 1424 2646 a
1447 2597 1638 2662 juven·

581 2677 694 2721 tute
719 2670 910 2737 absque
945 2672 1192 2723 ulteriore
1230 2672 1436 2738 injuria,
1459 2674 1509 2723 in
1534 2689 1638 2726 me·

578 2747 793 2798 moriam
818 2755 997 2812 raptus
1019 2749 1340 2800 Sabinarum.
1384 2751 1533 2802 Nihil
1551 2752 1636 2803 hie

578 2823 809 2886 solenne,
832 2824 921 2874 sed
948 2824 1208 2875 lasciviam
1224 2840 1415 2877 meram
1434 2828 1637 2878 narrari

579 2911 695 2948 curn
720 2899 951 2950 Gronov.
972 2909 1120 2965 puto.

643 2983 670 3018 ⁸
702 2975 928 3038 Spectat-e
967 2993 1044 3028 res
1078 2978 1348 3042 videbunw]
1379 2980 1636 3046 Suspecta

580 3057 664 3100 est
681 3051 849 3102 eidem
874 3053 1136 3105 Gronovio
1159 3057 1398 3119 repetitio
1416 3060 1634 3109 nominis

578 3141 690 3197 res.-
733 3127 868 3190 quod
901 3129 1121 3188 dicatur,
1146 3146 1388 3197 paruaque
1415 3151 1478 3185 ex
1498 3151 1552 3187 re
1570 3138 1637 3187 ad

577 3200 874 3253 rebellionem
903 3211 1112 3269 spectare
1132 3222 1210 3257 res
1227 3208 1479 3260 videbatur
1493 3228 1512 3262 .-
1546 3212 1635 3262 ad·

569 3277 691 3341 jicit
728 3279 844 3330 loca
870 3281 1005 3331 Livii
1031 3282 1134 3332 alia
1165 3284 1215 3332 in
1240 3284 1424 3349 quibus
1446 3301 1634 3339 eii-vox

578 3354 775 3405 nolenti
790 3353 1011 3406 Auctori
1028 3356 1237 3422 adjecta
1254 3361 1491 3413 videtur:
1516 3364 1637 3415 ideo

577 3432 775 3482 mavult
793 3435 857 3483 ad
875 3434 1169 3487 rebellionem
1185 3444 1397 3501 spectare
1415 3442 1635 3493 videbun·

576 3512 676 3560 tar.
741 3511 934 3562 Verum
967 3520 1022 3564 et
1050 3514 1244 3566 Noster
1278 3517 1370 3567 bas
1391 3519 1634 3572 minutias

579 3598 935 3649 sepenumero
973 3591 1192 3653 spernit,
1233 3599 1291 3642 et
1323 3593 1512 3645 similes
1549 3611 1632 3646 vo-

579 3672 694 3709 cum
747 3662 1057 3714 iterationes
1107 3666 1365 3733 Ciceroni,
1421 3670 1634 3728 Caesari,

581 3736 713 3814 aliis,
730 3753 831 3790 non
850 3739 964 3792 sine
991 3742 1164 3807 aliqua
1184 3746 1453 3811 elegantia
1476 3745 1634 3799 affec·

580 3812 797 3876 tatione,
818 3825 1150 3880 usurpantur.
1260 3840 1267 3849 ·

646 3885 686 3929 ἢ»
704 3888 863 3952 Supra
881 3892 990 3942 belli
1003 3893 1173 3944 Latini
1193 3896 1391 3961 metum]
1410 3899 1489 3947 Ex
1509 3900 1634 3950 Dio-

582 3962 747 4024 nysio,
782 3968 871 4028 qni
897 3967 1130 4021 Auctore
1169 3982 1345 4023 nostro
1367 3975 1420 4024 in
1449 3975 1527 4025 bis
1550 3990 1638 4027 ac·

584 4037 831 4101 curatior,
873 4041 1116 4097 discimus
1168 4050 1389 4114 populos
1426 4052 1637 4105 Latine-

582 4127 716 4170 rum,
752 4118 1048 4171 concitante
1086 4124 1336 4191 Mamilio,
1373 4127 1638 4193 Tarquinii

558 4197 569 4201 ·
583 4192 723 4255 regis
747 4206 955 4259 genere,
973 4197 1302 4273 Ferentinum
1318 4202 1412 4269 (de
1427 4218 1531 4269 quo
1547 4206 1644 4258 lib.-

584 4281 625 4316 1.
647 4281 694 4318 e.
713 4268 823 4334 6⁰.)
856 4273 1192 4327 convenisse:
1230 4277 1639 4347 absentibusque

1712 2297 1851 2354 rant,
1875 2291 2062 2343 bellum
2083 2292 2330 2343 adversus
2346 2305 2432 2341 ees
2449 2291 2762 2340 decrevisse.

1712 2367 1790 2418 Hi
1809 2382 1929 2433 ergo
1963 2368 2176 2432 triginta
2207 2368 2382 2433 populi
2409 2367 2638 2418 totidem
2660 2371 2768 2415 suat

1711 2445 1970 2511 civitates,
1993 2447 2102 2497 sive
2125 2445 2344 2511 oppida=
2370 2459 2538 2510 neque
2560 2443 2620 2494 id
2638 2457 2766 2508 οηπι

1710 2520 1821 2572 boui
1867 2522 2034 2574 Latini
2088 2529 2261 2574 metum
2308 2526 2583 2578 accesserat,
2639 2520 2765 2586 qnasi

1709 2599 1820 2649 baee
1843 2614 1925 2650 res
1960 2614 1991 2650 a
2026 2600 2197 2650 Latini
2235 2599 2358 2650 beni
2378 2599 2683 2662 suspicione
2700 2596 2765 2646 di-

1712 2690 1913 2727 versum
1955 2677 2078 2743 quid
2124 2684 2278 2734 esset,
2319 2673 2497 2742 (erent
2540 2676 2684 2724 enim
2718 2673 2763 2723 bi

1709 2766 1886 2802 omnes
1921 2753 2098 2818 populi
2134 2751 2350 2818 Latini‚)
2382 2752 2474 2802 sed
2514 2750 2579 2801 ad
2603 2750 2760 2814 suspi-

1709 2829 1906 2880 cionem
1930 2837 2220 2882 accesserat
2243 2838 2387 2880 certa
2420 2828 2610 2880 notitia
2654 2841 2764 2878 eon·

1707 2905 2024 2969 spirationis,
2045 2907 2128 2957 cni
2167 2906 2308 2956 color
2339 2904 2588 2969 quaesitns
2616 2919 2685 2954 ex
2707 2916 2763 2952 eo

1708 2980 1845 3046 qnod
1872 2981 2089 3032 Romani
2124 2983 2398 3044 Etruscos,
2429 2979 2618 3031 Aricia
2646 2980 2761 3029 tius-

1710 3063 1791 3106 tra
1844 3057 2053 3108 obsessa
2092 3058 2345 3122 repulsos,
2387 3053 2665 3119 fovissent,
2700 3066 2759 3103 ex

1709 3132 1974 3197 Dionysio.
2064 3132 2198 3185 Quia
2225 3139 2397 3183 tamen
2421 3131 2533 3182 baec
2553 3132 2661 3181 loci
2679 3131 2764 3179 bn·

1699 3208 1788 3272 jus
1809 3209 2173 3273 interpretatio
2201 3222 2308 3259 non
2348 3222 2558 3273 prorsus
2596 3206 2762 3256 amba·

1712 3285 1860 3350 gibus
1898 3301 2077 3337 carere
2112 3285 2339 3350 videtur,
2368 3284 2575 3335 mallem
2614 3288 2762 3337 esset»

1707 3376 1849 3425 supra
1890 3362 2000 3412 belli
2050 3363 2221 3413 Sabini
2258 3367 2436 3412 netum
2458 3379 2475 3410 .·
2519 3360 2590 3410 sie
2635 3360 2760 3409 eni-

1709 3438 1868 3503 plana
1910 3439 2103 3504 omnia,
2136 3453 2235 3490 nec
2271 3452 2402 3503 opus
2439 3444 2578 3489 esset
2608 3436 2760 3486 inter·

1715 3515 2026 3579 pretatione.
2253 3529 2270 3535 “

1774 3593 1788 3626 ¹
1826 3593 2096 3644 Dictator-is
2123 3593 2334 3658 privatam
2364 3591 2562 3643 creandi
2600 3587 2761 3639 nenti·

1715 3671 1844 3734 ortu]
1880 3670 2080 3720 Mentio
2102 3670 2312 3735 quidem
2335 3667 2480 3720 sacta
2502 3674 2609 3719 est:
2646 3680 2760 3717 non·

1716 3747 1836 3796 dnm
1883 3754 2056 3796 tamen
2090 3760 2271 3797 revera
2316 3754 2526 3797 creatus
2563 3751 2644 3794 est
2672 3745 2762 3792 boc

1717 3836 1849 3873 anno
1869 3822 2131 3888 dictator3
2156 3824 2246 3872 sed
2266 3823 2494 3873 triennio
2515 3827 2649 3887 post,
2670 3817 2760 3868 nisi

1715 3895 1916 3949 fallitur
1971 3898 2275 3962 Dionysius.
2342 3897 2449 3948 Hic
2506 3895 2760 3947 dictatoris

1715 3990 1901 4026 nomen
1926 3977 2186 4028 Romanos
2209 3975 2277 4026 ab
2298 3974 2516 4026 Albanis
2531 3974 2759 4024 sumsisse

1717 4052 1889 4114 docet,
1901 4052 1987 4117 qui
2003 4059 2120 4117 post
2133 4052 2483 4113 Numitorem,
2498 4051 2760 4102 deficiente

1718 4130 1860 4192 regia
1892 4131 2072 4193 stirpe,
2109 4143 2359 4179 summum
2391 4128 2655 4193 imperinm
2677 4139 2759 4175 aa·

1716 4219 1819 4257 nuo
1838 4206 2161 4271 magistratui
2183 4204 2279 4256 sub
2298 4219 2363 4255 eo
2386 4206 2540 4256 titulo
2559 4202 2758 4256 manda·

1718 4284 1907 4336 verint.
1975 4285 2193 4336 Causam
2227 4282 2449 4336 nominis
2483 4281 2618 4335 idem
2648 4283 2758 4345 pent
