3034 4925
515 322 649 390 682
1450 337 1519 384 T.
1566 335 1759 384 mvn

514 487 591 548 ut
623 483 835 567 signa,
864 500 947 547 eo
976 481 1134 565 ipso
1163 479 1271 546 die
1302 498 1346 545 a
1372 480 1829 564 quaestoribus
1858 497 1950 544 ex
1979 480 2219 545 aerario
2244 483 2515 562 promta
2543 478 2722 544 dela-

514 593 723 671 taque
750 586 823 651 in
850 593 1217 668 campum?
1258 589 1499 667 quarta
1528 575 1665 648 diei
1701 579 1916 648 liorad
1944 590 2129 648 mota
2148 602 2240 647 ex
2269 602 2523 667 campo
2552 584 2723 661 sint3

510 690 982 773 exercitusque
1032 707 1276 764 novuS,
1334 687 1574 772 paucis
1630 684 2022 752 cohortibus
2079 691 2380 751 veterum
2433 686 2724 750 militnm

517 793 862 862 voluntate
892 790 1357 875 sequentibuS,
1387 789 1707 855 manserit
1727 790 1814 854 ad
1846 790 2177 855 decimum
2204 788 2541 873 lapidem.
2614 789 2723 853 In·

515 911 808 978 sequens
848 894 992 959 dies
1041 895 1300 959 hostem
1341 895 1412 958 in
1460 900 1902 977 conspectum
1951 892 2161 971 dedit,
2216 898 2591 976 castraque
2639 892 2722 956 ad

513 994 919 1062 Corbionem
942 1004 965 1033 ·
1018 996 1268 1061 castris
1296 1001 1452 1061 sunt
1480 995 1865 1080 conjuncta.
1949 995 2179 1061 Tertio
2224 995 2364 1073 die,
2416 996 2583 1060 cum
2631 996 2725 1057 ira

512 1098 884 1177 Romanos,
925 1099 1106 1178 illos,
1136 1118 1289 1164 cum
1320 1099 1521 1166 toties
1551 1098 2012 1176 rebellassent,
2037 1097 2457 1163 conscientia
2504 1097 2724 1180 culpae

508 1219 591 1267 ac
622 1202 1003 1286 desperatio
1026 1202 1334 1281 irritaret,
1384 1220 1575 1266 mora
1605 1199 1967 1266 dimicandi
1991 1200 2173 1265 nulla
2200 1208 2306 1264 est
2334 1198 2554 1264 facta.

525 1323 530 1329 ·
588 1304 701 1369 70.
748 1304 831 1369 In
862 1307 1157 1371 exercitu
1208 1304 1520 1372 Romano
1569 1323 1722 1369 cum
1767 1303 1902 1369 duo
1945 1303 2264 1368 consules
2312 1307 2556 1367 essent
2606 1323 2726 1387 po-

503 1411 739 1472 testate
770 1410 912 1492 pari
939 1429 958 1491 3
1002 1409 1182 1493 quod
1212 1409 1708 1473 saluberrimum
1738 1408 1805 1472 in
1838 1406 2417 1473 administratione
2446 1426 2726 1488 magna-

501 1507 643 1574 r'um
667 1529 883 1576 rerum
915 1517 1048 1589 est,
1080 1530 1344 1576 summa
1371 1510 1668 1594 imperii,
1699 1508 2106 1578 concedente
2134 1505 2475 1591 Agrippa,
2514 1526 2724 1592 penes

500 1612 833 1695 collegam
877 1620 1057 1696 erat3
1105 1622 1176 1678 et
1212 1612 1538 1698 praelatus
1587 1613 1698 1679 ille
1757 1612 2065 1679 facilitati
2121 1610 2612 1676 summittentis
2655 1630 2725 1675 se

497 1713 779 1777 comiter
822 1714 1302 1797 respondebat,
1359 1715 1924 1780 communicando
1975 1714 2263 1779 consilia
2308 1712 2724 1798 laudesque,

498 1820 570 1879 et
595 1813 925 1898 oequando
945 1816 1268 1901 imparem
1292 1817 1450 1884 sibi.
1511 1813 1599 1882 In
1631 1817 1778 1883 acie
1802 1815 2120 1896 Quintius
2139 1817 2725 1894 dextrum'cornn,

493 1915 809 2001 Agrippa
840 1914 1189 1984 sinistrum
1217 1921 1472 1986 tenuit:
1519 1920 1641 2003 Sp.
1666 1918 2023 1985 Postumio
2053 1919 2240 1985 Albo
2263 1919 2489 2002 legato
2523 1917 2724 1983 datur

493 2019 717 2085 media
774 2014 966 2087 acies·
1019 2023 1315 2104 tuenda3
1358 2023 1656 2106 legatum
1709 2022 1992 2088 alterum
2048 2023 2196 2087 Ser.
2250 2020 2645 2104 Sulpicium
2669 2029 2725 2060 ¹⁰

495 2122 831 2205 equitibus
886 2125 1288 2209 praeficiunt.
1397 2116 1676 2192 Pedites
1737 2128 1824 2191 ab
1880 2126 2122 2191 dextro
2178 2144 2390 2190 cornu
2440 2125 2718 2207 egregie

494 2243 907 2307 pugnavere,
937 2227 1126 2293 haud
1159 2232 1452 2313 segniter
1487 2230 1960 2295 resistentibus
1991 2228 2294 2303 Volscis,
2387 2228 2540 2292 Ser.
2567 2223 2721 2292 Sul·

495 2323 721 2407 picius
749 2317 870 2411 per
898 2330 1195 2395 mediam
1238 2332 1538 2395 hostium
1583 2331 1799 2396 aciem
1831 2351 1979 2395 cum
2021 2330 2323 2414 equitatu
2375 2329 2716 2413 perrupit:

495 2426 670 2493 unde
698 2449 852 2496 cum
884 2432 1120 2499 eadem
1161 2435 1399 2501 reverti
1429 2441 1671 2519 posset
1701 2435 1788 2500 ad
1831 2454 2017 2513 suos,
2059 2432 2462 2517 priusquam
2495 2430 2717 2495 hostis

498 2531 807 2597 turbatos
836 2533 1106 2600 ordines
1132 2536 1452 2616 reficeret,
1498 2544 1686 2620 terga
1722 2539 2113 2622 impugnare
2145 2536 2445 2601 hostium
2494 2535 2714 2600 satius

498 2633 712 2696 visum
744 2642 887 2700 est:
932 2644 1396 2722 momentoque
1445 2639 1794 2723 temporiS,
1845 2641 1915 2703 in
1962 2658 2265 2704 aversam
2299 2637 2708 2702 incursando

501 2732 736 2811 aciem,
766 2736 1048 2820 ancipiti
1079 2737 1373 2805 terrore'
1412 2740 1818 2825 dissipasset
1845 2743 2098 2820 hostes,
2148 2743 2212 2805 ni
2259 2760 2390 2805 suo
2437 2739 2707 2824 proprio

504 2852 661 2899 eum
709 2839 990 2920 praelioss
1040 2841 1309 2925 equites
1339 2841 1753 2909 Volscorum
1796 2852 1866 2910 et
1917 2845 2286 2929 AEquorum
2336 2850 2705 2925 exceptum

1492 3028 1708 3080 NOTAE

504 3130 855 3183 mentionem·
843 3150 896 3185 m
924 3141 1037 3186 tota
1054 3139 1190 3189 Livii
1211 3140 1425 3192 historia
1446 3142 1565 3194 fieri
1646 3144 1783 3195 tibus
1809 3151 1997 3209 terror,
2018 3160 2120 3195 non
2145 3160 2177 3194 a
2208 3144 2318 3194 solo
2341 3142 2598 3208 Sulpicio,
2620 3141 2706 3207 qui

504 3203 668 3268 aiunt,
702 3206 916 3273 ejusque
955 3211 1177 3264 instituti
1213 3225 1307 3267 aut
1340 3220 1562 3274 nomiuis
1645 3236 1782 3270 nune
1801 3236 1901 3271 non
1922 3221 2021 3271 uisi
2041 3238 2072 3271 a
2095 3229 2244 3286 tergo
2266 3220 2600 3280 incursabat3
2615 3219 2707 3268 sed

500 3290 765 3333 auctorem
784 3282 988 3338 faciunt
1009 3289 1254 3344 Marium.
1642 3297 1761 3347 binc
1782 3298 1847 3347 ab
1866 3297 2081 3363 Sulpicii
2107 3296 2394 3386 equitibus,
2414 3296 2542 3346 inde
2575 3311 2606 3345 a
2637 3296 2707 3344 le·

565 3360 888 3428 ⁰Delatuque
918 3365 973 3417 in
999 3369 1235 3434 campum]
1270 3372 1562 3426 Servaban-

502 3441 588 3484 tur
609 3435 788 3502 itaque
811 3442 959 3506 signu
981 3458 1012 3492 a
1032 3448 1396 3509 quaestoribus.

563 3513 589 3547 ⁴¹
615 3514 804 3570 Quarta
824 3520 924 3569 diei
943 3521 1083 3586 hora]
1119 3525 1257 3576 Mira
1281 3528 1558 3580 celeritas:

497 3596 719 3655 quatuor
742 3593 881 3644 intra
901 3597 1051 3648 boras
1084 3599 1352 3664 perfectus
1386 3604 1560 3656 delec-

495 3671 603 3727 tus,
655 3670 1021 3737 exercitusque
1076 3685 1324 3739 armum,
1380 3686 1436 3731 et
1489 3681 1558 3730 ad

496 3739 600 3792 iter
647 3747 982 3812 praeliumque
1034 3761 1389 3818 comparatus,
1432 3771 1559 3807 con·

497 3814 624 3868 feeit
645 3821 825 3874 decem
860 3826 1098 3877 milliaria
1134 3828 1272 3881 intra
1295 3818 1444 3880 boras
1467 3847 1555 3882 oc-

496 3896 570 3941 to.

559 3970 695 4018 eAd
722 3974 1022 4043 Corbionem]
1071 3978 1343 4045 Oppidum
1366 3981 1417 4032 id
1449 3982 1570 4040 fuit

493 4041 548 4091 in
580 4042 768 4095 finibus
798 4049 1085 4116 AEquorum
1120 4063 1176 4106 et
1207 4058 1550 4123 Latinorum3

491 4117 558 4168 de
581 4134 681 4183 quo
704 4128 827 4172 ante
844 4128 1050 4189 saepius.

523 4192 574 4227 ¹
599 4195 819 4261 Ancipiti
834 4202 1041 4266 terrore]
1074 4189 1285 4274 Anceps
1302 4218 1416 4281 erat
1432 4211 1548 4263 hos·

1641 3372 1878 3435 giouibus
1915 3375 2102 3433 medias
2136 3372 2431 3438 aciei,quae
2461 3388 2497 3423 a
2536 3369 2713 3437 fronte·

1641 3449 1847 3513 pedites
1867 3451 2090 3503 hostium
2114 3450 2480 3515 impugnabat.

1703 3533 1730 3568 8
1765 3526 1836 3575 Ni
1857 3542 1941 3576 suo
1958 3526 2151 3591 proprio
2176 3541 2282 3576 eum
2311 3523 2509 3589 prelio]
2543 3521 2705 3573 Nimi-

1639 3616 1752 3652 rum
1777 3603 2010 3668 equestri
2032 3602 2231 3667 praelio,
2249 3617 2352 3668 quo
2375 3613 2570 3664 genere
2593 3600 2701 3663 ipse

1637 3680 1896 3742 Sulpicius
1942 3680 2199 3744 equitatui
2246 3676 2538 3742 praefectus
2589 3689 2703 3740 per·

1638 3761 1849 3817 ruptum
1873 3752 2165 3819 peditatum
2204 3755 2444 3804 hostilem
2484 3767 2521 3802 a
2561 3760 2700 3814 tergo

1636 3832 1859 3895 urgebat
1888 3848 1902 3880 ε
1971 3832 2130 3897 idque
2186 3832 2390 3883 intento
2446 3831 2502 3879 in
2557 3829 2696 3878 illum

1634 3921 1810 3972 unum,
1826 3910 2041 3974 ejusque
2058 3909 2277 3974 equitent,
2291 3915 2399 3958 tam
2416 3906 2699 3972 Equorum

1635 3998 1787 4050 quam
1807 3987 2117 4036 Volscorum
2139 3986 2399 4050 equitatu.

1697 4062 1775 4111 Ni
1788 4077 1870 4112 suo
1886 4064 2098 4127 proprio,
2117 4062 2222 4126 &cx-J
2244 4062 2439 4111 Mirum
2458 4067 2543 4112 est
2556 4059 2693 4126 equi·

1632 4143 1797 4188 tatum
1821 4140 2129 4190 Volscorum
2162 4145 2218 4189 et
2241 4138 2524 4202 AEquorum
2552 4138 2692 4203 equi·

1630 4213 1768 4265 tatui
1789 4214 2047 4279 Romano,
2065 4228 2122 4264 se
2143 4213 2196 4263 in
2219 4214 2455 4281 legiones
2471 4214 2701 4264 Volsca&
