<?xml version="1.0" encoding="UTF-8"?>
<!DOCTYPE html PUBLIC "-//W3C//DTD XHTML 1.0 Transitional//EN"
    "http://www.w3.org/TR/xhtml1/DTD/xhtml1-transitional.dtd">
<html xmlns="http://www.w3.org/1999/xhtml" xml:lang="en" lang="en">
 <head>
  <title>
</title>
<meta http-equiv="Content-Type" content="text/html;charset=utf-8" />
  <meta name='ocr-system' content='tesseract 3.04.00' />
  <meta name='ocr-capabilities' content='ocr_page ocr_carea ocr_par ocr_line ocrx_word'/>
</head>
<body>
  <div class='ocr_page' id='page_1' title='image "./tliviipatavinih23unkngoog_0040.png"; bbox 0 0 3034 4925; ppageno 0'>
   <div class='ocr_carea' id='block_1_1' title="bbox 459 317 1958 384">
    <p class='ocr_par' dir='ltr' id='par_1_1' title="bbox 459 317 1958 384">
     <span class='ocr_line' id='line_1_1' title="bbox 459 317 1958 384; baseline -0.005 0"><span class='ocrx_word' id='word_1_1' title='bbox 459 317 544 384; x_wconf 77' lang='lat'><strong>28</strong></span> <span class='ocrx_word' id='word_1_2' title='bbox 1148 330 1566 379; x_wconf 71' lang='lat' dir='ltr'><strong>rRoOEmuM</strong></span> <span class='ocrx_word' id='word_1_3' title='bbox 1619 330 1715 377; x_wconf 75' lang='lat' dir='ltr'><strong>nn</strong></span> <span class='ocrx_word' id='word_1_4' title='bbox 1768 329 1958 377; x_wconf 75' lang='lat' dir='ltr'><strong>mvn</strong></span> 
     </span>
    </p>
   </div>
   <div class='ocr_carea' id='block_1_2' title="bbox 458 475 2673 2932">
    <p class='ocr_par' dir='ltr' id='par_1_2' title="bbox 458 475 2660 2002">
     <span class='ocr_line' id='line_1_2' title="bbox 462 475 2652 566; baseline -0.003 -18"><span class='ocrx_word' id='word_1_5' title='bbox 462 484 695 566; x_wconf 84' lang='lat' dir='ltr'><strong>cisque</strong></span> <span class='ocrx_word' id='word_1_6' title='bbox 738 479 1038 557; x_wconf 62' lang='lat' dir='ltr'><strong>artibus:</strong></span> <span class='ocrx_word' id='word_1_7' title='bbox 1067 477 1186 542; x_wconf 87' lang='lat' dir='ltr'><strong>sed</strong></span> <span class='ocrx_word' id='word_1_8' title='bbox 1233 477 1451 562; x_wconf 86' lang='lat' dir='ltr'><strong>asperi</strong></span> <span class='ocrx_word' id='word_1_9' title='bbox 1492 477 1842 560; x_wconf 78' lang='lat' dir='ltr'>tetricique</span> <span class='ocrx_word' id='word_1_10' title='bbox 1883 475 2152 560; x_wconf 83' lang='lat' dir='ltr'><strong>ingenii,</strong></span> <span class='ocrx_word' id='word_1_11' title='bbox 2193 483 2258 543; x_wconf 91' lang='lat' dir='ltr'><strong>et</strong></span> <span class='ocrx_word' id='word_1_12' title='bbox 2286 482 2652 562; x_wconf 84' lang='lat' dir='ltr'><strong>perpetuus</strong></span> 
     </span>
     <span class='ocr_line' id='line_1_3' title="bbox 462 580 2648 669; baseline -0.004 -18"><span class='ocrx_word' id='word_1_13' title='bbox 462 585 828 669; x_wconf 63' lang='lat' dir='ltr'><strong>aequalium</strong></span> <span class='ocrx_word' id='word_1_14' title='bbox 886 582 1716 667; x_wconf 74' lang='lat' dir='ltr'><strong>praestantissimorumque</strong></span> <span class='ocrx_word' id='word_1_15' title='bbox 1769 580 2167 665; x_wconf 83' lang='lat' dir='ltr'><strong>scriptorum</strong></span> <span class='ocrx_word' id='word_1_16' title='bbox 2219 581 2648 656; x_wconf 84' lang='lat' dir='ltr'><strong>obtrectator,</strong></span> 
     </span>
     <span class='ocr_line' id='line_1_4' title="bbox 460 682 2654 773; baseline -0.003 -21"><span class='ocrx_word' id='word_1_17' title='bbox 460 690 595 773; x_wconf 86' lang='lat' dir='ltr'><strong>qui,</strong></span> <span class='ocrx_word' id='word_1_18' title='bbox 625 687 936 771; x_wconf 83' lang='lat' dir='ltr'><strong>quamvis</strong></span> <span class='ocrx_word' id='word_1_19' title='bbox 965 682 1115 770; x_wconf 86' lang='lat' dir='ltr'><strong>ipse</strong></span> <span class='ocrx_word' id='word_1_20' title='bbox 1145 686 1329 761; x_wconf 89' lang='lat' dir='ltr'><strong>dura,</strong></span> <span class='ocrx_word' id='word_1_21' title='bbox 1351 685 1563 764; x_wconf 86' lang='lat' dir='ltr'><strong>sicca,</strong></span> <span class='ocrx_word' id='word_1_22' title='bbox 1597 703 1858 768; x_wconf 88' lang='lat' dir='ltr'><strong>aspera,</strong></span> <span class='ocrx_word' id='word_1_23' title='bbox 1888 693 1955 749; x_wconf 91' lang='lat' dir='ltr'><strong>et</strong></span> <span class='ocrx_word' id='word_1_24' title='bbox 1982 685 2324 749; x_wconf 87' lang='lat' dir='ltr'><strong>salebrosa</strong></span> <span class='ocrx_word' id='word_1_25' title='bbox 2354 683 2654 758; x_wconf 76' lang='lat' dir='ltr'><strong>oratione</strong></span> 
     </span>
     <span class='ocr_line' id='line_1_5' title="bbox 461 785 2651 870; baseline -0.002 -16"><span class='ocrx_word' id='word_1_26' title='bbox 461 797 818 867; x_wconf 77' lang='lat' dir='ltr'><strong>uteretur,²¹</strong></span> <span class='ocrx_word' id='word_1_27' title='bbox 863 789 1058 853; x_wconf 81' lang='lat' dir='ltr'><strong>Livio</strong></span> <span class='ocrx_word' id='word_1_28' title='bbox 1109 785 1608 852; x_wconf 82' lang='lat' dir='ltr'><strong>Patavinitatem</strong></span> <span class='ocrx_word' id='word_1_29' title='bbox 1655 788 2138 870; x_wconf 80' lang='lat' dir='ltr'><strong>exprobravit.¹</strong></span> <span class='ocrx_word' id='word_1_30' title='bbox 2225 786 2384 866; x_wconf 84' lang='lat' dir='ltr'><strong>Qua</strong></span> <span class='ocrx_word' id='word_1_31' title='bbox 2434 787 2651 851; x_wconf 83' lang='lat' dir='ltr'><strong>crimi-</strong></span> 
     </span>
     <span class='ocr_line' id='line_1_6' title="bbox 460 889 2652 976; baseline -0.002 -19"><span class='ocrx_word' id='word_1_32' title='bbox 460 894 733 958; x_wconf 82' lang='lat' dir='ltr'><strong>natione</strong></span> <span class='ocrx_word' id='word_1_33' title='bbox 765 893 1038 976; x_wconf 85' lang='lat' dir='ltr'><strong>quidam</strong></span> <span class='ocrx_word' id='word_1_34' title='bbox 1081 890 1410 974; x_wconf 86' lang='lat' dir='ltr'><strong>designari</strong></span> <span class='ocrx_word' id='word_1_35' title='bbox 1438 896 1681 973; x_wconf 86' lang='lat' dir='ltr'><strong>putant</strong></span> <span class='ocrx_word' id='word_1_36' title='bbox 1709 890 1953 958; x_wconf 86' lang='lat' dir='ltr'><strong>nimias</strong></span> <span class='ocrx_word' id='word_1_37' title='bbox 2001 890 2478 955; x_wconf 87' lang='lat' dir='ltr'><strong>Patavinorum</strong></span> <span class='ocrx_word' id='word_1_38' title='bbox 2508 889 2652 953; x_wconf 87' lang='lat' dir='ltr'><strong>lau-</strong></span> 
     </span>
     <span class='ocr_line' id='line_1_7' title="bbox 462 991 2652 1078; baseline -0.003 -18"><span class='ocrx_word' id='word_1_39' title='bbox 462 996 607 1074; x_wconf 77' lang='lat' dir='ltr'><strong>deS,</strong></span> <span class='ocrx_word' id='word_1_40' title='bbox 651 995 764 1068; x_wconf 86' lang='lat' dir='ltr'><strong>alii</strong></span> <span class='ocrx_word' id='word_1_41' title='bbox 810 995 1035 1060; x_wconf 88' lang='lat' dir='ltr'><strong>odium</strong></span> <span class='ocrx_word' id='word_1_42' title='bbox 1077 994 1146 1059; x_wconf 88' lang='lat' dir='ltr'><strong>in</strong></span> <span class='ocrx_word' id='word_1_43' title='bbox 1194 993 1459 1073; x_wconf 70' lang='lat' dir='ltr'><strong>Gallos*‚</strong></span> <span class='ocrx_word' id='word_1_44' title='bbox 1490 992 1611 1060; x_wconf 86' lang='lat' dir='ltr'><strong>alii</strong></span> <span class='ocrx_word' id='word_1_45' title='bbox 1657 994 2147 1078; x_wconf 73' lang='lat' dir='ltr'><strong>orthographiae</strong></span> <span class='ocrx_word' id='word_1_46' title='bbox 2188 991 2652 1068; x_wconf 67' lang='lat' dir='ltr'><strong>insolentiam‚³</strong></span> 
     </span>
     <span class='ocr_line' id='line_1_8' title="bbox 464 1094 2655 1182; baseline -0.005 -14"><span class='ocrx_word' id='word_1_47' title='bbox 464 1098 580 1168; x_wconf 82' lang='lat' dir='ltr'><strong>alii</strong></span> <span class='ocrx_word' id='word_1_48' title='bbox 629 1099 1192 1182; x_wconf 85' lang='lat' dir='ltr'><strong>Pompeianarum</strong></span> <span class='ocrx_word' id='word_1_49' title='bbox 1250 1098 1540 1181; x_wconf 86' lang='lat' dir='ltr'><strong>partium</strong></span> <span class='ocrx_word' id='word_1_50' title='bbox 1596 1096 1939 1174; x_wconf 74' lang='lat' dir='ltr'><strong>studium,⁸</strong></span> <span class='ocrx_word' id='word_1_51' title='bbox 1990 1096 2106 1161; x_wconf 90' lang='lat' dir='ltr'><strong>alii</strong></span> <span class='ocrx_word' id='word_1_52' title='bbox 2156 1094 2529 1161; x_wconf 85' lang='lat' dir='ltr'><strong>redundans</strong></span> <span class='ocrx_word' id='word_1_53' title='bbox 2586 1099 2655 1157; x_wconf 85' lang='lat' dir='ltr'><strong>et</strong></span> 
     </span>
     <span class='ocr_line' id='line_1_9' title="bbox 461 1196 2653 1283; baseline -0.005 -13"><span class='ocrx_word' id='word_1_54' title='bbox 461 1202 835 1270; x_wconf 84' lang='lat' dir='ltr'><strong>Asiaticum</strong></span> <span class='ocrx_word' id='word_1_55' title='bbox 870 1201 1141 1267; x_wconf 91' lang='lat' dir='ltr'><strong>dicendi</strong></span> <span class='ocrx_word' id='word_1_56' title='bbox 1172 1220 1402 1283; x_wconf 86' lang='lat' dir='ltr'><strong>genus,</strong></span> <span class='ocrx_word' id='word_1_57' title='bbox 1428 1219 1550 1263; x_wconf 86' lang='lat' dir='ltr'><strong>seu</strong></span> <span class='ocrx_word' id='word_1_58' title='bbox 1596 1199 1897 1283; x_wconf 76' lang='lat' dir='ltr'><strong>frigidam</strong></span> <span class='ocrx_word' id='word_1_59' title='bbox 1931 1205 1996 1264; x_wconf 90' lang='lat' dir='ltr'><strong>et</strong></span> <span class='ocrx_word' id='word_1_60' title='bbox 2022 1200 2349 1264; x_wconf 81' lang='lat' dir='ltr'><strong>elumbem</strong></span> <span class='ocrx_word' id='word_1_61' title='bbox 2381 1196 2653 1281; x_wconf 73' lang='lat' dir='ltr'><strong>prolixi-</strong></span> 
     </span>
     <span class='ocr_line' id='line_1_10' title="bbox 459 1299 2654 1384; baseline -0.002 -15"><span class='ocrx_word' id='word_1_62' title='bbox 459 1310 696 1384; x_wconf 84' lang='lat' dir='ltr'><strong>tatem,</strong></span> <span class='ocrx_word' id='word_1_63' title='bbox 748 1325 793 1369; x_wconf 91' lang='lat' dir='ltr'><strong>a</strong></span> <span class='ocrx_word' id='word_1_64' title='bbox 832 1304 1148 1369; x_wconf 86' lang='lat' dir='ltr'><strong>Romana</strong></span> <span class='ocrx_word' id='word_1_65' title='bbox 1197 1304 1510 1367; x_wconf 75' lang='lat' dir='ltr'><strong>virilitate</strong></span> <span class='ocrx_word' id='word_1_66' title='bbox 1558 1302 1888 1378; x_wconf 55' lang='lat' dir='ltr'><strong>alienam?</strong></span> <span class='ocrx_word' id='word_1_67' title='bbox 1930 1303 2046 1367; x_wconf 88' lang='lat' dir='ltr'><strong>alii</strong></span> <span class='ocrx_word' id='word_1_68' title='bbox 2093 1301 2293 1367; x_wconf 86' lang='lat' dir='ltr'><strong>aliud.</strong></span> <span class='ocrx_word' id='word_1_69' title='bbox 2383 1299 2516 1365; x_wconf 89' lang='lat' dir='ltr'><strong>Sed</strong></span> <span class='ocrx_word' id='word_1_70' title='bbox 2565 1317 2654 1364; x_wconf 76' lang='lat' dir='ltr'><strong>ex</strong></span> 
     </span>
     <span class='ocr_line' id='line_1_11' title="bbox 458 1404 2655 1487; baseline -0.001 -18"><span class='ocrx_word' id='word_1_71' title='bbox 458 1406 636 1471; x_wconf 87' lang='lat' dir='ltr'><strong>locis</strong></span> <span class='ocrx_word' id='word_1_72' title='bbox 681 1407 884 1471; x_wconf 76' lang='lat' dir='ltr'><strong>claSS.</strong></span> <span class='ocrx_word' id='word_1_73' title='bbox 917 1405 1199 1485; x_wconf 84' lang='lat' dir='ltr'><strong>Quintil.</strong></span> <span class='ocrx_word' id='word_1_74' title='bbox 1233 1422 1285 1468; x_wconf 94' lang='lat'><strong>1.</strong></span> <span class='ocrx_word' id='word_1_75' title='bbox 1312 1406 1379 1469; x_wconf 84' lang='lat'><strong>5.</strong></span> <span class='ocrx_word' id='word_1_76' title='bbox 1407 1406 1515 1470; x_wconf 83' lang='lat'><strong>65.</strong></span> <span class='ocrx_word' id='word_1_77' title='bbox 1562 1409 1628 1469; x_wconf 89' lang='lat' dir='ltr'><strong>et</strong></span> <span class='ocrx_word' id='word_1_78' title='bbox 1673 1421 1841 1469; x_wconf 82' lang='lat' dir='ltr'><strong>vm.</strong></span> <span class='ocrx_word' id='word_1_79' title='bbox 1871 1406 1934 1470; x_wconf 91' lang='grc'><strong>1.</strong></span> <span class='ocrx_word' id='word_1_80' title='bbox 1965 1405 2030 1471; x_wconf 82' lang='grc'><strong>3.</strong></span> <span class='ocrx_word' id='word_1_81' title='bbox 2057 1404 2411 1471; x_wconf 85' lang='lat' dir='ltr'><strong>manifesto</strong></span> <span class='ocrx_word' id='word_1_82' title='bbox 2442 1422 2655 1487; x_wconf 89' lang='lat' dir='ltr'><strong>appa-</strong></span> 
     </span>
     <span class='ocr_line' id='line_1_12' title="bbox 461 1506 2658 1592; baseline -0.001 -21"><span class='ocrx_word' id='word_1_83' title='bbox 461 1517 588 1586; x_wconf 81' lang='lat' dir='ltr'><strong>ret,</strong></span> <span class='ocrx_word' id='word_1_84' title='bbox 618 1508 985 1591; x_wconf 84' lang='lat' dir='ltr'><strong>significari</strong></span> <span class='ocrx_word' id='word_1_85' title='bbox 1014 1508 1548 1592; x_wconf 79' lang='lat' dir='ltr'><strong>peregrinitatem</strong></span> <span class='ocrx_word' id='word_1_86' title='bbox 1598 1508 1888 1592; x_wconf 87' lang='lat' dir='ltr'><strong>aliquam</strong></span> <span class='ocrx_word' id='word_1_87' title='bbox 1935 1510 2005 1573; x_wconf 91' lang='lat' dir='ltr'><strong>in</strong></span> <span class='ocrx_word' id='word_1_88' title='bbox 2058 1528 2182 1573; x_wconf 83' lang='lat' dir='ltr'><strong>usu</strong></span> <span class='ocrx_word' id='word_1_89' title='bbox 2229 1527 2475 1573; x_wconf 84' lang='lat' dir='ltr'><strong>vocum</strong></span> <span class='ocrx_word' id='word_1_90' title='bbox 2517 1506 2658 1570; x_wconf 86' lang='lat' dir='ltr'><strong>Ro·</strong></span> 
     </span>
     <span class='ocr_line' id='line_1_13' title="bbox 461 1610 2657 1695; baseline -0.001 -21"><span class='ocrx_word' id='word_1_91' title='bbox 461 1613 680 1675; x_wconf 86' lang='lat' dir='ltr'><strong>manis</strong></span> <span class='ocrx_word' id='word_1_92' title='bbox 729 1612 1154 1686; x_wconf 76' lang='lat' dir='ltr'><strong>insolentium</strong></span> <span class='ocrx_word' id='word_1_93' title='bbox 1202 1612 1423 1677; x_wconf 83' lang='lat' dir='ltr'><strong>aliove</strong></span> <span class='ocrx_word' id='word_1_94' title='bbox 1469 1631 1674 1677; x_wconf 87' lang='lat' dir='ltr'><strong>sensu</strong></span> <span class='ocrx_word' id='word_1_95' title='bbox 1721 1613 2098 1695; x_wconf 81' lang='lat' dir='ltr'><strong>captarum.</strong></span> <span class='ocrx_word' id='word_1_96' title='bbox 2187 1610 2393 1689; x_wconf 81' lang='lat' dir='ltr'><strong>Quod</strong></span> <span class='ocrx_word' id='word_1_97' title='bbox 2433 1615 2657 1674; x_wconf 87' lang='lat' dir='ltr'><strong>tamen</strong></span> 
     </span>
     <span class='ocr_line' id='line_1_14' title="bbox 462 1712 2660 1794; baseline -0.001 -17"><span class='ocrx_word' id='word_1_98' title='bbox 462 1714 723 1793; x_wconf 82' lang='lat' dir='ltr'><strong>vitium,</strong></span> <span class='ocrx_word' id='word_1_99' title='bbox 755 1716 815 1779; x_wconf 89' lang='lat' dir='ltr'><strong>si</strong></span> <span class='ocrx_word' id='word_1_100' title='bbox 845 1714 1041 1780; x_wconf 79' lang='lat' dir='ltr'><strong>Livio</strong></span> <span class='ocrx_word' id='word_1_101' title='bbox 1073 1713 1216 1794; x_wconf 83' lang='lat' dir='ltr'><strong>suit,</strong></span> <span class='ocrx_word' id='word_1_102' title='bbox 1247 1716 1343 1782; x_wconf 87' lang='lat' dir='ltr'><strong>ita</strong></span> <span class='ocrx_word' id='word_1_103' title='bbox 1371 1715 1563 1793; x_wconf 86' lang='lat' dir='ltr'><strong>latet,</strong></span> <span class='ocrx_word' id='word_1_104' title='bbox 1588 1722 1666 1779; x_wconf 87' lang='lat' dir='ltr'><strong>ut</strong></span> <span class='ocrx_word' id='word_1_105' title='bbox 1692 1733 1734 1779; x_wconf 90' lang='lat' dir='ltr'><strong>a</strong></span> <span class='ocrx_word' id='word_1_106' title='bbox 1765 1715 1960 1779; x_wconf 90' lang='lat' dir='ltr'><strong>nobis</strong></span> <span class='ocrx_word' id='word_1_107' title='bbox 1988 1714 2228 1780; x_wconf 89' lang='lat' dir='ltr'><strong>saltem</strong></span> <span class='ocrx_word' id='word_1_108' title='bbox 2256 1712 2460 1779; x_wconf 89' lang='lat' dir='ltr'><strong>hodie</strong></span> <span class='ocrx_word' id='word_1_109' title='bbox 2492 1717 2560 1776; x_wconf 91' lang='lat' dir='ltr'><strong>et</strong></span> <span class='ocrx_word' id='word_1_110' title='bbox 2590 1712 2660 1775; x_wconf 90' lang='lat' dir='ltr'><strong>in</strong></span> 
     </span>
     <span class='ocr_line' id='line_1_15' title="bbox 462 1815 2660 1904; baseline -0.001 -24"><span class='ocrx_word' id='word_1_111' title='bbox 462 1817 550 1880; x_wconf 87' lang='lat' dir='ltr'><strong>iis</strong></span> <span class='ocrx_word' id='word_1_112' title='bbox 582 1818 700 1901; x_wconf 87' lang='lat' dir='ltr'><strong>qui</strong></span> <span class='ocrx_word' id='word_1_113' title='bbox 749 1825 1105 1903; x_wconf 89' lang='lat' dir='ltr'><strong>supersunt</strong></span> <span class='ocrx_word' id='word_1_114' title='bbox 1129 1818 1318 1883; x_wconf 89' lang='lat' dir='ltr'><strong>libris</strong></span> <span class='ocrx_word' id='word_1_115' title='bbox 1364 1818 1512 1904; x_wconf 87' lang='lat' dir='ltr'><strong>ejus</strong></span> <span class='ocrx_word' id='word_1_116' title='bbox 1556 1818 1674 1884; x_wconf 78' lang='lat' dir='ltr'><strong>vix</strong></span> <span class='ocrx_word' id='word_1_117' title='bbox 1707 1838 1786 1882; x_wconf 87' lang='lat' dir='ltr'><strong>ac</strong></span> <span class='ocrx_word' id='word_1_118' title='bbox 1839 1837 1919 1881; x_wconf 90' lang='lat' dir='ltr'><strong>ne</strong></span> <span class='ocrx_word' id='word_1_119' title='bbox 1965 1819 2083 1883; x_wconf 86' lang='lat' dir='ltr'><strong>vix</strong></span> <span class='ocrx_word' id='word_1_120' title='bbox 2126 1817 2395 1901; x_wconf 90' lang='lat' dir='ltr'><strong>quidem</strong></span> <span class='ocrx_word' id='word_1_121' title='bbox 2426 1815 2660 1899; x_wconf 85' lang='lat' dir='ltr'><strong>depre-</strong></span> 
     </span>
     <span class='ocr_line' id='line_1_16' title="bbox 461 1918 959 2002; baseline 0 -21"><span class='ocrx_word' id='word_1_122' title='bbox 461 1919 668 1984; x_wconf 89' lang='lat' dir='ltr'><strong>hendi</strong></span> <span class='ocrx_word' id='word_1_123' title='bbox 697 1918 959 2002; x_wconf 78' lang='lat' dir='ltr'><strong>possit.¹’</strong></span> 
     </span>
    </p>

    <p class='ocr_par' dir='ltr' id='par_1_3' title="bbox 461 2019 2673 2932">
     <span class='ocr_line' id='line_1_17' title="bbox 551 2019 2660 2107; baseline -0.001 -23"><span class='ocrx_word' id='word_1_124' title='bbox 551 2021 785 2105; x_wconf 88' lang='lat' dir='ltr'><strong>Hujus</strong></span> <span class='ocrx_word' id='word_1_125' title='bbox 814 2024 1072 2105; x_wconf 86' lang='lat' dir='ltr'><strong>generis</strong></span> <span class='ocrx_word' id='word_1_126' title='bbox 1107 2024 1450 2107; x_wconf 89' lang='lat' dir='ltr'><strong>judicibus</strong></span> <span class='ocrx_word' id='word_1_127' title='bbox 1492 2025 1722 2089; x_wconf 89' lang='lat' dir='ltr'><strong>nescio</strong></span> <span class='ocrx_word' id='word_1_128' title='bbox 1752 2045 1834 2088; x_wconf 88' lang='lat' dir='ltr'><strong>an</strong></span> <span class='ocrx_word' id='word_1_129' title='bbox 1868 2021 2344 2089; x_wconf 88' lang='lat' dir='ltr'><strong>annumerandi</strong></span> <span class='ocrx_word' id='word_1_130' title='bbox 2369 2019 2517 2098; x_wconf 80' lang='lat' dir='ltr'><strong>sint,</strong></span> <span class='ocrx_word' id='word_1_131' title='bbox 2544 2019 2660 2103; x_wconf 90' lang='lat' dir='ltr'><strong>qui</strong></span> 
     </span>
     <span class='ocr_line' id='line_1_18' title="bbox 463 2123 2660 2209; baseline -0 -23"><span class='ocrx_word' id='word_1_132' title='bbox 463 2124 664 2188; x_wconf 85' lang='lat' dir='ltr'><strong>valde</strong></span> <span class='ocrx_word' id='word_1_133' title='bbox 695 2125 1153 2209; x_wconf 70' lang='lat' dir='ltr'><strong>improbarunt</strong></span> <span class='ocrx_word' id='word_1_134' title='bbox 1197 2126 1616 2209; x_wconf 88' lang='lat' dir='ltr'><strong>frequentem</strong></span> <span class='ocrx_word' id='word_1_135' title='bbox 1663 2127 1847 2191; x_wconf 86' lang='lat' dir='ltr'><strong>illam</strong></span> <span class='ocrx_word' id='word_1_136' title='bbox 1900 2135 1971 2191; x_wconf 89' lang='lat' dir='ltr'><strong>et</strong></span> <span class='ocrx_word' id='word_1_137' title='bbox 2016 2133 2401 2190; x_wconf 86' lang='lat' dir='ltr'><strong>accuratam</strong></span> <span class='ocrx_word' id='word_1_138' title='bbox 2433 2123 2660 2207; x_wconf 87' lang='lat' dir='ltr'><strong>prodi-</strong></span> 
     </span>
     <span class='ocr_line' id='line_1_19' title="bbox 463 2226 2664 2312; baseline 0 -23"><span class='ocrx_word' id='word_1_139' title='bbox 463 2226 718 2307; x_wconf 87' lang='lat' dir='ltr'><strong>giorum</strong></span> <span class='ocrx_word' id='word_1_140' title='bbox 751 2233 1340 2312; x_wconf 84' lang='lat' dir='ltr'><strong>portentorumque</strong></span> <span class='ocrx_word' id='word_1_141' title='bbox 1368 2229 1955 2304; x_wconf 88' lang='lat' dir='ltr'><strong>enumerationem,</strong></span> <span class='ocrx_word' id='word_1_142' title='bbox 1986 2248 2124 2311; x_wconf 89' lang='lat' dir='ltr'><strong>qua</strong></span> <span class='ocrx_word' id='word_1_143' title='bbox 2149 2228 2479 2310; x_wconf 85' lang='lat' dir='ltr'><strong>sapienter</strong></span> <span class='ocrx_word' id='word_1_144' title='bbox 2508 2227 2664 2290; x_wconf 90' lang='lat' dir='ltr'><strong>abs-</strong></span> 
     </span>
     <span class='ocr_line' id='line_1_20' title="bbox 462 2330 2663 2417; baseline 0.001 -24"><span class='ocrx_word' id='word_1_145' title='bbox 462 2331 734 2395; x_wconf 84' lang='lat' dir='ltr'><strong>tinuisse</strong></span> <span class='ocrx_word' id='word_1_146' title='bbox 788 2332 1140 2416; x_wconf 85' lang='lat' dir='ltr'><strong>Polybium</strong></span> <span class='ocrx_word' id='word_1_147' title='bbox 1195 2332 1342 2416; x_wconf 85' lang='lat' dir='ltr'><strong>jam</strong></span> <span class='ocrx_word' id='word_1_148' title='bbox 1418 2332 1691 2416; x_wconf 91' lang='lat' dir='ltr'><strong>Xiphil.</strong></span> <span class='ocrx_word' id='word_1_149' title='bbox 1756 2331 1858 2417; x_wconf 90' lang='lat' dir='ltr'><strong>(in</strong></span> <span class='ocrx_word' id='word_1_150' title='bbox 1908 2331 2081 2413; x_wconf 83' lang='lat' dir='ltr'><strong>Aug.</strong></span> <span class='ocrx_word' id='word_1_151' title='bbox 2128 2352 2195 2415; x_wconf 89' lang='lat' dir='ltr'><strong>p.</strong></span> <span class='ocrx_word' id='word_1_152' title='bbox 2240 2331 2352 2395; x_wconf 84' lang='lat'><strong>41.</strong></span> <span class='ocrx_word' id='word_1_153' title='bbox 2405 2330 2511 2394; x_wconf 88' lang='lat' dir='ltr'><strong>ed.</strong></span> <span class='ocrx_word' id='word_1_154' title='bbox 2567 2331 2663 2395; x_wconf 91' lang='lat' dir='ltr'><strong>H.</strong></span> 
     </span>
     <span class='ocr_line' id='line_1_21' title="bbox 463 2432 2663 2523; baseline -0 -25"><span class='ocrx_word' id='word_1_155' title='bbox 463 2432 733 2519; x_wconf 86' lang='lat' dir='ltr'><strong>Steph.)</strong></span> <span class='ocrx_word' id='word_1_156' title='bbox 765 2434 1123 2520; x_wconf 86' lang='lat' dir='ltr'><strong>judicavit,</strong></span> <span class='ocrx_word' id='word_1_157' title='bbox 1152 2455 1441 2523; x_wconf 86' lang='lat' dir='ltr'><strong>quaeque</strong></span> <span class='ocrx_word' id='word_1_158' title='bbox 1473 2435 1819 2521; x_wconf 67' lang='lat' dir='ltr'><strong>praecipua</strong></span> <span class='ocrx_word' id='word_1_159' title='bbox 1861 2437 2150 2501; x_wconf 80' lang='lat' dir='ltr'><strong>creditur</strong></span> <span class='ocrx_word' id='word_1_160' title='bbox 2197 2452 2409 2499; x_wconf 89' lang='lat' dir='ltr'><strong>causa</strong></span> <span class='ocrx_word' id='word_1_161' title='bbox 2434 2433 2663 2513; x_wconf 85' lang='lat' dir='ltr'><strong>fuisse,</strong></span> 
     </span>
     <span class='ocr_line' id='line_1_22' title="bbox 463 2536 2665 2626; baseline -0 -25"><span class='ocrx_word' id='word_1_162' title='bbox 463 2556 584 2601; x_wconf 85' lang='lat' dir='ltr'><strong>cur</strong></span> <span class='ocrx_word' id='word_1_163' title='bbox 611 2536 981 2622; x_wconf 85' lang='lat' dir='ltr'><strong>Gregorius</strong></span> <span class='ocrx_word' id='word_1_164' title='bbox 1015 2539 1113 2603; x_wconf 90' lang='lat' dir='ltr'><strong>M.</strong></span> <span class='ocrx_word' id='word_1_165' title='bbox 1147 2539 1600 2626; x_wconf 78' lang='lat' dir='ltr'><strong>propagandae</strong></span> <span class='ocrx_word' id='word_1_166' title='bbox 1627 2539 1969 2622; x_wconf 86' lang='lat' dir='ltr'><strong>religionis</strong></span> <span class='ocrx_word' id='word_1_167' title='bbox 2002 2537 2400 2603; x_wconf 74' lang='lat' dir='ltr'><strong>Christianae</strong></span> <span class='ocrx_word' id='word_1_168' title='bbox 2441 2542 2509 2600; x_wconf 91' lang='lat' dir='ltr'><strong>et</strong></span> <span class='ocrx_word' id='word_1_169' title='bbox 2552 2556 2665 2601; x_wconf 88' lang='lat' dir='ltr'><strong>su·</strong></span> 
     </span>
     <span class='ocr_line' id='line_1_23' title="bbox 461 2639 2667 2723; baseline 0 -20"><span class='ocrx_word' id='word_1_170' title='bbox 461 2640 878 2723; x_wconf 85' lang='lat' dir='ltr'><strong>perstitionis</strong></span> <span class='ocrx_word' id='word_1_171' title='bbox 909 2642 1221 2709; x_wconf 73' lang='lat' dir='ltr'><strong>tollendae</strong></span> <span class='ocrx_word' id='word_1_172' title='bbox 1252 2643 1813 2721; x_wconf 84' lang='lat' dir='ltr'><strong>studiosissimus,</strong></span> <span class='ocrx_word' id='word_1_173' title='bbox 1837 2661 1927 2705; x_wconf 86' lang='lat' dir='ltr'><strong>ex</strong></span> <span class='ocrx_word' id='word_1_174' title='bbox 1963 2640 2274 2705; x_wconf 85' lang='lat' dir='ltr'><strong>omnibus</strong></span> <span class='ocrx_word' id='word_1_175' title='bbox 2318 2639 2667 2704; x_wconf 88' lang='lat' dir='ltr'><strong>bibliothe-</strong></span> 
     </span>
     <span class='ocr_line' id='line_1_24' title="bbox 463 2742 2673 2833; baseline 0.002 -30"><span class='ocrx_word' id='word_1_176' title='bbox 463 2742 563 2808; x_wconf 80' lang='lat' dir='ltr'><strong>cis</strong></span> <span class='ocrx_word' id='word_1_177' title='bbox 595 2742 913 2807; x_wconf 84' lang='lat' dir='ltr'><strong>historias</strong></span> <span class='ocrx_word' id='word_1_178' title='bbox 939 2744 1117 2809; x_wconf 89' lang='lat' dir='ltr'><strong>Livii</strong></span> <span class='ocrx_word' id='word_1_179' title='bbox 1144 2748 1471 2810; x_wconf 88' lang='lat' dir='ltr'><strong>curaverit</strong></span> <span class='ocrx_word' id='word_1_180' title='bbox 1500 2745 1929 2811; x_wconf 87' lang='lat' dir='ltr'><strong>amovendas.</strong></span> <span class='ocrx_word' id='word_1_181' title='bbox 2020 2743 2509 2809; x_wconf 87' lang='lat' dir='ltr'><strong>Fastidiremus</strong></span> <span class='ocrx_word' id='word_1_182' title='bbox 2536 2743 2673 2833; x_wconf 25' lang='lat' dir='ltr'><strong>uti-⁶</strong></span> 
     </span>
     <span class='ocr_line' id='line_1_25' title="bbox 465 2844 2667 2932; baseline 0.002 -26"><span class='ocrx_word' id='word_1_183' title='bbox 465 2861 596 2924; x_wconf 88' lang='lat' dir='ltr'><strong>que</strong></span> <span class='ocrx_word' id='word_1_184' title='bbox 643 2844 808 2909; x_wconf 87' lang='lat' dir='ltr'><strong>talia</strong></span> <span class='ocrx_word' id='word_1_185' title='bbox 845 2846 1064 2927; x_wconf 89' lang='lat' dir='ltr'><strong>legere</strong></span> <span class='ocrx_word' id='word_1_186' title='bbox 1092 2846 1159 2909; x_wconf 90' lang='lat' dir='ltr'><strong>in</strong></span> <span class='ocrx_word' id='word_1_187' title='bbox 1180 2848 1521 2915; x_wconf 89' lang='lat' dir='ltr'><strong>historicis</strong></span> <span class='ocrx_word' id='word_1_188' title='bbox 1560 2849 1769 2912; x_wconf 88' lang='lat' dir='ltr'><strong>nostri</strong></span> <span class='ocrx_word' id='word_1_189' title='bbox 1797 2848 1955 2926; x_wconf 82' lang='lat' dir='ltr'><strong>aevi,</strong></span> <span class='ocrx_word' id='word_1_190' title='bbox 1985 2867 2125 2932; x_wconf 89' lang='lat' dir='ltr'><strong>quo</strong></span> <span class='ocrx_word' id='word_1_191' title='bbox 2149 2846 2570 2932; x_wconf 90' lang='lat' dir='ltr'><strong>philosophia</strong></span> <span class='ocrx_word' id='word_1_192' title='bbox 2599 2850 2667 2910; x_wconf 85' lang='lat' dir='ltr'><strong>et</strong></span> 
     </span>
    </p>
   </div>
   <div class='ocr_carea' id='block_1_3' title="bbox 466 3045 1534 4254">
    <p class='ocr_par' dir='ltr' id='par_1_4' title="bbox 518 3045 1274 3098">
     <span class='ocr_line' id='line_1_26' title="bbox 518 3045 1274 3098; baseline 0.007 -5"><span class='ocrx_word' id='word_1_193' title='bbox 518 3048 546 3079; x_wconf 60' lang='grc' dir='ltr'><strong>’ί</strong></span> <span class='ocrx_word' id='word_1_194' title='bbox 578 3047 644 3094; x_wconf 88' lang='lat' dir='ltr'><strong>V.</strong></span> <span class='ocrx_word' id='word_1_195' title='bbox 668 3046 733 3095; x_wconf 78' lang='lat' dir='ltr'><strong>ad</strong></span> <span class='ocrx_word' id='word_1_196' title='bbox 758 3047 881 3096; x_wconf 83' lang='lat' dir='ltr'><strong>Tac.</strong></span> <span class='ocrx_word' id='word_1_197' title='bbox 904 3045 1038 3096; x_wconf 85' lang='lat' dir='ltr'><strong>Ann.</strong></span> <span class='ocrx_word' id='word_1_198' title='bbox 1059 3060 1098 3096; x_wconf 79' lang='lat' dir='ltr'><strong>r.</strong></span> <span class='ocrx_word' id='word_1_199' title='bbox 1123 3050 1201 3096; x_wconf 75' lang='lat'><strong>12.</strong></span> <span class='ocrx_word' id='word_1_200' title='bbox 1225 3052 1274 3098; x_wconf 76' lang='lat'><strong>3.</strong></span> 
     </span>
    </p>

    <p class='ocr_par' dir='ltr' id='par_1_5' title="bbox 466 3123 1523 3340">
     <span class='ocr_line' id='line_1_27' title="bbox 530 3123 1523 3188; baseline 0.007 -17"><span class='ocrx_word' id='word_1_201' title='bbox 530 3131 554 3156; x_wconf 76' lang='lat'><strong>¹¹</strong></span> <span class='ocrx_word' id='word_1_202' title='bbox 587 3124 655 3173; x_wconf 88' lang='lat' dir='ltr'><strong>V.</strong></span> <span class='ocrx_word' id='word_1_203' title='bbox 679 3131 860 3172; x_wconf 84' lang='lat' dir='ltr'><strong>auctor</strong></span> <span class='ocrx_word' id='word_1_204' title='bbox 882 3123 1072 3188; x_wconf 80' lang='lat' dir='ltr'><strong>dialogi</strong></span> <span class='ocrx_word' id='word_1_205' title='bbox 1098 3125 1163 3174; x_wconf 90' lang='lat' dir='ltr'><strong>de</strong></span> <span class='ocrx_word' id='word_1_206' title='bbox 1193 3125 1345 3177; x_wconf 76' lang='lat' dir='ltr'><strong>Orat.</strong></span> <span class='ocrx_word' id='word_1_207' title='bbox 1371 3142 1416 3176; x_wconf 91' lang='lat' dir='ltr'><strong>c.</strong></span> <span class='ocrx_word' id='word_1_208' title='bbox 1439 3130 1523 3178; x_wconf 84' lang='lat'><strong>21.</strong></span> 
     </span>
     <span class='ocr_line' id='line_1_28' title="bbox 466 3200 1523 3253; baseline 0.003 -5"><span class='ocrx_word' id='word_1_209' title='bbox 466 3204 521 3249; x_wconf 86' lang='lat' dir='ltr'><strong>et</strong></span> <span class='ocrx_word' id='word_1_210' title='bbox 560 3200 746 3249; x_wconf 88' lang='lat' dir='ltr'><strong>Senec.</strong></span> <span class='ocrx_word' id='word_1_211' title='bbox 779 3200 909 3249; x_wconf 81' lang='lat' dir='ltr'><strong>Exc.</strong></span> <span class='ocrx_word' id='word_1_212' title='bbox 947 3200 1194 3252; x_wconf 82' lang='lat' dir='ltr'><strong>controv.</strong></span> <span class='ocrx_word' id='word_1_213' title='bbox 1231 3209 1285 3253; x_wconf 87' lang='lat' dir='ltr'><strong>et</strong></span> <span class='ocrx_word' id='word_1_214' title='bbox 1322 3200 1410 3252; x_wconf 86' lang='lat' dir='ltr'><strong>lib.</strong></span> <span class='ocrx_word' id='word_1_215' title='bbox 1447 3217 1523 3253; x_wconf 77' lang='lat' dir='ltr'><strong>tv.</strong></span> 
     </span>
     <span class='ocr_line' id='line_1_29' title="bbox 467 3270 1219 3340; baseline 0.008 -16"><span class='ocrx_word' id='word_1_216' title='bbox 467 3277 637 3340; x_wconf 85' lang='lat' dir='ltr'><strong>princ.</strong></span> <span class='ocrx_word' id='word_1_217' title='bbox 1215 3270 1219 3275; x_wconf 42' lang='lat'>⁵</span> 
     </span>
    </p>

    <p class='ocr_par' dir='ltr' id='par_1_6' title="bbox 529 3353 1526 3409">
     <span class='ocr_line' id='line_1_30' title="bbox 529 3353 1526 3409; baseline 0.009 -10"><span class='ocrx_word' id='word_1_218' title='bbox 529 3359 556 3385; x_wconf 73' lang='lat'><em>¹</em></span> <span class='ocrx_word' id='word_1_219' title='bbox 590 3354 653 3402; x_wconf 92' lang='lat' dir='ltr'><strong>V.</strong></span> <span class='ocrx_word' id='word_1_220' title='bbox 680 3353 900 3406; x_wconf 82' lang='lat' dir='ltr'><strong>Quintil.</strong></span> <span class='ocrx_word' id='word_1_221' title='bbox 925 3354 968 3404; x_wconf 91' lang='lat'><strong>1.</strong></span> <span class='ocrx_word' id='word_1_222' title='bbox 993 3355 1063 3406; x_wconf 89' lang='grc' dir='ltr'><strong>Ο.</strong></span> <span class='ocrx_word' id='word_1_223' title='bbox 1087 3370 1125 3407; x_wconf 84' lang='lat' dir='ltr'><strong>r.</strong></span> <span class='ocrx_word' id='word_1_224' title='bbox 1147 3361 1198 3408; x_wconf 79' lang='lat'><strong>5.</strong></span> <span class='ocrx_word' id='word_1_225' title='bbox 1222 3361 1303 3407; x_wconf 80' lang='lat'><strong>56.</strong></span> <span class='ocrx_word' id='word_1_226' title='bbox 1324 3365 1382 3408; x_wconf 91' lang='lat' dir='ltr'><strong>et</strong></span> <span class='ocrx_word' id='word_1_227' title='bbox 1401 3372 1526 3409; x_wconf 85' lang='lat' dir='ltr'><strong>vm.</strong></span> 
     </span>
    </p>

    <p class='ocr_par' dir='ltr' id='par_1_7' title="bbox 473 3434 590 3480">
     <span class='ocr_line' id='line_1_31' title="bbox 473 3434 590 3480; baseline 0.009 -1"><span class='ocrx_word' id='word_1_228' title='bbox 473 3434 519 3479; x_wconf 84' lang='lat' dir='ltr'><strong>l.</strong></span> <span class='ocrx_word' id='word_1_229' title='bbox 542 3434 590 3480; x_wconf 79' lang='lat'><strong>3.</strong></span> 
     </span>
    </p>

    <p class='ocr_par' dir='ltr' id='par_1_8' title="bbox 466 3504 1534 4254">
     <span class='ocr_line' id='line_1_32' title="bbox 492 3504 1534 3576; baseline 0.003 -19"><span class='ocrx_word' id='word_1_230' title='bbox 492 3516 497 3521; x_wconf 89' lang='grc'><em>·</em></span> <span class='ocrx_word' id='word_1_231' title='bbox 530 3515 552 3550; x_wconf 71' lang='lat'>5</span> <span class='ocrx_word' id='word_1_232' title='bbox 589 3508 685 3558; x_wconf 85' lang='lat' dir='ltr'><strong>Cui</strong></span> <span class='ocrx_word' id='word_1_233' title='bbox 705 3509 1019 3572; x_wconf 72' lang='lat' dir='ltr'><strong>conjecturae</strong></span> <span class='ocrx_word' id='word_1_234' title='bbox 1033 3504 1348 3576; x_wconf 68' lang='lat' dir='ltr'><strong>favet,quod</strong></span> <span class='ocrx_word' id='word_1_235' title='bbox 1366 3511 1534 3564; x_wconf 78' lang='lat' dir='ltr'><strong>Quin-</strong></span> 
     </span>
     <span class='ocr_line' id='line_1_33' title="bbox 470 3584 1529 3654; baseline 0.007 -21"><span class='ocrx_word' id='word_1_236' title='bbox 470 3584 547 3635; x_wconf 82' lang='lat' dir='ltr'><strong>til.</strong></span> <span class='ocrx_word' id='word_1_237' title='bbox 568 3598 605 3634; x_wconf 90' lang='lat'><strong>1.</strong></span> <span class='ocrx_word' id='word_1_238' title='bbox 629 3590 679 3635; x_wconf 92' lang='grc'><strong>7.</strong></span> <span class='ocrx_word' id='word_1_239' title='bbox 704 3591 786 3636; x_wconf 81' lang='grc'><strong>24.</strong></span> <span class='ocrx_word' id='word_1_240' title='bbox 808 3586 982 3647; x_wconf 87' lang='lat' dir='ltr'><strong>docet,</strong></span> <span class='ocrx_word' id='word_1_241' title='bbox 998 3587 1198 3637; x_wconf 75' lang='lat' dir='ltr'><strong>Livium</strong></span> <span class='ocrx_word' id='word_1_242' title='bbox 1217 3588 1316 3639; x_wconf 73' lang='lat' dir='ltr'><strong>sibe</strong></span> <span class='ocrx_word' id='word_1_243' title='bbox 1338 3594 1393 3639; x_wconf 86' lang='lat' dir='ltr'><strong>et</strong></span> <span class='ocrx_word' id='word_1_244' title='bbox 1414 3604 1529 3654; x_wconf 75' lang='lat' dir='ltr'><strong>qua-</strong></span> 
     </span>
     <span class='ocr_line' id='line_1_34' title="bbox 466 3662 1533 3728; baseline 0.005 -18"><span class='ocrx_word' id='word_1_245' title='bbox 466 3676 517 3710; x_wconf 79' lang='lat' dir='ltr'><strong>se</strong></span> <span class='ocrx_word' id='word_1_246' title='bbox 540 3663 810 3725; x_wconf 77' lang='lat' dir='ltr'><strong>scripsisse</strong></span> <span class='ocrx_word' id='word_1_247' title='bbox 835 3677 928 3725; x_wconf 84' lang='lat' dir='ltr'><strong>pro</strong></span> <span class='ocrx_word' id='word_1_248' title='bbox 948 3662 1045 3712; x_wconf 81' lang='lat' dir='ltr'><strong>sibi</strong></span> <span class='ocrx_word' id='word_1_249' title='bbox 1073 3671 1125 3712; x_wconf 88' lang='lat' dir='ltr'><strong>et</strong></span> <span class='ocrx_word' id='word_1_250' title='bbox 1161 3665 1313 3728; x_wconf 77' lang='lat' dir='ltr'><strong>quasi.</strong></span> <span class='ocrx_word' id='word_1_251' title='bbox 1356 3666 1533 3714; x_wconf 87' lang='lat' dir='ltr'><strong>Enim·</strong></span> 
     </span>
     <span class='ocr_line' id='line_1_35' title="bbox 472 3739 1529 3805; baseline 0.007 -20"><span class='ocrx_word' id='word_1_252' title='bbox 472 3753 593 3787; x_wconf 88' lang='lat' dir='ltr'><strong>vero</strong></span> <span class='ocrx_word' id='word_1_253' title='bbox 618 3739 668 3788; x_wconf 90' lang='lat' dir='ltr'><strong>id</strong></span> <span class='ocrx_word' id='word_1_254' title='bbox 697 3754 800 3788; x_wconf 86' lang='lat' dir='ltr'><strong>non</strong></span> <span class='ocrx_word' id='word_1_255' title='bbox 824 3742 1088 3805; x_wconf 87' lang='lat' dir='ltr'><strong>proprium</strong></span> <span class='ocrx_word' id='word_1_256' title='bbox 1115 3743 1402 3805; x_wconf 76' lang='lat' dir='ltr'><strong>PataviniS,</strong></span> <span class='ocrx_word' id='word_1_257' title='bbox 1436 3740 1529 3792; x_wconf 85' lang='lat' dir='ltr'><strong>sed</strong></span> 
     </span>
     <span class='ocr_line' id='line_1_36' title="bbox 468 3813 1530 3883; baseline 0.006 -21"><span class='ocrx_word' id='word_1_258' title='bbox 468 3813 738 3864; x_wconf 81' lang='lat' dir='ltr'><strong>literarum</strong></span> <span class='ocrx_word' id='word_1_259' title='bbox 774 3833 801 3866; x_wconf 83' lang='lat' dir='ltr'><strong>e</strong></span> <span class='ocrx_word' id='word_1_260' title='bbox 838 3825 893 3866; x_wconf 87' lang='lat' dir='ltr'><strong>et</strong></span> <span class='ocrx_word' id='word_1_261' title='bbox 926 3818 948 3866; x_wconf 72' lang='lat' dir='ltr'><strong>i</strong></span> <span class='ocrx_word' id='word_1_262' title='bbox 980 3832 1126 3868; x_wconf 83' lang='lat' dir='ltr'><strong>usum</strong></span> <span class='ocrx_word' id='word_1_263' title='bbox 1168 3819 1219 3867; x_wconf 87' lang='lat' dir='ltr'><strong>in</strong></span> <span class='ocrx_word' id='word_1_264' title='bbox 1258 3819 1530 3883; x_wconf 81' lang='lat' dir='ltr'><strong>permultis</strong></span> 
     </span>
     <span class='ocr_line' id='line_1_37' title="bbox 469 3892 1528 3961; baseline 0.006 -21"><span class='ocrx_word' id='word_1_265' title='bbox 469 3892 683 3942; x_wconf 82' lang='lat' dir='ltr'><strong>vocibus</strong></span> <span class='ocrx_word' id='word_1_266' title='bbox 721 3896 1065 3959; x_wconf 77' lang='lat' dir='ltr'><strong>promiscuum</strong></span> <span class='ocrx_word' id='word_1_267' title='bbox 1105 3895 1267 3946; x_wconf 85' lang='lat' dir='ltr'><strong>fuisse</strong></span> <span class='ocrx_word' id='word_1_268' title='bbox 1300 3897 1528 3961; x_wconf 84' lang='lat' dir='ltr'><strong>antiquis</strong></span> 
     </span>
     <span class='ocr_line' id='line_1_38' title="bbox 470 3968 1528 4036; baseline 0.003 -19"><span class='ocrx_word' id='word_1_269' title='bbox 470 3968 830 4031; x_wconf 84' lang='lat' dir='ltr'><strong>scriptoribus,</strong></span> <span class='ocrx_word' id='word_1_270' title='bbox 851 3985 916 4019; x_wconf 82' lang='lat' dir='ltr'><strong>ex</strong></span> <span class='ocrx_word' id='word_1_271' title='bbox 940 3971 1200 4036; x_wconf 85' lang='lat' dir='ltr'><strong>inscriptt.</strong></span> <span class='ocrx_word' id='word_1_272' title='bbox 1238 3973 1366 4024; x_wconf 85' lang='lat' dir='ltr'><strong>Mss.</strong></span> <span class='ocrx_word' id='word_1_273' title='bbox 1388 3972 1528 4023; x_wconf 80' lang='lat' dir='ltr'><strong>Gen.</strong></span> 
     </span>
     <span class='ocr_line' id='line_1_39' title="bbox 470 4046 1527 4121; baseline 0.005 -28"><span class='ocrx_word' id='word_1_274' title='bbox 470 4057 527 4093; x_wconf 87' lang='lat' dir='ltr'><strong>x.</strong></span> <span class='ocrx_word' id='word_1_275' title='bbox 548 4048 632 4121; x_wconf 59' lang='lat'><strong>24.</strong></span> <span class='ocrx_word' id='word_1_276' title='bbox 688 4046 906 4096; x_wconf 80' lang='lat' dir='ltr'><strong>Quintil.</strong></span> <span class='ocrx_word' id='word_1_277' title='bbox 932 4060 969 4096; x_wconf 84' lang='grc' dir='ltr'><strong>ι.</strong></span> <span class='ocrx_word' id='word_1_278' title='bbox 991 4051 1041 4098; x_wconf 80' lang='grc'><strong>4.</strong></span> <span class='ocrx_word' id='word_1_279' title='bbox 1067 4058 1120 4099; x_wconf 86' lang='lat' dir='ltr'><strong>et</strong></span> <span class='ocrx_word' id='word_1_280' title='bbox 1140 4052 1188 4099; x_wconf 92' lang='grc'><strong>7.</strong></span> <span class='ocrx_word' id='word_1_281' title='bbox 1239 4049 1448 4099; x_wconf 80' lang='lat' dir='ltr'><strong>Donato</strong></span> <span class='ocrx_word' id='word_1_282' title='bbox 1473 4050 1527 4098; x_wconf 88' lang='lat' dir='ltr'><strong>in</strong></span> 
     </span>
     <span class='ocr_line' id='line_1_40' title="bbox 469 4122 1528 4189; baseline 0.005 -19"><span class='ocrx_word' id='word_1_283' title='bbox 469 4122 680 4171; x_wconf 78' lang='lat' dir='ltr'><strong>Terent.</strong></span> <span class='ocrx_word' id='word_1_284' title='bbox 706 4122 914 4172; x_wconf 83' lang='lat' dir='ltr'><strong>Phorm.</strong></span> <span class='ocrx_word' id='word_1_285' title='bbox 932 4136 971 4172; x_wconf 86' lang='lat'><strong>1.</strong></span> <span class='ocrx_word' id='word_1_286' title='bbox 992 4129 1039 4173; x_wconf 92' lang='grc'><strong>1.</strong></span> <span class='ocrx_word' id='word_1_287' title='bbox 1061 4132 1118 4176; x_wconf 88' lang='lat' dir='ltr'><strong>et</strong></span> <span class='ocrx_word' id='word_1_288' title='bbox 1133 4126 1245 4175; x_wconf 78' lang='lat' dir='ltr'><strong>aliis</strong></span> <span class='ocrx_word' id='word_1_289' title='bbox 1268 4126 1382 4189; x_wconf 82' lang='lat' dir='ltr'><strong>jam</strong></span> <span class='ocrx_word' id='word_1_290' title='bbox 1409 4140 1528 4189; x_wconf 87' lang='lat' dir='ltr'><strong>pro-</strong></span> 
     </span>
     <span class='ocr_line' id='line_1_41' title="bbox 470 4195 1524 4254; baseline 0.005 -8"><span class='ocrx_word' id='word_1_291' title='bbox 470 4195 616 4249; x_wconf 77' lang='lat' dir='ltr'><strong>bavit</strong></span> <span class='ocrx_word' id='word_1_292' title='bbox 639 4197 865 4253; x_wconf 83' lang='lat' dir='ltr'><strong>Morhof.</strong></span> <span class='ocrx_word' id='word_1_293' title='bbox 887 4198 952 4248; x_wconf 85' lang='lat' dir='ltr'><strong>de</strong></span> <span class='ocrx_word' id='word_1_294' title='bbox 989 4200 1227 4250; x_wconf 77' lang='lat' dir='ltr'><strong>Patavin.</strong></span> <span class='ocrx_word' id='word_1_295' title='bbox 1249 4201 1384 4254; x_wconf 78' lang='lat' dir='ltr'><strong>Livii</strong></span> <span class='ocrx_word' id='word_1_296' title='bbox 1407 4216 1453 4253; x_wconf 85' lang='lat' dir='ltr'><strong>c.</strong></span> <span class='ocrx_word' id='word_1_297' title='bbox 1473 4205 1524 4252; x_wconf 75' lang='grc'><strong>3.</strong></span> 
     </span>
    </p>
   </div>
   <div class='ocr_carea' id='block_1_4' title="bbox 1589 3026 2419 3113">
    <p class='ocr_par' dir='ltr' id='par_1_9' title="bbox 1589 3026 2419 3113">
     <span class='ocr_line' id='line_1_42' title="bbox 1589 3026 2419 3113; baseline -0.002 -14"><span class='ocrx_word' id='word_1_298' title='bbox 1589 3026 1673 3099; x_wconf 43' lang='lat' dir='ltr'><strong>‘de</strong></span> <span class='ocrx_word' id='word_1_299' title='bbox 1698 3064 1800 3113; x_wconf 82' lang='lat' dir='ltr'><strong>quo</strong></span> <span class='ocrx_word' id='word_1_300' title='bbox 1825 3049 2001 3099; x_wconf 82' lang='lat' dir='ltr'><strong>libello</strong></span> <span class='ocrx_word' id='word_1_301' title='bbox 2026 3063 2078 3098; x_wconf 86' lang='lat' dir='ltr'><strong>v.</strong></span> <span class='ocrx_word' id='word_1_302' title='bbox 2100 3063 2215 3112; x_wconf 85' lang='lat' dir='ltr'><strong>sup.</strong></span> <span class='ocrx_word' id='word_1_303' title='bbox 2241 3054 2350 3098; x_wconf 86' lang='lat' dir='ltr'><strong>not.</strong></span> <span class='ocrx_word' id='word_1_304' title='bbox 2369 3052 2419 3097; x_wconf 90' lang='lat'><strong>1.</strong></span> 
     </span>
    </p>
   </div>
   <div class='ocr_carea' id='block_1_5' title="bbox 1606 3124 2671 3876">
    <p class='ocr_par' dir='ltr' id='par_1_10' title="bbox 1606 3124 2669 3483">
     <span class='ocr_line' id='line_1_43' title="bbox 1670 3124 2669 3186; baseline -0.003 -11"><span class='ocrx_word' id='word_1_305' title='bbox 1670 3135 1691 3162; x_wconf 79' lang='lat'>⁸</span> <span class='ocrx_word' id='word_1_306' title='bbox 1723 3127 1924 3175; x_wconf 88' lang='lat' dir='ltr'><strong>Livium</strong></span> <span class='ocrx_word' id='word_1_307' title='bbox 1949 3134 2005 3176; x_wconf 90' lang='lat' dir='ltr'><strong>et</strong></span> <span class='ocrx_word' id='word_1_308' title='bbox 2026 3124 2310 3175; x_wconf 72' lang='lat' dir='ltr'><strong>Patavinos</strong></span> <span class='ocrx_word' id='word_1_309' title='bbox 2343 3137 2518 3174; x_wconf 82' lang='lat' dir='ltr'><strong>earum</strong></span> <span class='ocrx_word' id='word_1_310' title='bbox 2554 3136 2669 3186; x_wconf 80' lang='lat' dir='ltr'><strong>par·</strong></span> 
     </span>
     <span class='ocr_line' id='line_1_44' title="bbox 1606 3200 2668 3260; baseline -0.004 -7"><span class='ocrx_word' id='word_1_311' title='bbox 1606 3203 1752 3260; x_wconf 85' lang='lat' dir='ltr'><strong>tium,</strong></span> <span class='ocrx_word' id='word_1_312' title='bbox 1779 3201 2013 3252; x_wconf 83' lang='lat' dir='ltr'><strong>Asinium</strong></span> <span class='ocrx_word' id='word_1_313' title='bbox 2054 3216 2175 3252; x_wconf 88' lang='lat' dir='ltr'><strong>vero</strong></span> <span class='ocrx_word' id='word_1_314' title='bbox 2199 3201 2488 3251; x_wconf 82' lang='lat' dir='ltr'><strong>Pollionem</strong></span> <span class='ocrx_word' id='word_1_315' title='bbox 2512 3200 2668 3250; x_wconf 84' lang='lat' dir='ltr'><strong>Pom·</strong></span> 
     </span>
     <span class='ocr_line' id='line_1_45' title="bbox 1607 3275 2667 3343; baseline -0.002 -14"><span class='ocrx_word' id='word_1_316' title='bbox 1607 3279 1804 3343; x_wconf 74' lang='lat' dir='ltr'><strong>peianis</strong></span> <span class='ocrx_word' id='word_1_317' title='bbox 1827 3279 2100 3329; x_wconf 80' lang='lat' dir='ltr'><strong>adversum</strong></span> <span class='ocrx_word' id='word_1_318' title='bbox 2123 3275 2304 3339; x_wconf 79' lang='lat' dir='ltr'><strong>fuisse,</strong></span> <span class='ocrx_word' id='word_1_319' title='bbox 2324 3277 2518 3329; x_wconf 81' lang='lat' dir='ltr'><strong>docent</strong></span> <span class='ocrx_word' id='word_1_320' title='bbox 2535 3277 2667 3327; x_wconf 80' lang='lat' dir='ltr'><strong>Tae.</strong></span> 
     </span>
     <span class='ocr_line' id='line_1_46' title="bbox 1607 3352 2668 3407; baseline -0.004 0"><span class='ocrx_word' id='word_1_321' title='bbox 1607 3355 1745 3407; x_wconf 87' lang='lat' dir='ltr'><strong>Ann.</strong></span> <span class='ocrx_word' id='word_1_322' title='bbox 1766 3370 1845 3407; x_wconf 75' lang='grc' dir='ltr'><strong>ιν.</strong></span> <span class='ocrx_word' id='word_1_323' title='bbox 1866 3360 1947 3406; x_wconf 78' lang='grc'><strong>34.</strong></span> <span class='ocrx_word' id='word_1_324' title='bbox 1981 3355 2216 3405; x_wconf 82' lang='lat' dir='ltr'><strong>Macrob.</strong></span> <span class='ocrx_word' id='word_1_325' title='bbox 2235 3355 2345 3404; x_wconf 79' lang='lat' dir='ltr'><strong>Sat.</strong></span> <span class='ocrx_word' id='word_1_326' title='bbox 2372 3357 2507 3405; x_wconf 88' lang='lat'><strong>1.11.</strong></span> <span class='ocrx_word' id='word_1_327' title='bbox 2547 3352 2668 3404; x_wconf 85' lang='lat' dir='ltr'><strong>Vel·</strong></span> 
     </span>
     <span class='ocr_line' id='line_1_47' title="bbox 1606 3429 2496 3483; baseline -0.002 -1"><span class='ocrx_word' id='word_1_328' title='bbox 1606 3432 1693 3482; x_wconf 74' lang='lat' dir='ltr'><strong>lei.</strong></span> <span class='ocrx_word' id='word_1_329' title='bbox 1717 3446 1779 3483; x_wconf 80' lang='grc' dir='ltr'><strong>ιι.</strong></span> <span class='ocrx_word' id='word_1_330' title='bbox 1801 3436 1882 3482; x_wconf 79' lang='grc'><strong>63.</strong></span> <span class='ocrx_word' id='word_1_331' title='bbox 1907 3429 1988 3482; x_wconf 84' lang='lat' dir='ltr'><strong>cf.</strong></span> <span class='ocrx_word' id='word_1_332' title='bbox 2013 3429 2236 3481; x_wconf 71' lang='lat' dir='ltr'><strong>Mor-hof.</strong></span> <span class='ocrx_word' id='word_1_333' title='bbox 2261 3431 2294 3479; x_wconf 83' lang='lat' dir='ltr'><strong>i.</strong></span> <span class='ocrx_word' id='word_1_334' title='bbox 2320 3445 2357 3481; x_wconf 85' lang='grc' dir='ltr'><strong>ι.</strong></span> <span class='ocrx_word' id='word_1_335' title='bbox 2380 3445 2426 3480; x_wconf 89' lang='lat' dir='ltr'><strong>c.</strong></span> <span class='ocrx_word' id='word_1_336' title='bbox 2447 3434 2496 3480; x_wconf 75' lang='lat'><strong>2.</strong></span> 
     </span>
    </p>

    <p class='ocr_par' dir='ltr' id='par_1_11' title="bbox 1611 3505 2671 3876">
     <span class='ocr_line' id='line_1_48' title="bbox 1672 3505 2665 3559; baseline -0.006 -1"><span class='ocrx_word' id='word_1_337' title='bbox 1672 3517 1697 3543; x_wconf 76' lang='lat'>⁸</span> <span class='ocrx_word' id='word_1_338' title='bbox 1729 3511 1857 3558; x_wconf 74' lang='lat' dir='ltr'><strong>Eam</strong></span> <span class='ocrx_word' id='word_1_339' title='bbox 1894 3508 1981 3559; x_wconf 82' lang='lat' dir='ltr'><strong>Jo.</strong></span> <span class='ocrx_word' id='word_1_340' title='bbox 2023 3507 2277 3557; x_wconf 84' lang='lat' dir='ltr'><strong>Buherius</strong></span> <span class='ocrx_word' id='word_1_341' title='bbox 2316 3506 2381 3555; x_wconf 88' lang='lat' dir='ltr'><strong>de</strong></span> <span class='ocrx_word' id='word_1_342' title='bbox 2419 3505 2665 3556; x_wconf 78' lang='lat' dir='ltr'><strong>Patavin.</strong></span> 
     </span>
     <span class='ocr_line' id='line_1_49' title="bbox 1612 3580 2666 3646; baseline -0.005 -11"><span class='ocrx_word' id='word_1_343' title='bbox 1612 3584 1741 3635; x_wconf 80' lang='lat' dir='ltr'><strong>Livii</strong></span> <span class='ocrx_word' id='word_1_344' title='bbox 1773 3586 1847 3635; x_wconf 87' lang='lat' dir='ltr'><strong>ita</strong></span> <span class='ocrx_word' id='word_1_345' title='bbox 1883 3584 2091 3646; x_wconf 82' lang='lat' dir='ltr'><strong>festive,</strong></span> <span class='ocrx_word' id='word_1_346' title='bbox 2130 3584 2252 3634; x_wconf 82' lang='lat' dir='ltr'><strong>iicet</strong></span> <span class='ocrx_word' id='word_1_347' title='bbox 2276 3581 2519 3645; x_wconf 72' lang='lat' dir='ltr'><strong>maligne,</strong></span> <span class='ocrx_word' id='word_1_348' title='bbox 2556 3580 2666 3631; x_wconf 88' lang='lat' dir='ltr'><strong>dic-</strong></span> 
     </span>
     <span class='ocr_line' id='line_1_50' title="bbox 1614 3659 2669 3726; baseline -0.004 -15"><span class='ocrx_word' id='word_1_349' title='bbox 1614 3669 1717 3712; x_wconf 83' lang='lat' dir='ltr'><strong>tam</strong></span> <span class='ocrx_word' id='word_1_350' title='bbox 1740 3661 2007 3726; x_wconf 74' lang='lat' dir='ltr'><strong>censebat,</strong></span> <span class='ocrx_word' id='word_1_351' title='bbox 2028 3659 2149 3726; x_wconf 84' lang='lat' dir='ltr'><strong>quia</strong></span> <span class='ocrx_word' id='word_1_352' title='bbox 2168 3659 2536 3709; x_wconf 75' lang='lat' dir='ltr'><strong>Patavinorum</strong></span> <span class='ocrx_word' id='word_1_353' title='bbox 2561 3673 2669 3708; x_wconf 87' lang='lat' dir='ltr'><strong>mu·</strong></span> 
     </span>
     <span class='ocr_line' id='line_1_51' title="bbox 1611 3733 2671 3799; baseline -0.004 -13"><span class='ocrx_word' id='word_1_354' title='bbox 1611 3738 1766 3788; x_wconf 80' lang='lat' dir='ltr'><strong>lieres</strong></span> <span class='ocrx_word' id='word_1_355' title='bbox 1791 3738 1841 3786; x_wconf 88' lang='lat' dir='ltr'><strong>in</strong></span> <span class='ocrx_word' id='word_1_356' title='bbox 1867 3737 2120 3786; x_wconf 84' lang='lat' dir='ltr'><strong>Venerem</strong></span> <span class='ocrx_word' id='word_1_357' title='bbox 2145 3733 2437 3799; x_wconf 75' lang='lat' dir='ltr'><strong>frigidiores</strong></span> <span class='ocrx_word' id='word_1_358' title='bbox 2455 3744 2508 3783; x_wconf 85' lang='lat' dir='ltr'><strong>et</strong></span> <span class='ocrx_word' id='word_1_359' title='bbox 2526 3748 2671 3783; x_wconf 81' lang='lat' dir='ltr'><strong>seve-</strong></span> 
     </span>
     <span class='ocr_line' id='line_1_52' title="bbox 1611 3810 2671 3876; baseline -0.006 -12"><span class='ocrx_word' id='word_1_360' title='bbox 1611 3828 1694 3864; x_wconf 80' lang='lat' dir='ltr'><strong>ras</strong></span> <span class='ocrx_word' id='word_1_361' title='bbox 1710 3815 1931 3863; x_wconf 82' lang='lat' dir='ltr'><strong>moribus</strong></span> <span class='ocrx_word' id='word_1_362' title='bbox 1944 3811 2104 3863; x_wconf 75' lang='lat' dir='ltr'><strong>fuisse</strong></span> <span class='ocrx_word' id='word_1_363' title='bbox 2118 3817 2436 3876; x_wconf 74' lang='lat' dir='ltr'><strong>cognoverat</strong></span> <span class='ocrx_word' id='word_1_364' title='bbox 2444 3825 2511 3861; x_wconf 83' lang='lat' dir='ltr'><strong>ex</strong></span> <span class='ocrx_word' id='word_1_365' title='bbox 2529 3810 2671 3860; x_wconf 78' lang='lat' dir='ltr'><strong>Mar-</strong></span> 
     </span>
    </p>
   </div>
   <div class='ocr_carea' id='block_1_6' title="bbox 1596 3890 2455 3953">
    <p class='ocr_par' dir='ltr' id='par_1_12' title="bbox 1596 3890 2455 3953">
     <span class='ocr_line' id='line_1_53' title="bbox 1596 3890 2455 3953; baseline -0.003 -11"><span class='ocrx_word' id='word_1_366' title='bbox 1596 3891 1723 3943; x_wconf 77' lang='lat' dir='ltr'><strong>·tinl.</strong></span> <span class='ocrx_word' id='word_1_367' title='bbox 1750 3904 1827 3940; x_wconf 81' lang='lat' dir='ltr'><strong>rx.</strong></span> <span class='ocrx_word' id='word_1_368' title='bbox 1852 3893 1930 3939; x_wconf 92' lang='grc'><strong>17.</strong></span> <span class='ocrx_word' id='word_1_369' title='bbox 1952 3897 2008 3940; x_wconf 91' lang='lat' dir='ltr'><strong>et</strong></span> <span class='ocrx_word' id='word_1_370' title='bbox 2029 3890 2165 3940; x_wconf 85' lang='lat' dir='ltr'><strong>Plin.</strong></span> <span class='ocrx_word' id='word_1_371' title='bbox 2187 3890 2288 3953; x_wconf 79' lang='lat' dir='ltr'><strong>Ep.</strong></span> <span class='ocrx_word' id='word_1_372' title='bbox 2308 3903 2350 3939; x_wconf 85' lang='lat' dir='ltr'><strong>r.</strong></span> <span class='ocrx_word' id='word_1_373' title='bbox 2375 3893 2455 3940; x_wconf 80' lang='grc'><strong>14.</strong></span> 
     </span>
    </p>
   </div>
   <div class='ocr_carea' id='block_1_7' title="bbox 1610 3962 2669 4181">
    <p class='ocr_par' dir='ltr' id='par_1_13' title="bbox 1610 3962 2669 4181">
     <span class='ocr_line' id='line_1_54' title="bbox 1670 3962 2669 4025; baseline -0.006 -7"><span class='ocrx_word' id='word_1_374' title='bbox 1670 3967 1694 4002; x_wconf 75' lang='lat'><strong>¹³</strong></span> <span class='ocrx_word' id='word_1_375' title='bbox 1730 3968 1863 4018; x_wconf 80' lang='lat' dir='ltr'><strong>Hoec</strong></span> <span class='ocrx_word' id='word_1_376' title='bbox 1901 3974 1958 4016; x_wconf 89' lang='lat' dir='ltr'><strong>et</strong></span> <span class='ocrx_word' id='word_1_377' title='bbox 1994 3966 2234 4017; x_wconf 81' lang='lat' dir='ltr'><strong>Morhofii</strong></span> <span class='ocrx_word' id='word_1_378' title='bbox 2261 3965 2521 4015; x_wconf 74' lang='lat' dir='ltr'><strong>sententia</strong></span> <span class='ocrx_word' id='word_1_379' title='bbox 2545 3962 2669 4025; x_wconf 75' lang='lat' dir='ltr'><strong>fuit,</strong></span> 
     </span>
     <span class='ocr_line' id='line_1_55' title="bbox 1610 4043 2664 4113; baseline 0 -18"><span class='ocrx_word' id='word_1_380' title='bbox 1610 4048 1697 4112; x_wconf 89' lang='lat' dir='ltr'><strong>qui</strong></span> <span class='ocrx_word' id='word_1_381' title='bbox 1736 4048 1850 4096; x_wconf 77' lang='lat' dir='ltr'><strong>illas</strong></span> <span class='ocrx_word' id='word_1_382' title='bbox 1890 4043 2119 4113; x_wconf 78' lang='lat' dir='ltr'><strong>aliasque</strong></span> <span class='ocrx_word' id='word_1_383' title='bbox 2159 4047 2484 4111; x_wconf 76' lang='lat' dir='ltr'><strong>conjecturas</strong></span> <span class='ocrx_word' id='word_1_384' title='bbox 2531 4046 2664 4095; x_wconf 86' lang='lat' dir='ltr'><strong>bene</strong></span> 
     </span>
     <span class='ocr_line' id='line_1_56' title="bbox 1612 4123 1988 4181; baseline -0.003 -7"><span class='ocrx_word' id='word_1_385' title='bbox 1612 4123 1862 4181; x_wconf 81' lang='lat' dir='ltr'><strong>refutavit</strong></span> <span class='ocrx_word' id='word_1_386' title='bbox 1885 4125 1921 4175; x_wconf 87' lang='grc' dir='ltr'><strong>Ι.</strong></span> <span class='ocrx_word' id='word_1_387' title='bbox 1948 4138 1988 4174; x_wconf 81' lang='lat'><strong>1.</strong></span> 
     </span>
    </p>
   </div>
   <div class='ocr_carea' id='block_1_8' title="bbox 3009 1940 3018 3497">
    <p class='ocr_par' dir='ltr' id='par_1_14' title="bbox 3009 1940 3018 3497">
     <span class='ocr_line' id='line_1_57' title="bbox 3009 1940 3018 3497; baseline 0 0"><span class='ocrx_word' id='word_1_388' title='bbox 3009 1940 3018 3497; x_wconf 95' lang='lat' dir='ltr'><strong> </strong></span> 
     </span>
    </p>
   </div>
   <div class='ocr_carea' id='block_1_9' title="bbox 3005 1940 3022 4893">
    <p class='ocr_par' dir='ltr' id='par_1_15' title="bbox 3005 1940 3022 4893">
     <span class='ocr_line' id='line_1_58' title="bbox 3005 1940 3022 4893; baseline 0 0"><span class='ocrx_word' id='word_1_389' title='bbox 3005 1940 3022 4893; x_wconf 95' lang='lat' dir='ltr'><strong> </strong></span> 
     </span>
    </p>
   </div>
  </div>
 </body>
</html>
