3034 4925
1009 416 1155 464 mu.
1204 415 1256 465 1.
1306 416 1468 464 cm.
1511 398 1621 464 20.

2277 398 2405 465 2:31

236 561 436 647 plenis
459 618 463 625 .
486 578 803 627 annorum
853 562 1153 627 omnium
1191 563 1432 647 spatiis
1462 561 1608 627 dies
1649 566 2127 644 congruerent!
2212 559 2404 626 Idem

233 666 513 762 nefastos
559 665 704 730 dies
747 666 1086 751 fastosque
1133 665 1349 744 recita
1408 668 1567 751 quia
1617 665 1980 749 aliquando
2031 665 2193 730 nihil
2253 686 2405 731 cum

232 768 475 852 populo
502 770 611 852 agi
641 768 803 834 utile
829 769 1130 835 futurum
1159 778 1351 836 erat.⁸

308 873 409 936 20.
452 872 627 937 Tum
666 874 1148 939 sacerdotibus
1172 873 1480 940 creandis
1504 882 1530 909 ⁸
1570 873 1864 938 animum
1900 870 2171 957 adjecit,
2199 891 2406 961 quan-

233 995 414 1059 quam
461 976 610 1060 ipse
656 977 949 1060 plurima
996 996 1190 1043 sacra
1238 975 1528 1056 obibat,'’
1572 996 1656 1041 ea
1702 974 2017 1053 maxime,
2050 993 2203 1058 quae
2234 993 2405 1039 nuno

235 1124 240 1129 ’
287 1147 307 1173 ⁶
338 1141 453 1191 Post
473 1141 666 1206 impleta
686 1144 978 1207 superiorum
998 1142 1201 1194 omnium
1224 1157 1453 1192 annornm
1476 1147 1704 1206 tempora,
1732 1141 1833 1191 dies
1865 1143 1929 1190 ad
1956 1140 2214 1206 pristinum
2231 1145 2410 1190 statum

191 1248 198 1255 ,
232 1206 436 1259 redirent.

1189 1287 1411 1342 NOTAE

230 1384 374 1448 notio,
406 1394 456 1436 et
490 1387 718 1451 Sigouio,
747 1403 898 1454 quem
936 1389 1268 1441 Robortellus

227 1460 492 1527 impugnat.
559 1466 794 1532 Uterque
821 1475 991 1517 tamen
1015 1468 1270 1519 Macrobii

231 1539 375 1589 utitur
395 1543 727 1594 auctoritate.
749 1570 762 1575 „
792 1545 893 1594 Sed
913 1561 1028 1597 cum
1052 1546 1165 1596 duae
1189 1544 1268 1595 fu·

230 1618 348 1667 erint
364 1620 576 1671 Romani
596 1622 898 1674 Kalendarii
915 1625 1266 1674 ordinationes

233 1706 259 1740 a
292 1695 452 1746 Numa
485 1699 762 1765 instituta’,
792 1702 904 1752 baec
939 1709 1130 1752 cuncta
1162 1717 1265 1752 non

230 1782 351 1834 egre
371 1775 635 1826 conciliari
659 1785 892 1840 possunt.
959 1779 1025 1827 Et
1046 1793 1170 1828 vero
1188 1777 1263 1828 fa-

228 1850 350 1895 tetur
379 1849 619 1914 Sigonius
638 1854 941 1916 posterioris
954 1853 1262 1918 descriptio·

227 1924 313 1987 nis,
334 1942 429 1990 qua
449 1944 615 1980 annus
631 1931 831 1980 dierum
855 1930 956 1981 fuit
975 1935 1091 1981 ³55.
1108 1933 1263 1997 eique

230 2009 387 2062 postes
425 2005 671 2057 adhibitae
728 2007 1139 2059 intercalationis
1184 2025 1261 2059 ra·

230 2076 373 2140 tiene,
402 2096 572 2143 verum
610 2099 730 2134 esse
759 2085 897 2149 quod
940 2086 1265 2137 Robortellus

228 2153 397 2219 aliique
418 2160 614 2216 volunt,
643 2175 827 2225 nempe
846 2163 1074 2224 vigesimo
1095 2170 1265 2226 quem

229 2244 334 2279 anno
367 2234 429 2283 ad
466 2244 657 2286 metam
691 2237 909 2288 eandem
938 2238 1092 2296 Solis,
1126 2241 1264 2291 unde

230 2309 318 2357 orti
331 2319 515 2375 essent,
539 2314 656 2364 dies
671 2328 957 2378 congruere
972 2333 987 2366 ι
1010 2326 1264 2381 ceterum,

228 2383 266 2430 si
293 2389 418 2438 ratio
447 2390 703 2442 habentur
735 2394 922 2456 prioris
954 2395 1265 2459 designatio·

229 2459 313 2523 nis,
343 2479 404 2514 ex
440 2483 537 2532 qua
570 2471 770 2520 scilicet
805 2470 989 2521 diebus
1020 2476 1134 2522 354.
1174 2473 1264 2521 ab·

227 2539 497 2592 solvebatur
538 2560 723 2610 annus,
765 2547 817 2596 id
871 2549 1099 2610 vigesimo
1142 2564 1264 2599 mo

225 2618 434 2668 evenisse
453 2624 751 2674 contendit:
789 2626 882 2674 sed
907 2633 1019 2675 tota
1037 2627 1151 2676 hec
1174 2641 1262 2675 an-

230 2691 274 2740 ni
300 2694 503 2748 Romani
541 2702 677 2750 ratio
715 2704 863 2761 satis,
897 2705 1099 2768 opinor,
1121 2719 1262 2762 com-

227 2769 359 2819 mode
378 2773 425 2821 in
448 2775 767 2829 Praefatione
789 2788 971 2831 nostra
992 2789 1076 2832 est
1096 2781 1261 2847 expli-

226 2853 345 2898 csta.

280 2930 302 2964 ἵ
332 2926 550 2989 Nefastes
569 2930 674 2980 dies
683 2931 1089 2998 fastosquefecit]
1139 2934 1265 2985 Die·

232 3011 328 3048 mm
361 3007 490 3069 apud
533 3009 791 3059 Romanos
830 3012 933 3061 tria
965 3012 1265 3063 discrimina

227 3074 336 3128 feeit
357 3094 416 3130 ex
440 3086 628 3135 Numae
649 3086 886 3137 instituto
910 3089 1146 3139 Macrob.
1170 3089 1259 3140 lib.

230 3163 265 3202 ι.
281 3155 472 3211 Saturn.
493 3178 539 3212 c.
560 3168 645 3213 16.
712 3164 858 3215 Alios
878 3166 955 3216 ait
984 3166 1148 3215 Festos
1171 3181 1259 3217 vo·

228 3233 338 3298 esri,
368 3239 448 3301 qui
486 3241 598 3290 Diis
636 3240 795 3291 dicati
830 3249 982 3303 sunt;
1019 3242 1266 3301 Profestos

228 3306 356 3374 alios,
407 3314 692 3366 bominibus
745 3318 816 3367 ob
870 3318 1260 3370 ministrandam

229 3391 321 3432 rem
355 3388 608 3449 privatam
649 3393 1011 3457 publicamque
1049 3409 1258 3446 conces·

227 3469 326 3521 *ως
366 3465 487 3515 alios
529 3468 794 3527 intervisas,
834 3471 1061 3521 Deorum
1102 3472 1264 3521 homi·

227 3547 432 3604 numque
448 3558 779 3608 communes3
809 3561 1027 3611 quorum
1059 3549 1263 3600 scilicet

227 3613 501 3673 quibusdam
533 3622 672 3671 horis
704 3620 784 3672 fas
817 3630 917 3683 est,
952 3623 1259 3687 quibusdam

226 3686 293 3737 fu
311 3707 406 3743 non
423 3706 503 3746 est
516 3698 604 3762 jus
627 3699 821 3749 dicere.
888 3699 972 3750 Ad
997 3700 1260 3752 Profestos

227 3778 511 3822 revocantur
545 3776 685 3825 Fasti
728 3777 934 3840 proprie
967 3776 1117 3842 dicti,
1148 3778 1260 3841 qui-

227 3839 310 3892 bus
348 3847 562 3900 Praetori
614 3854 736 3902 licet
796 3852 892 3903 fari
950 3854 1050 3903 tris
1103 3855 1262 3904 verba

228 3919 453 3986 solennia,
492 3935 507 3955 ⁶
534 3927 621 3989 do,
651 3928 789 3991 dico,
838 3929 1026 3979 addico
1040 3930 1073 3993 ς’
1107 3931 1259 3981 item-

228 4007 314 4058 que
344 4005 644 4068 comitiales,
692 4008 876 4072 quibus
912 4023 1030 4058 cum
1064 4010 1262 4073 populo

227 4073 299 4157 *gi
318 4085 499 4148 potest.
565 4082 781 4147 Νςίιεειί,
810 4084 959 4134 fastis
989 4087 1258 4145 contrarii,

228 4143 447 4202 &mter
464 4156 497 4204 ii
513 4159 655 4222 quib.
671 4168 814 4210 tacet
826 4159 1082 4211 Pratoris
1094 4162 1258 4213 tribu-

227 4225 556 4291 nal,quonism
575 4235 623 4283 ei
645 4250 742 4285 nou
766 4237 893 4286 licet
908 4237 1000 4301 jus
1025 4238 1223 4289 dicere.

277 4309 302 4337 ³
329 4305 463 4359 Nihil
479 4325 584 4362 cum
599 4315 766 4376 populo
785 4316 871 4377 agi
893 4316 1010 4366 utile
1027 4316 1256 4375 setarum

1349 1387 1476 1451 erat]
1499 1386 1517 1415 ⁸
1538 1387 1668 1438 Cum
1685 1386 1878 1451 populo
1898 1384 2091 1451 agere}
2113 1392 2197 1434 est
2223 1398 2406 1449 rogare

1349 1462 1539 1530 aliquid
1567 1464 1830 1528 populum,
1866 1463 2001 1527 quod
2027 1462 2281 1528 suffragiis
2304 1463 2408 1512 suis

1348 1549 1439 1592 aut
1460 1541 1664 1606 jubeat,
1687 1548 1776 1591 aut
1800 1547 1974 1591 vetetz
2002 1540 2053 1590 id
2077 1547 2178 1603 est,
2197 1540 2409 1590 comitia

1347 1618 1730 1684 habere,(quod
1751 1626 1831 1668 est
1848 1614 2116 1682 proprium
2135 1617 2406 1680 magistra-

1347 1685 1561 1763 tuum.)‘
1602 1695 1687 1746 Ab
1710 1696 1807 1745 hoc
1831 1692 2008 1745 differt
2040 1693 2056 1721 ‘
2078 1694 2191 1758 lege
2216 1693 2406 1758 agere,’

1345 1774 1398 1825 id
1421 1781 1520 1838 est,
1554 1790 1621 1825 ex
1643 1776 1756 1837 lege
1779 1773 1868 1840 jus
1888 1786 2031 1822 sunm
2056 1772 2297 1836 persequi
2323 1784 2408 1821 co-

1345 1865 1456 1902 ram
1478 1852 1800 1916 magistratu,
1835 1848 1973 1915 quod
1993 1850 2200 1915 privato
2218 1850 2407 1914 cuique

1340 1927 1487 1978 licet.

1413 2005 1543 2061 Quia
1574 2003 1829 2068 aliquando
1849 2003 1973 2054 nihil
1999 2018 2102 2054 cum
2132 2004 2303 2068 populo
2323 2002 2410 2065 agi

1342 2081 1695 2142 utilesuturum
1714 2079 1845 2144 eret]
1878 2079 2116 2162 Pertinet
2134 2080 2232 2129 boc
2250 2079 2408 2142 potis·

1344 2159 1527 2209 simum
1553 2159 1616 2207 ad
1643 2158 1900 2208 libertatis
1925 2167 2180 2223 tempora,
2204 2156 2410 2221 quibus,

1346 2237 1414 2285 ob
1450 2235 1809 2286 seditiosorum
1844 2236 2235 2300 magistratuum
2259 2234 2409 2283 moli·

1344 2313 1501 2369 mina,
1534 2313 1664 2363 utile
1701 2320 1817 2362 erat
1850 2312 1962 2361 dies
2000 2311 2245 2377 quosdam
2280 2300 2412 2371 esse,

1344 2391 1526 2456 quibus
1545 2404 1661 2440 cum
1688 2390 1877 2454 populo
1896 2404 2048 2454 agere
2069 2404 2170 2438 non
2194 2389 2375 2437 liceret
2395 2405 2410 2449 ;

1344 2477 1406 2519 ut
1426 2469 1572 2520 bonis
1595 2468 1796 2519 civibus
1815 2476 2021 2530 tempus
2038 2466 2100 2515 ad
2127 2464 2409 2529 impedien-

1343 2545 1464 2597 dum
1488 2547 1830 2596 violentorum
1855 2544 2184 2594 consiliorum
2209 2541 2407 2591 exitum

1340 2632 1672 2689 suppeteret,
1705 2622 1843 2688 quod
1867 2621 1978 2671 dies
2000 2619 2192 2670 nefasti
2217 2630 2409 2682 suppe-

1341 2701 1600 2751 ditabant.
1683 2700 1788 2750 Sed
1834 2699 2012 2749 neseio
2051 2712 2134 2758 an,
2176 2703 2409 2758 tempore

1344 2792 1543 2843 regum,
1575 2776 1831 2842 ejusmodi
1870 2790 1929 2825 re
1961 2774 2066 2824 ulla
2098 2786 2226 2838 opus
2254 2776 2412 2819 esset.

1340 2857 1398 2904 J.
1423 2856 1655 2905 Clericus.

1405 2939 1431 2968 ⁸
1462 2931 1798 2983 Sacerdotibus
1817 2926 2058 2990 creandis]
2104 2927 2281 2978 Numa
2300 2938 2407 2974 om-

1342 3010 1430 3060 nia
1461 3025 1578 3075 quae
1615 3010 1680 3060 ad
1707 3009 1980 3072 religiones
2002 3014 2060 3056 et
2083 3003 2408 3054 caerimonias

1342 3087 1682 3151 pertinebant
1733 3093 1853 3136 octo
1898 3085 2062 3145 libris,
2106 3083 2264 3146 juxta
2307 3088 2408 3130 tot·

1341 3164 1478 3215 idem
1501 3166 1834 3216 sacerdotum
1862 3177 2074 3227 genera,
2108 3161 2409 3226 complexus

1341 3249 1443 3303 est,
1464 3240 1728 3292 referente
1754 3241 2007 3305 Dionysio
2032 3239 2122 3289 lib.
2149 3252 2211 3288 u.

1404 3317 1429 3351 b
1461 3320 1570 3383 Ipse
1582 3321 1791 3383 plurima
1811 3334 1948 3369 sacra
1968 3316 2152 3379 obibat]
2191 3316 2407 3379 Dionys.

1340 3394 1477 3445 inter
1497 3397 1636 3461 regis
1653 3396 1829 3446 munia
1849 3395 2014 3459 primo
2039 3397 2153 3443 loco
2171 3398 2411 3442 recenset

1340 3484 1513 3521 curam
1539 3486 1821 3534 sacrorum,
1838 3479 1998 3537 atque
2022 3469 2408 3525 sacrificiorum,

1339 3554 1400 3599 ut
1441 3563 1539 3612 per
1579 3564 1695 3598 eum
1738 3555 2010 3613 gereretur
2053 3546 2297 3610 quicquid
2340 3544 2406 3593 ad

1340 3627 1486 3676 Deos
1510 3624 1793 3691 placandos
1811 3625 2118 3688 pertineret.
2165 3624 2250 3671 Sic
2268 3621 2407 3686 apud

1346 3702 1525 3754 Poem.
1555 3705 1569 3731 ‘
1589 3704 1703 3752 Rex
1738 3702 1922 3759 Anius,
1955 3715 2050 3750 rex
2085 3700 2219 3749 idem
2248 3698 2410 3748 botni-

1342 3793 1483 3841 uum,
1526 3778 1815 3843 Phoebique
1869 3774 2149 3828 sacerdos!
2226 3776 2313 3825 Sic
2355 3775 2406 3824 in

1340 3857 1572 3923 AEgypto
1601 3854 1898 3906 Mercurius
1932 3852 2317 3915 Trismegistus‚
2354 3852 2404 3900 in

1336 3933 1531 3986 Judaea
1576 3932 1906 3983 Hasamonoei
1945 3944 2011 3979 ex
2057 3928 2407 3978 Macchabaeis

1338 4014 1459 4062 orti.
1539 4011 1897 4073 Imperatores
1941 4021 2146 4071 quoque
2192 4006 2408 4056 Romani

1338 4086 1405 4137 ab
1441 4087 1668 4151 Augusti
1707 4100 1868 4148 usque
1909 4083 2226 4148 temporibus
2269 4085 2406 4133 inter

1339 4178 1532 4213 areana
1573 4162 1778 4226 imperii
1813 4160 2126 4218 habuerunt,
2162 4162 2403 4225 majesta-

1338 4247 1442 4290 tem
1487 4238 1738 4302 principis
1781 4236 2046 4301 pontificia
2090 4239 2403 4288 auctoritate

1336 4330 1396 4365 ac
1419 4314 1670 4379 religione
1692 4313 1912 4366 munire.
2167 4327 2173 4336 ·
