3034 4925
2307 368 2440 434 519

235 530 583 596 consulem
613 530 954 595 timuerat.
1041 527 1265 594 Semel
1298 549 1583 595 causam
1611 528 1810 606 dixit,
1838 547 1976 613 quo
2007 548 2271 616 semper
2290 550 2442 614 agee

230 652 312 698 re
341 633 570 697 omnia
612 632 856 698 solitus
887 636 1067 712 erat,
1104 633 1534 698 accusatorio
1581 632 1841 717 spiritu.
1927 630 2254 718 Adeoque
2282 654 2442 700 con-

232 735 491 801 stantia
521 750 648 800 sua
673 740 741 798 et
777 734 1073 800 tribunos
1105 734 1562 819 obstupefecit
1587 739 1656 800 et
1681 735 1977 819 plebem,
2005 743 2080 801 ut
2107 737 2282 801 diem
2309 738 2444 821 ipsi

230 854 365 901 sna
410 837 754 902 voluntate
794 836 1261 921 prodicerent:
1289 845 1340 888 ¹⁷
1366 834 1394 872 ¹¹
1438 837 1608 902 trabi
1655 837 1895 903 deinde
1942 857 2081 902 rem
2130 840 2444 904 sinerent.

234 934 452 1004 Haud
483 939 584 1004 ita
605 939 889 1004 multum
909 939 1165 1006 interim
1186 943 1514 1026 temporis
1542 940 1688 1007 fuit.
1765 939 1945 1007 Ante
1966 948 2210 1020 tamen,
2243 961 2445 1025 quam

230 1042 554 1126 prodicta
579 1042 726 1107 dies
748 1043 1017 1120 veniret,
1033 1045 1268 1109 morbo
1298 1041 1614 1110 moritur-¹
1699 1043 1917 1130 Cujus
1947 1064 2097 1112 cum
2122 1045 2447 1109 laudatio·

230 1162 392 1209 nem
419 1132 479 1179 ”s
505 1144 750 1213 tribuni
767 1145 822 1185 ¹⁸
863 1146 1080 1231 plebis
1108 1146 1435 1230 impedire
1460 1151 1909 1226 conarenturf·
1940 1149 2135 1233 plebs
2152 1148 2447 1213 fraudari

236 1245 508 1311 solenni
537 1244 787 1313 honore
825 1267 1210 1332 supremum
1240 1248 1420 1315 diem
1445 1252 1615 1317 tanti
1647 1251 1770 1315 viri
1811 1251 2075 1333 noluit;
2117 1258 2183 1316 et
2212 1250 2447 1317 lauda·

235 1348 497 1415 tionem
528 1355 668 1415 tam
706 1351 923 1435 eequis
953 1352 1229 1418 auribus
1257 1355 1503 1419 mortui
1536 1354 1813 1433 audivit,
1842 1375 2041 1439 quam
2084 1354 2225 1421 vivi
2248 1374 2450 1421 accu-

240 1453 576 1525 sationem
607 1454 950 1537 audierat;
993 1464 1060 1521 et
1090 1458 1422 1543 exequias
1458 1458 1768 1543 frequens
1797 1459 2190 1525 celebravit.

329 1555 443 1620 62.
521 1555 777 1622 Eodem
839 1576 1016 1624 anno
1069 1557 1390 1626 Valerius
1469 1564 1737 1641 consul,
1802 1582 1956 1629 cum
2015 1562 2326 1628 exercitu
2383 1561 2453 1625 in

241 1657 516 1741 AEquos
541 1660 912 1743 profectus,
936 1681 1090 1728 cum
1118 1663 1382 1730 hostem
1412 1665 1500 1730 ad
1533 1667 1842 1751 praelium
1873 1666 2114 1731 elicere
2135 1685 2263 1732 non
2292 1684 2451 1750 pos·-

243 1767 381 1839 set,
407 1767 636 1826 castra
658 1783 1049 1848 oppugnare
1070 1774 1175 1832 est
1191 1768 1493 1835 adortus.
1526 1832 1531 1837 ,
1581 1767 1940 1835 Prohibuit
1959 1768 2147 1835 foeda
2170 1777 2452 1852 tempes-

242 1869 406 1944 tas,⁰
448 1885 605 1930 cum
634 1868 956 1950 grandine
986 1890 1069 1936 ac
1097 1872 1458 1938 tonitribus
1478 1875 1659 1940 coelo
1687 1873 1979 1958 dejecta.
2043 1872 2454 1939 Admiratio-

245 1986 398 2031 nem
456 1967 699 2034 deinde
750 1972 972 2051 auxit‘,
1031 1972 1225 2057 signo
1277 1977 1576 2059 receptui
1634 1975 1820 2055 dato,
1881 1975 2050 2041 adeo
2089 1973 2456 2059 tranquilla

247 2071 574 2137 serenitas
604 2074 892 2154 reddita,
926 2084 1023 2148 ut,
1069 2077 1256 2142 velut
1296 2078 1577 2143 numine.
1619 2064 1848 2163 aliquo
1891 2078 2194 2155 defensa,
2230 2083 2458 2157 castra

1020 382 1165 431 me.
1212 382 1297 431 ιι.
1345 381 1509 431 cnr.
1551 366 1659 433 62.

1166 2260 1494 2281 OOOOOOONOO
1501 2260 1530 2280 O

234 2385 519 2450 plebe-17
554 2390 658 2440 Ma.
682 2391 860 2443 Veith.
883 2399 939 2444 et
961 2393 1047 2444 ed.
1069 2360 1288 2461 Doujat.
1324 2398 1780 2460 producerent-*18
1815 2392 2045 2444 Gronov.
2070 2391 2289 2457 Doujat·
2327 2389 2465 2452 crv‘voe

245 2452 565 2505 &aalma
586 2471 693 2507 cum
712 2464 750 2507 t.
2446 2503 2451 2512 ,

1243 2575 1293 2627 N
1302 2574 1466 2628 0¹1*AE

311 2651 344 2695 ἶ
376 2662 526 2712 Diem
561 2664 657 2728 ipsi
685 2683 776 2718 sau
824 2672 1069 2722 voluntate
1103 2673 1318 2737 prodice-
1461 2684 1485 2709 ¹¹
1524 2675 1645 2724 Cum
1680 2673 1862 2724 tribuni
1895 2672 2046 2736 plebis
2077 2670 2305 2734 impedire
2322 2683 2463 2718 conc-

246 2744 362 2789 reat
392 2738 746 2808 [producerent]
778 2746 794 2773 ‘
820 2745 1124 2800 Produc-ere
1146 2748 1318 2800 diem’
1397 2751 1595 2815 rentur]
1609 2753 1857 2816 Rectum,
1875 2751 2060 2800 saltem
2083 2746 2462 2801 damnatorum,

247 2821 356 2871 est,
378 2813 617 2879 proferre
642 2834 736 2869 reu
772 2826 1078 2885 protrahere
1111 2833 1318 2892 tempus

239 2890 460 2956 ¹iudicii,
481 2893 559 2941 vel
578 2895 654 2944 rei
664 2898 898 2960 agendae.
913 2900 1024 2951 Cic.
1048 2901 1115 2951 ad
1137 2902 1321 2955 Quint.

250 2967 435 3019 Fratr.
471 2969 508 3017 1.
553 2983 619 3021 ιι.
652 2987 741 3036 ep.
779 2978 830 3025 3.
865 2974 883 3002 ‘
903 2975 1171 3028 Producta
1208 2978 1319 3031 dien

250 3044 419 3093 estad
441 3058 517 3094 ιν.
542 3046 621 3097 Id.
646 3048 817 3099 Febr?

319 3118 335 3152 ¹
367 3120 540 3170 Morbo
583 3124 812 3191 moritur]
864 3128 1161 3182 Quinimmo
1208 3131 1320 3195 ipse

252 3194 355 3250 sibi
380 3194 580 3262 Appius
626 3210 838 3252 mortem
882 3205 1170 3258 conscivit:
1207 3207 1319 3273 ejus

254 3280 435 3322 tamen
482 3279 764 3328 necessarii
805 3281 987 3332 morbo
1027 3286 1318 3337 extinctum

165 3406 181 3421 ⁶
253 3348 542 3413 finxerunt,
564 3352 607 3402 si
632 3354 889 3420 Dionysio
911 3357 1061 3410 fides.

322 3434 361 3459 ¹¹¹
398 3428 548 3490 cnjus
569 3444 674 3479 cum
695 3432 731 3483 1.
766 3432 946 3497 [cnjus
981 3437 1321 3502 Ιαιιάαείοηιηι]

254 3499 367 3551 Hic
389 3503 565 3553 Romae
589 3520 619 3554 a
635 3506 700 3555 P.
719 3507 893 3559 Valer.
915 3510 1120 3575 Poplic.
1142 3513 1322 3563 induc·

257 3584 347 3626 tua
372 3591 480 3627 moa
505 3576 625 3644 fuit,
657 3589 736 3647 ut,
774 3581 1142 3637 defunctorum
1181 3589 1321 3639 iilus-

258 3654 417 3703 trinm
441 3669 659 3720 corpore
691 3658 745 3710 in
783 3657 949 3713 forum
976 3664 1172 3728 delato,
1193 3665 1327 3717 filius

252 3727 448 3795 pubes,
487 3740 595 3793 aut,
633 3735 677 3784 ai
731 3736 776 3787 ia
815 3736 1042 3797 deesset,
1083 3741 1214 3791 alius
1259 3756 1326 3792 ex

260 3803 501 3876 defuncti
532 3824 746 3875 genere,
777 3829 956 3865 eornm
991 3814 1132 3868 facta
1153 3832 1326 3868 coram

256 3882 416 3949 plebe
462 3900 558 3948 pro
603 3889 787 3939 rostris
832 3892 1070 3944 oratione
1113 3892 1325 3945 funebri

257 3960 529 4021 recitaret,
554 3965 814 4034 utPoiyb.
837 3970 930 4021 lib.
954 3985 1035 4023 vr.
1054 3972 1325 4025 describit.

257 4031 324 4088 Id
351 4045 534 4101 postea
550 4044 802 4094 matronis
826 4046 984 4097 etiam
1021 4062 1322 4100 concessum

259 4109 423 4166 fuisse
446 4126 568 4179 pout
590 4119 805 4172 Romam
827 4121 896 4173 de
920 4124 1086 4175 Gallis
1107 4124 1323 4184 Senoni-

257 4185 359 4240 b'us
395 4198 883 4258 receptamNoster
926 4200 964 4251 1.
989 4216 1041 4252 v.
1080 4216 1202 4267 cap.
1237 4208 1320 4253 50.

262 4274 504 4317 testatur·

1400 2834 1457 2876 et
1479 2826 1771 2891 proeaertim
1809 2824 2119 2892 majestatis,
2148 2837 2247 2873 nec
2270 2835 2463 2896 memof

1402 2903 1531 2954 riam
1554 2904 1823 2955 celebrare
1846 2903 2061 2965 licebat,
2088 2915 2188 2951 nec
2211 2898 2463 2962 imagines

1399 2980 1631 3044 habere;
1692 2996 1807 3046 qnae
1845 2994 1943 3030 nec
1981 2980 2031 3028 in
2069 2976 2340 3042 gentilium
2383 2974 2464 3023 fu·

1401 3070 1527 3106 nere
1572 3056 2011 3121 praeferebantur,
2060 3061 2118 3103 ut
2167 3068 2236 3104 ex
2278 3052 2471 3102 Tacito

1400 3132 1558 3183 variis
1582 3133 1708 3183 locis
1743 3139 1972 3183 constat.
2037 3129 2142 3181 Sed
2183 3135 2308 3180 ante
2341 3142 2467 3178 con·

1400 3207 1787 3261 demnatiouem
1834 3215 2039 3259 mortuo
2100 3221 2207 3263 reo,
2256 3205 2466 3269 integra

1396 3284 1509 3336 fere
1526 3287 1653 3351 jura
1673 3285 2012 3336 servabantur
2033 3300 2046 3333 :
2071 3282 2312 3349 quoniam
2333 3288 2350 3311 ‘
2367 3294 2467 3331 nec

1402 3361 1673 3411 damnatus
1694 3361 1902 3410 videtur
1924 3359 2061 3425 quis,
2088 3358 2253 3407 donec
2291 3354 2463 3406 reddi-

1401 3446 1511 3489 tum
1537 3440 1606 3488 sit
1639 3436 1933 3502 judicium-⁹
1999 3437 2174 3487 Quare
2211 3447 2314 3483 non
2354 3439 2466 3480 tan·

1403 3521 1511 3563 tum
1537 3513 1694 3564 solita
1718 3513 2006 3562 mobilitate
2040 3510 2344 3569 animorum,
2374 3506 2469 3556 aed

1393 3590 1516 3653 jure
1534 3604 1738 3655 quoque
1759 3605 1821 3638 ac
1838 3603 2007 3647 more,
2022 3584 2168 3650 plebs
2184 3583 2358 3648 Appio
2381 3597 2467 3631 sn·

1408 3680 1644 3730 premum
1684 3665 1927 3715 honorem
1967 3676 2295 3728 nequaquam
2335 3659 2468 3720 invi?

1409 3740 1635 3792 dendum
1660 3742 1881 3792 censuit.

1470 3826 1495 3852 ⁰
1528 3817 1788 3874 Pmlribuit
1806 3818 1947 3875 foeda
1976 3815 2250 3881 tempestus]
2310 3815 2467 3865 Tem·

1407 3903 1608 3961 pestas,
1631 3896 1730 3945 etsi
1756 3910 1849 3959 pro
1871 3894 2054 3960 quavis
2070 3891 2467 3944 meli-constitu.-

1406 3973 1549 4027 tione
1591 3972 1900 4037 accipiatur,
1937 3970 2128 4035 saepius
2178 3969 2462 4035 procellam

1400 4048 1680 4113 siguificat.
1710 4048 1816 4097 Hic
1836 4062 1931 4110 pro
1942 4045 2106 4096 imbre
2122 4046 2346 4096 maximo
2371 4033 2481 4107 μετ’

1399 4124 1712 4176 horrendam
1735 4122 2011 4188 caliginem
2040 4119 2205 4172 effuso
2229 4121 2468 4179 sumitur,

1401 4200 1815 4267 qnandoquidem
1830 4205 2116 4265 tempestas
2127 4199 2319 4252 dicitur
2339 4198 2354 4225 ‘
2364 4211 2471 4247 σοι·

1401 4279 1452 4328 lo
1474 4277 1723 4342 deject&
