3034 4925
485 363 570 430 12
938 427 945 432 ,
1176 377 1599 427 PaoOEmUM
1649 378 1746 424 DE
1796 378 1985 425 mvn

484 526 669 591 Satis
704 533 923 590 autem
967 527 1252 602 constat,
1286 522 1540 587 Ianum
1592 524 1889 606 principe
1921 523 2232 606 Augusto
2278 544 2412 590 non
2463 525 2668 590 modo

482 649 546 694 a.
600 627 690 693 U.
752 626 832 692 O.
883 642 1220 692 nocxxv.
1296 632 1455 711 post
1512 646 1800 709 pugnam
1864 626 2244 706 Actiacam,
2308 628 2424 693 sed
2493 633 2559 692 et
2606 648 2667 692 a.

486 746 835 796 Dccxxx.
878 730 951 794 in
995 729 1262 795 decimo
1312 729 1461 814 ejus
1515 728 1896 807 consulatu,
1950 727 2302 795 Cantabris
2358 730 2665 807 devictiS,

483 833 790 899 clausum
810 829 1073 896 fuisse.f
1156 830 1363 909 Quod
1393 833 1453 896 si
1473 832 1617 915 jam
1637 850 1720 894 eo
1751 835 2072 913 tempore,
2118 851 2251 914 quo
2283 829 2522 896 Livius
2550 831 2670 895 illa

478 936 771 1020 scripsit,
822 935 1073 1000 factum
1117 941 1315 1011 esset,
1351 933 1414 997 is
1455 932 1633 997 haud
1671 932 1870 998 dubie
1918 934 1985 997 in
2030 933 2313 1015 gratiam
2345 931 2659 1014 Augusti,

476 1029 701 1120 magni
731 1037 952 1117 amici,
991 1037 1168 1100 idem
1205 1042 1656 1114 memorasset,
1687 1035 1868 1118 quod
1910 1035 2085 1101 dixit
2127 1035 2316 1099 Suet.
2354 1032 2529 1117 Aug.
2559 1034 2668 1099 22.

478 1144 499 1176 ‘
525 1139 772 1204 Janum
828 1137 1207 1217 Quirinum,
1266 1139 1477 1202 semel
1531 1144 1739 1220 atque
1783 1139 2019 1203 iterum
2070 1157 2112 1203 a
2169 1139 2437 1205 condita
2482 1136 2670 1201 Urbe

476 1243 861 1307 memoriam
891 1246 1039 1306 ante
1070 1261 1266 1306 suam
1293 1241 1622 1320 clausum,
1647 1241 1719 1303 in
1759 1241 1969 1306 multo
2006 1241 2313 1306 breviore
2345 1239 2668 1322 temporis

477 1346 722 1427 spatio,
750 1352 928 1410 terra
957 1345 1258 1427 marique
1298 1363 1470 1427 pace
1504 1349 1720 1428 parta,
1752 1350 1857 1407 ter
1899 1342 2181 1407 clausit?
2246 1341 2434 1422 Quid
2459 1341 2667 1406 vero?

474 1467 698 1510 nonne
739 1446 1144 1511 Plutarchus
1173 1447 1321 1510 haec
1352 1445 1528 1511 scire
1579 1446 1799 1528 potuit
1821 1447 1851 1508 ‘t
1898 1450 2211 1511 ettamen
2250 1445 2450 1522 idem,
2482 1443 2670 1528 quod

476 1546 741 1625 Livius,
766 1547 851 1611 de
875 1549 1126 1631 templo
1144 1548 1306 1613 Jani
1332 1548 1641 1631 scripsit:
1690 1546 1782 1609 ἐπί
1809 1559 1884 1633 γε·
1911 1553 2009 1612 τοῦ
2040 1548 2345 1623 Σεβαστοῦ
2378 1544 2670 1632 Καίσαρος

479 1648 754 1726 ἐκλείσθη,
796 1647 1121 1740 καθελόντος
1162 1649 1472 1728 Ἀντώνιον,
1519 1650 1616 1712 καὶ
1669 1648 1949 1736 πρότερον,
2005 1649 2379 1714 ὑπατευόντων
2429 1648 2668 1734 Μάρκου

477 1750 732 1816 Ἀτιλίου
751 1753 849 1815 καὶ
882 1751 1046 1817 Τίτου
1076 1752 1372 1817 Μαλλίου.
1469 1751 1727 1818 Audio:
1774 1753 1899 1818 sed
1928 1754 2093 1820 nihil
2115 1754 2300 1819 aliud
2322 1754 2477 1818 inde
2509 1771 2669 1818 con-

473 1855 585 1920 fici
630 1857 897 1940 poterit,
923 1877 1125 1940 quam
1149 1856 1337 1921 illum
1368 1876 1547 1921 more
1572 1876 1696 1920 suo
1727 1857 2012 1922 Liviana
2042 1876 2237 1940 paene
2274 1856 2360 1921 ad
2391 1856 2668 1921 verbum

476 1961 914 2043 expressisse,
959 1961 1144 2025 nulla
1185 1960 1573 2024 mutationis
1603 1980 1817 2024 rerum
1845 1960 2104 2024 ratione
2126 1960 2397 2041 habita3
2441 1975 2664 2041 neque

475 2061 666 2125 locus
696 2064 843 2146 ejus
916 2062 1196 2127 Liviano
1239 2065 1435 2147 plane
1483 2062 1896 2146 respondet:
1938 2083 2116 2140 nam,
2159 2060 2339 2145 quod
2384 2060 2667 2144 Lipsius

465 2164 610 2247 jam
642 2163 856 2229 Elect.
890 2180 939 2227 1.
984 2164 1092 2229 20.
1123 2167 1408 2243 notavit,
1440 2165 1686 2231 Graeco
1733 2166 2047 2249 scriptori
2086 2184 2222 2228 non
2250 2162 2451 2239 idem,
2482 2159 2666 2244 quod

475 2262 815 2345 Romano,
873 2268 1291 2351 propositum
1342 2268 1492 2346 suit,
1553 2274 1629 2332 ut
1682 2272 2088 2332 enumeraret
2137 2265 2397 2350 quoties
2448 2263 2667 2328 Ianus

473 2366 714 2432 fnisset
752 2370 1046 2433 clausus.
1135 2368 1393 2434 Omitto
1446 2370 1608 2448 alia,
1657 2369 1834 2433 haud
1891 2370 2222 2452 graviora,
2277 2371 2666 2450 argumenta

473 2469 805 2551 Massoni,
828 2475 1070 2558 quibus
1103 2476 1256 2539 loco
1300 2477 1367 2539 in
1418 2482 1583 2539 nota
1622 2475 1684 2538 5.
1717 2472 1998 2539 laudato
2038 2474 2323 2558 probare
2365 2475 2666 2547 conatur,

471 2572 735 2658 Livium
767 2576 982 2640 serius
1011 2577 1319 2643 historiae
1342 2576 1717 2643 scribendae
1740 2575 2094 2641 consilium
2126 2575 2408 2657 cepisse.

629 2839 664 2921 §
706 2838 773 2903 3.
818 2835 924 2901 De
952 2840 1251 2905 exteriore
1256 2840 1481 2925 forma
1514 2850 1575 2903 et
1604 2837 1810 2903 indole
1838 2837 2107 2902 historice
2138 2835 2439 2902 Romame
2466 2858 2506 2898 a

1327 2939 1517 3005 Livio
1546 2939 1812 3024 scripta.

558 3075 838 3141 Minime
888 3077 1354 3142 incommodus
1393 3076 1502 3141 hic
1547 3077 1741 3141 locus
1785 3075 1998 3158 videri
2044 3073 2284 3158 possit,
2329 3069 2694 3187 permulta.

470 3178 792 3260 praefandi
819 3184 959 3243 tum
988 3181 1300 3245 universe
1333 3179 1418 3244 de
1448 3179 1639 3244 varia
1668 3184 1738 3243 et
1764 3177 2185 3243 historiarum
2211 3181 2281 3241 et
2309 3172 2665 3238 historico-

467 3300 613 3344 rum
642 3280 879 3345 veteris
906 3282 1427 3367 recentiorisque
1450 3283 1585 3348 aevi
1615 3282 1860 3359 indole,
1889 3289 1959 3345 et
1989 3280 2074 3345 de
2103 3280 2391 3344 utilitate
2418 3296 2502 3342 ac
2530 3273 2663 3338 fide

471 3400 703 3447 eorum
729 3389 908 3448 recte
946 3386 1366 3463 aestimanda,
1397 3393 1540 3451 tum
1569 3387 1638 3449 in
1667 3385 1900 3470 primis
1932 3384 2014 3448 de
2043 3379 2537 3465 antiquioribus
2564 3396 2663 3441 re·

468 3503 612 3549 rum
643 3484 1100 3552 Romanarum
1132 3489 1524 3554 auctoribus
1550 3493 1618 3554 et
1648 3489 1731 3553 de
1762 3487 2069 3552 Livianae
2101 3485 2399 3550 historiae
2421 3482 2661 3556 forma,

531 3700 554 3732 f
579 3702 716 3754 Quin
743 3701 900 3752 tertio
920 3703 1110 3755 Jauum
1146 3704 1373 3753 clausum
1411 3716 1526 3752 etse
1607 3700 1874 3752 decretum
1914 3699 2125 3764 quidem
2147 3713 2179 3747 a
2197 3698 2415 3756 Senatu,
2437 3691 2529 3741 sed
2551 3692 2663 3741 Da·

469 3793 518 3826 a.
556 3778 624 3828 U.
645 3778 703 3828 C.
737 3791 1003 3830 nccxxxr.
1039 3779 1091 3828 in
1133 3793 1213 3828 ιι.
1252 3779 1525 3829 consulatu
1606 3792 1779 3829 corum
1804 3785 1858 3828 et
1878 3779 2237 3827 Dalmatarum
2274 3771 2563 3835 irruptione
2595 3768 2661 3817 ir·

466 3850 711 3916 Augusti,
736 3854 829 3902 viri
852 3854 993 3904 docti
1016 3854 1170 3904 modo
1193 3854 1389 3905 laudati
1413 3854 1525 3904 alii·
1607 3855 1760 3905 ritum
1786 3853 2003 3904 factum.
2071 3852 2196 3916 Ipse
2231 3848 2368 3912 Aug.
2390 3847 2443 3897 iu
2467 3845 2662 3908 Ancyr-

468 3942 571 3994 que
590 3928 931 3983 contendunt,
974 3936 1316 3994 provocantes
1352 3930 1416 3978 ad
1452 3930 1526 3977 in·
1606 3932 1810 3998 lapide:
1848 3933 1863 3960 ‘
1889 3931 1993 3980 Ter
2030 3943 2113 3978 me
2149 3926 2385 3991 principe
2420 3920 2664 3972 clauden-

465 4003 800 4070 scriptionem
826 4005 1027 4070 lapidis,
1050 4007 1295 4057 Emeritae
1323 4008 1376 4056 in
1403 4007 1523 4056 Hia—
1605 4009 1728 4059 dum
1750 4007 1986 4058 decrevit
2008 4002 2253 4055 senatus!
2304 4001 2392 4051 Ita
2414 4014 2519 4049 rem
2543 3996 2662 4046 des-

464 4081 618 4145 pania
640 4081 857 4146 reperti,
877 4082 942 4130 ad
963 4082 1116 4132 Oros.
1141 4085 1172 4132 Ι.
1191 4098 1270 4133 vr.
1295 4091 1351 4132 et
1373 4084 1521 4134 Suet.
1605 4085 1823 4136 tinatam
1858 4082 2137 4134 Suetonius
2174 4078 2346 4143 posuit
2381 4090 2477 4141 pro
2499 4071 2660 4137 facta,

463 4158 600 4222 Aug.
623 4163 705 4209 22.
729 4159 816 4209 ubi
840 4167 1013 4210 tamen
1047 4160 1157 4210 Cel.
1178 4159 1392 4210 Wolfins
1404 4161 1517 4223 jam
1602 4175 1703 4211 non
1728 4166 1924 4227 praeter
1945 4155 2178 4208 morem.'

460 4234 574 4287 haec
595 4237 821 4288 monuit:
858 4238 1061 4290 ‘Tertio
1085 4246 1144 4288 ut
1166 4239 1519 4300 clauderetur,
