3034 4925
1029 389 1178 439 mn.
1226 389 1277 439 1.
1321 387 1485 441 cnr.
1528 375 1638 443 59.
2293 380 2428 448 343

196 532 755 621 custodibusque
773 533 1003 614 datis-,⁴
1025 555 1110 601 ne
1133 534 1287 621 quis
1310 553 1461 602 eum
1491 540 1746 604 motum
1772 537 2037 621 regibus
2065 540 2424 621 nuntiaret,

192 642 441 708 ceteri
467 639 725 718 armati,
745 639 916 706 duce
933 639 1173 716 Bruto,
1192 636 1485 704 Romam
1501 637 1805 725 profecti.
1869 638 2006 705 Ubi
2038 661 2123 706 eo
2153 650 2425 710 ventum

196 753 343 825 est,
373 762 804 830 quacumque
854 743 1128 823 incedit,
1175 748 1433 809 armata
1458 743 1820 810 multitudo
1851 759 2169 828 pavorem
2209 764 2290 813 ac
2322 754 2423 813 tu-

196 848 514 916 multum
543 847 731 913 facit.
788 846 1082 925 Rursus,
1099 847 1217 913 ubi
1234 846 1483 913 anteire
1500 847 1830 932 primores
1853 809 2147 915 civitatis
2175 849 2425 929 vident,

203 952 551 1038 quicquid
596 952 713 1029 sit,
739 951 916 1018 haud
944 959 1186 1016 temere
1217 970 1369 1016 esse
1397 956 1648 1017 rentur.
1738 951 1893 1017 Nec
1938 951 2254 1018 minorem
2280 971 2425 1018 mo·

200 1061 361 1124 tum
409 1056 784 1124 animorum
812 1053 1059 1121 Romae
1102 1059 1241 1120 tam
1273 1058 1468 1118 atrox
1513 1072 1623 1118 res
1665 1052 1850 1133 facit,
1881 1073 2083 1139 quam
2114 1051 2424 1121 Collatiae

202 1159 532 1225 fecerat.‘¹
620 1158 796 1242 Ergo
842 1177 933 1224 ex
973 1157 1286 1223 omnibus
1330 1156 1504 1221 locis
1538 1156 1719 1221 urbis
1766 1155 1835 1221 in
1882 1156 2093 1221 forum
2118 1158 2420 1223 curritur.

207 1261 385 1343 Quo
443 1264 648 1332 simul
676 1269 946 1329 ventum
985 1266 1114 1341 est,
1166 1278 1394 1346 praeco
1443 1259 1535 1326 ad
1579 1260 1916 1325 tribunum
1960 1257 2315 1332 Celerum}
2353 1261 2425 1325 in

210 1385 355 1451 quo
388 1370 540 1432 tum
568 1366 956 1450 magistratu
985 1365 1158 1431 sorte
1185 1363 1432 1429 Brutus
1460 1368 1627 1441 erat,
1680 1363 2009 1447 populum
2038 1362 2421 1430 advocavit.

211 1468 328 1536 Ibi
353 1471 585 1536 oratio
607 1467 865 1548 habita,
883 1487 1313 1554 nequaquam
1328 1465 1479 1552 ejus
1498 1465 1799 1550 pectoris
1817 1466 2216 1552 ingeniique,
2239 1465 2425 1550 quod

214 1574 619 1641 simulatum
648 1574 738 1642 ad
767 1593 918 1640 eam
939 1574 1113 1639 diem
1135 1573 1374 1652 fuerat,
1413 1569 1496 1637 de
1537 1570 1605 1638 vi
1635 1590 1733 1666 ‚³9
1760 1571 2037 1638 libidine
2064 1571 2229 1637 Sex.
2258 1572 2424 1637 Tar-

218 1677 465 1762 quinii,
509 1678 598 1744 de
643 1682 876 1763 stupro
897 1676 1172 1743 infando
1220 1674 1555 1742 Lucretiae
1581 1679 1653 1740 et
1679 1674 2048 1742 miserabili
2078 1675 2291 1752 caede,
2339 1674 2424 1741 de

219 1781 522 1848 orbitate
551 1781 963 1866 Tricipitini,
1004 1782 1114 1847 cui
1161 1786 1374 1846 morte
1403 1778 1562 1845 filiae
1591 1798 1805 1845 causa
1832 1780 2064 1844 mortis
2092 1778 2425 1862 indignior

223 1902 307 1948 ac
331 1884 788 1950 miserabilior
822 1890 1017 1951 esset.
1104 1882 1364 1948 Addita
1391 1883 1707 1967 superbia
1732 1883 1954 1967 ipsius
1979 1882 2179 1966 regis,
2221 1882 2425 1949 mise-

221 1986 478 2073 riaeque
502 1994 574 2054 et
599 1988 866 2055 labores
896 1987 1145 2074 plebis,
1174 1987 1243 2051 in
1268 1987 1490 2053 fossas
1520 1986 1918 2071 cloacasque
1938 1985 2423 2051 exhauriendas

206 2086 602 2160 .demersae.⁸
687 2090 1034 2159 Romanos
1073 2090 1398 2169 homines,
1428 2088 1725 2157 victores
1756 2088 2053 2154 omnium
2089 2087 2272 2153 circa
2300 2106 2424 2173 po·-

1134 2236 1498 2261 “menn“

290 2339 323 2385 2
355 2335 479 2387 Vct.
519 2336 609 2389 lib.
645 2343 696 2389 et
725 2343 1122 2405 quemque-8
1155 2339 1383 2403 Reponit
1414 2339 1467 2391 J.
1503 2340 1564 2391 F.
1596 2336 1827 2389 Gronov.
1846 2337 2237 2386 mamm-4
2269 2332 2288 2361 ‘
2308 2332 2429 2383 Ele·

230 2407 409 2464 genter
429 2403 576 2454 bunc
598 2403 767 2454 locum
792 2405 868 2456 ita
887 2406 1132 2456 emendat
1151 2404 1459 2459 Gronovius,
1491 2403 1614 2453 Inde
1640 2416 1752 2467 pars
1770 2400 1995 2467 prasidio
2016 2398 2173 2448 relicti
2194 2397 2429 2456 Collatia,

231 2468 292 2515 erl
308 2473 475 2531 portos
492 2469 767 2521 astodibas
783 2472 930 2536 dotis,
947 2474 1030 2536 ξε.
1095 2473 1353 2536 Majorem
1376 2477 1552 2522 sutem
1592 2466 2011 2535 probabilitatem
2034 2469 2187 2515 nacta
2210 2470 2291 2514 est
2314 2461 2429 2514 baec

234 2535 533 2589 emendatio
554 2535 869 2589 auctoritate
891 2539 1040 2588 nnius
1061 2537 1261 2590 codicis
1281 2537 1419 2602 apud
1442 2534 1604 2586 Drak.
1627 2532 1715 2584 ubi
1739 2546 1855 2598 pars
1876 2546 1969 2597 pro
1986 2530 2097 2597 pari
2117 2526 2432 2580 exhibetur.’

231 2595 461 2665 During.
499 2668 509 2673 ·
535 2601 786 2653 Gronovii
809 2603 1216 2654 emendationem
1241 2603 1427 2669 probat
1448 2608 1505 2653 et
1526 2602 1745 2666 Rupert.

1224 2734 1442 2788 No‘rAE

238 2834 461 2896 centem,
484 2846 706 2899 quorum
727 2829 1028 2898 praesidium
1050 2848 1196 2901 aeque
1231 2849 1297 2887 ex
1376 2832 1521 2884 cibus
1566 2831 1832 2896 permissa.
1889 2818 2044 2879 ‘Nam
2074 2826 2199 2891 Jnre
2236 2823 2431 2875 tribuni

241 2901 569 2960 ferocissimis
594 2910 872 2974 juvenum,
915 2918 972 2963 et
1013 2925 1079 2962 ex
1114 2918 1299 2964 cetera
1378 2909 1617 2960 Celerum
1634 2904 1834 2974 quidni,
1852 2903 2070 2954 absente
2090 2906 2435 2966 rege,centn·

220 2980 512 3047 -ju'emutss
536 2987 816 3039 Collatina-
1378 2987 1512 3039 riata
1536 2984 1707 3051 potius
1730 2982 2021 3038 indixisset,
2040 2984 2225 3044 utpote
2242 2990 2434 3027 novan-

304 3068 329 3102 ¹¹
363 3061 525 3118 Qssssm
569 3063 794 3114 Cvllatt'oe
822 3063 1038 3133 fecerat]
1095 3065 1298 3117 Horum
1377 3065 1457 3116 dis
1480 3079 1575 3131 per
1598 3061 1843 3129 patricios
1877 3058 2029 3111 rebus
2052 3055 2212 3122 magis
2233 3070 2436 3106 accom-

245 3135 363 3187 nihil
385 3140 650 3207 Collatiae,
673 3142 862 3202 omnis,
899 3149 1091 3208 praeter
1110 3143 1212 3193 vim
1241 3142 1301 3193 il·
1378 3141 1628 3193 modata?

246 3212 418 3282 lutam,
462 3220 646 3271 Romm
680 3217 823 3270 faeta
862 3227 1116 3271 memorat
1151 3219 1297 3271 Hali·

254 3301 388 3343 carn.

311 3374 330 3401 ¹·
358 3368 442 3421 Aa
484 3371 729 3425 tdbaaum
753 3374 992 3440 Ceteram]
1041 3375 1161 3426 Jam
1183 3385 1300 3436 cap.

254 3444 329 3495 15.
359 3446 558 3502 dictum
593 3457 677 3502 est
717 3452 991 3503 Romulum
1031 3450 1097 3502 ad
1130 3456 1302 3500 custo-

256 3517 385 3572 diam
407 3527 643 3592 corporis
663 3525 918 3593 delegisse
943 3532 1202 3579 trecentos
1214 3525 1300 3589 ju-

255 3605 424 3663 venes,
441 3602 532 3666 qui
555 3603 608 3652 in
624 3602 792 3670 equis,
807 3610 913 3662 aut.
930 3602 973 3654 si
996 3617 1125 3669 opus
1145 3608 1303 3664 esset,

254 3670 405 3726 etiam
428 3676 630 3751 pedites
649 3679 958 3746 militarent,
993 3679 1304 3742 celeresque

232 3750 583 3807 sonabantur.
641 3755 845 3807 Horum
870 3754 1148 3822 praefectus
1166 3754 1305 3805 dice·

261 3817 405 3875 batur
425 3829 662 3882 tribunus
683 3831 946 3898 Celerum,
977 3829 1255 3881 secundum
1275 3843 1307 3879 a

262 3902 459 3985 ‘fssibus
479 3908 722 3961 obtinens
737 3909 923 3960 locum.
988 3909 1115 3974 Ejus
1129 3921 1307 3959 mune·

261 3985 328 4025 ns
340 3980 552 4037 obtentu
563 3987 756 4041 Brutus
772 4000 909 4038 nunc
920 3988 1169 4053 populum
1185 4000 1308 4037 con·

266 4060 480 4124 vocavit.
563 4063 842 4137 Dionysius
878 4062 1189 4129 prefectum
1227 4077 1308 4113 sa-

269 4143 460 4219 crorum
481 4139 641 4193 fuisse
662 4145 883 4194 Brutum
917 4141 1119 4208 scribit,
1147 4139 1309 4208 idque

246 4211 475 4295 suminus
495 4232 646 4271 vero:
682 4219 820 4286 quod
848 4219 964 4271 lime
984 4218 1197 4272 comitia
1219 4233 1309 4269 cu·

277 4293 400 4341 nata
420 4289 585 4371 fuisse·
596 4297 892 4373 tradantur,
913 4299 1089 4368 qualia
1104 4295 1311 4367 pontifi·

1447 3217 1705 3270 Manum
1757 3212 1997 3278 Celes-mn]
2049 3210 2171 3262 Nou
2225 3215 2438 3276 poterat

1381 3295 1594 3346 comitia
1616 3307 1820 3351 vocare,
1840 3291 1939 3341 nisi
1962 3291 2051 3356 qui
2076 3289 2435 3354 magistratum

1383 3378 1609 3437 gereret.
1677 3369 1888 3421 Celeres
1914 3374 2088 3416 autem
2111 3370 2263 3415 erant
2287 3379 2317 3414 a
2334 3364 2437 3413 Ro-

1382 3451 1525 3501 mulo
1545 3446 1772 3499 instituti
1790 3443 2016 3496 trecenti
2037 3442 2100 3491 ad
2122 3444 2138 3469 ‘
2151 3440 2439 3492 custodiam

1384 3522 1653 3590 corporis‚'
1689 3531 1749 3572 nt
1770 3521 1924 3571 docet
1952 3518 2130 3568 Livius
2153 3529 2307 3580 supra
2326 3528 2442 3577 cap.

1387 3606 1468 3652 16.
1536 3598 1679 3651 Hinc
1699 3598 1883 3664 liquet,
1907 3592 2205 3660 praesidium
2228 3591 2325 3640 hoc
2347 3589 2441 3638 snb

1385 3677 1717 3746 sequentibus
1742 3674 1950 3739 regibus
1968 3673 2124 3721 etiam
2140 3666 2323 3740 fnisse.
2354 3666 2443 3717 Sic

1388 3769 1590 3822 quoque
1633 3752 1915 3817 Dionysius
1959 3743 2198 3810 Κελερίων
2234 3743 2447 3808 ἄρχοντα

1386 3833 1612 3885 Brutum
1653 3835 1823 3892 vocat,
1858 3840 1960 3876 non
2005 3815 2287 3887 kmeplor,
2327 3836 2443 3886 qum

1387 3918 1493 3961 vox
1529 3906 1677 3958 nihili
1731 3905 1866 3955 male
1920 3899 2091 3951 fuerat
2153 3898 2445 3949 sacerdotum

1387 4001 1557 4050 versa,
1578 3991 1638 4035 nt
1659 3988 1803 4033 recte
1819 3977 1884 4029 ab
1899 3976 2106 4028 erudito
2139 3976 2249 4025 viro
2285 3974 2441 4026 Joan.

1389 4063 1646 4116 Hudsono
1671 4058 2019 4110 observatum.
2069 4052 2205 4103 vide
2226 4052 2445 4117 Dionys.

1390 4141 1426 4192 l.
1449 4155 1526 4192 η.
1548 4142 1690 4191 cal.
1721 4136 1775 4184 J.
1800 4133 2030 4185 Clericus.

1457 4224 1477 4251 ⁸
1505 4212 1774 4278 Demersae]
1797 4209 1882 4261 Ad
1906 4209 2141 4274 cloacas,
2164 4214 2443 4267 earumque

1392 4293 1558 4348 nudas
1580 4291 1782 4355 alludit.
1849 4290 2102 4339 Demersa
2137 4285 2274 4338 enim
2297 4278 2444 4347 plebs
