3034 4925
588 370 719 444 650
1537 372 1606 420 τ.
1655 368 1843 420 mvn

597 531 899 612 Quorum
927 522 1321 592 consulatus
1346 516 1699 604 popularis
1729 514 1873 581 sine
1905 511 2045 578 ulla
2074 512 2356 578 Patrurn
2387 509 2667 596 injuria,
2692 530 2806 575 nec

595 634 742 701 sine
785 622 1201 696 offensione*
1252 623 1402 688 fuit.
1491 618 1857 703 Quicquid·
1885 617 2060 684 enim
2098 616 2394 681 libertati
2439 614 2669 699 plebis
2709 633 2809 677 ca-

596 723 884 818 veretur,
911 729 980 796 id
1011 729 1155 795 suis
1183 726 1508 793 decedere
1538 724 1789 808 opibus
1829 720 2214 786 credebant.
2307 718 2649 783 Omnium
2692 716 2808 800 pri-

597 856 804 915 mum,
840 854 994 901 cum
1038 833 1246 898 veluti
1288 831 1357 895 in
1403 835 1841 893 controverso
1873 824 2028 910 jure
2072 829 2299 901 esset,¹
2346 828 2811 888 tenerenturne

598 936 839 1003 Patres
883 933 1282 1021 plebiscitiS,
1329 930 1569 1015 legem
1590 927 1978 995 centuriatis
2026 925 2323 991 comitiis
2369 924 2671 999 tulere,
2664 924 2686 956 ‘
2704 921 2811 1001 Ut,

600 1040 808 1123 quod
799 1039 1106 1104 tributim
1136 1036 1377 1122 plebes
1399 1034 1743 1120 jussisset,
1748 1040 1797 1071 ¹¹
1817 1027 1845 1067 ¹¹
1872 1029 2196 1115 populum
2225 1025 2585 1092 teneretfl
2674 1023 2813 1103 Qua

595 1142 740 1226 lege
784 1140 1157 1208 tribuniciis
1200 1138 1658 1223 rogationibus
1702 1134 1913 1201 telum
1961 1132 2360 1198 acerrimum
2410 1130 2667 1195 datum
2705 1136 2812 1192 est.

600 1244 824 1310 Aliam
873 1242 1112 1308 deinde
1157 1241 1576 1308 consularem
1617 1239 1834 1322 legem
1870 1236 1956 1301 de
1995 1235 2516 1320 provocatione,
2546 1232 2811 1296 unicum

599 1346 987 1431 praesidium
1042 1345 1387 1423 libertatis,
1435 1341 1862 1409 decemvirali
1915 1344 2246 1425 potestate
2297 1347 2649 1415 eversam,
2697 1353 2813 1396 ιιοιι

597 1450 949 1515 restituunt
977 1447 1206 1524 modo,
1237 1446 1354 1511 sed
1376 1446 1585 1512 etiam
1614 1446 1683 1508 in
1707 1449 2045 1528 posterum
2070 1441 2406 1515 muniunt,
2442 1436 2811 1502 sanciendo

599 1570 844 1617 novam
867 1548 1195 1635 legem,¹²¹
1228 1554 1250 1586 ‘
1268 1549 1383 1615 Ne
1416 1549 1573 1633 quis
1593 1547 1807 1612 ullum
1828 1545 2289 1633 magistratum
2316 1541 2476 1604 sine
2496 1558 2816 1623 provoca·

601 1653 787 1718 tione
823 1660 1150 1730 ‚crearem
1239 1652 1722 1732 Quijcreasset,
1750 1668 1899 1714 eum
1921 1647 2045 1733 jus,
2066 1647 2310 1732 fasque
2342 1648 2539 1708 esset
2573 1642 2813 1707 occidi:

665 1797 681 1831 ⁸
720 1800 787 1849 Ut
810 1800 933 1864 quod
942 1799 1075 1863 plebs
1089 1799 1285 1850 tributis
1304 1799 1516 1850 comitiis
1535 1799 1790 1856 sanxisset,
1807 1812 1860 1848 eo
1878 1798 2075 1862 populas
2090 1793 2452 1856 astringeretur
2472 1793 2747 1843 universus.

601 2010 987 2098 copulativam!
1017 2012 1073 2062 J.
1097 2012 1161 2063 F.
1190 2011 1533 2064 Granum—11
1569 2013 1693 2064 Vet.
1723 2012 1818 2062 lib.
1851 2025 1935 2078 ap.
1968 2007 2147 2089 §igom
2190 1995 2392 2071 utquoc'l
2417 2004 2657 2055 tranans
2686 2003 2819 2069 plebi·

1600 2161 1817 2213 NOTAE

606 2254 938 2318 decemviris,
975 2256 1228 2321 reliquam
1265 2257 1341 2306 his
1371 2259 1672 2310 consulibus

611 2332 896 2395 assignant.
962 2332 1028 2381 Id
1062 2332 1285 2382 maxime
1319 2334 1542 2384 suadent
1566 2342 1674 2385 tum

609 2406 860 2457 adverbia
874 2408 1120 2470 confestim
1138 2414 1194 2458 et
1213 2412 1463 2476 extemplo,
1490 2410 1675 2477 quibus

609 2484 955 2549 significatur,
998 2487 1052 2536 ni
1093 2487 1265 2548 fallor,
1302 2490 1395 2538 hos
1437 2491 1676 2541 consules

607 2561 967 2637 magistratum
1009 2570 1164 2613 extra
1198 2563 1451 2633 ordinem,
1474 2572 1531 2613 et
1554 2571 1675 2615 ante

607 2634 746 2685 diem
791 2630 1080 2705 inchoasse,
1131 2649 1241 2690 tum
1282 2641 1443 2691 etiam
1487 2655 1674 2691 eorun-

608 2710 729 2762 dem
757 2713 1042 2778 triumphi
1030 2729 1080 2764 m
1098 2729 1214 2764 eum
1240 2731 1426 2767 annum
1447 2717 1679 2782 conjecti

611 2788 676 2838 ab
704 2790 1003 2841 auctoribus
1026 2791 1353 2856 Capitolinis.

678 2860 703 2895 ¹¹
736 2863 856 2914 Sine
886 2867 985 2914 ulla
1007 2866 1215 2916 Patr-um
1237 2867 1430 2928 injuria,
1471 2882 1556 2918 nec
1576 2869 1678 2919 sins

609 2937 891 3002 offensione]
922 2940 1173 3005 Injuriam
1216 2943 1427 3007 quidem
1462 2944 1512 2993 hi
1554 2960 1677 2994 con·

610 3015 750 3064 sules
766 3015 980 3067 Senatui
999 3031 1100 3066 non
1119 3016 1379 3082 fecerunt,
1397 3034 1512 3069 cum
1536 3019 1676 3083 plebi

610 3090 887 3151 pristinum
906 3098 1109 3142 tantum
1125 3093 1215 3155 jus
1234 3095 1581 3156 restituerint,
1603 3096 1679 3144 ni·

608 3161 682 3209 hil
700 3165 821 3212 novi
842 3165 1211 3216 attribuerint:
1247 3168 1580 3219 incurrerunt
1601 3179 1679 3220 ta·

610 3248 729 3284 men
761 3235 931 3287 odium
953 3239 1192 3303 Senatus,
1230 3243 1311 3291 cui
1332 3243 1546 3295 dolebat
1569 3247 1680 3310 ple-

609 3309 740 3361 beiis
786 3313 935 3364 reddi
977 3321 1212 3379 ereptam
1266 3317 1679 3372 decemvirorum

610 3401 772 3452 opera
789 3389 1113 3443 tribuniciam
1132 3402 1469 3462 potestatem,
1486 3413 1548 3449 ac
1566 3415 1682 3463 pro·

489 3518 504 3523 ,
610 3466 939 3517 vocationem
964 3483 997 3519 a
1016 3470 1307 3521 consulibus
1327 3472 1391 3522 ad
1417 3476 1681 3539 populum.

680 3539 695 3573 ¹
729 3541 852 3593 Cass
878 3544 1027 3593 veluti
1053 3544 1112 3594 ιἰι
1143 3552 1439 3599 controverso
1462 3550 1580 3612 jure
1610 3566 1682 3601 es·

609 3615 706 3679 set]
745 3618 1024 3682 Negabant
1059 3622 1311 3674 hactenus
1336 3626 1548 3689 patricii
1571 3641 1679 3677 ser·

610 3691 790 3742 vandis
824 3689 1115 3758 plebiscitis
1153 3713 1209 3748 se
1242 3700 1544 3763 obstrictos,
1563 3717 1679 3767 quae

612 3783 645 3817 a
666 3768 888 3821 tribunis
910 3770 1174 3824 ferrentur
1193 3775 1400 3827 tributis
1422 3777 1675 3828 comitiis·
1660 3814 1676 3840 ,

588 3859 715 3907 ,non
754 3848 890 3898 enim
935 3863 993 3898 se
1029 3850 1330 3902 teneri‘nisi
1366 3854 1429 3902 iis
1472 3854 1680 3916 legibus

612 3934 759 3984 quas,
802 3923 1024 3989 patricio
1068 3927 1379 3990 magistratu
1440 3934 1677 3992 rogante,

611 3997 876 4050 universus
896 3996 1124 4065 p'bpulus
1131 4005 1502 4057 constituisset.
1539 4006 1674 4057 Con

609 4073 697 4120 tra
718 4072 918 4134 plebeii
934 4077 1341 4145 contendebant,
1357 4082 1673 4147 quandoqui-

613 4143 775 4194 dem·
762 4148 859 4210 ipsi
879 4153 1152 4204 servabant
1171 4156 1310 4219 leges
1334 4157 1466 4206 latas
1490 4164 1673 4207 centu-

614 4219 758 4315 riatis
776 4223 1051 4317 comitiis,
1034 4244 1087 4279 ιιι
1105 4232 1284 4295 quibus
1301 4233 1578 4317 validiores
1591 4248 1672 4287 es·

1748 2264 1865 2309 sent
1906 2233 2132 2322 patricii,
2166 2255 2238 2304 its
2272 2265 2492 2316 aequum
2519 2263 2646 2300 esse
2667 2256 2723 2299 nt
2743 2263 2817 2311 ps·

1748 2336 1888 2385 tricii
1931 2349 2018 2385 eas
2062 2338 2336 2382 servarent
2379 2343 2510 2393 qum
2566 2326 2818 2376 ferrentur

1749 2412 1973 2462 comitiis
1998 2409 2228 2471 tributis,
2261 2407 2318 2456 in
2352 2404 2554 2471 quibus
2595 2403 2699 2469 ipsi
2720 2403 2817 2467 plus

1749 2494 1983 2556 possent·

1814 2564 1838 2600 k
1876 2564 2113 2614 Tributim
2145 2561 2302 2626 plebes
2325 2555 2594 2620 jussisset]
2628 2555 2817 2606 Consti·

1751 2648 1918 2693 tutum
1944 2642 2120 2705 itaque
2153 2636 2421 2688 referente
2458 2633 2693 2683 Horatio
2712 2645 2814 2681 con-

1750 2719 1885 2779 sule,
1926 2724 1984 2767 nt
2028 2715 2363 2779 imposterum
2424 2709 2813 2773 plebiscitum-

1751 2807 1955 2859 quoque
1964 2794 2086 2857 jure
2102 2788 2312 2856 patricii
2332 2792 2667 2837 tenerentur.
2700 2785 2813 2836 Qua

1752 2877 1929 2920 tamen
1962 2870 2044 2919 lex
2066 2868 2342 2917 observata
2365 2877 2471 2913 non
2494 2860 2665 2912 fuisse
2689 2858 2814 2909 vide-

1754 2956 1859 3007 tur,
1894 2961 2010 2997 cum
2035 2947 2187 3007 longo
2210 2950 2332 3005 post
2354 2947 2629 3001 tempore,
2656 2936 2707 2985 id
2729 2941 2814 2997 est,

1754 3035 1838 3070 an.
1861 3021 1928 3071 U.
1953 3007 2013 3070 C.
2037 3025 2153 3070 415.
2177 3032 2244 3067 ea
2266 3017 2352 3071 lex
2376 3029 2410 3063 a
2433 3013 2675 3064 Publilio
2708 3011 2813 3060 Phi·

1753 3097 1872 3146 lone
1915 3097 2173 3146 dictatore
2233 3099 2488 3143 renovata
2545 3091 2641 3152 sit,
2678 3088 2815 3138 Livio

1753 3181 1893 3223 teste
1917 3171 2008 3223 lib.
2032 3185 2156 3220 vm.
2191 3184 2238 3220 c.
2261 3173 2342 3219 12.
2366 3166 2509 3232 quod
2536 3166 2731 3216 indicio
2748 3171 2815 3214 est

1753 3252 1919 3300 minus
1960 3257 2082 3299 tunc
2109 3249 2161 3298 in
2196 3263 2290 3296 usu
2314 3245 2498 3295 fuisse.
2572 3244 2716 3297 Quin
2736 3242 2815 3292 ad·

1752 3324 1854 3375 huc
1875 3339 2011 3374 anno
2030 3327 2143 3373 468.
2171 3320 2418 3371 sedandae
2439 3319 2644 3380 tertiae,
2664 3318 2718 3367 in
2737 3316 2815 3368 Ja-

1754 3401 1997 3458 niculum,
2016 3398 2318 3459 secessioni,
2332 3411 2467 3460 opus
2482 3394 2593 3445 fuit
2610 3394 2676 3443 ab
2694 3393 2812 3443 Hor·

1756 3479 1924 3529 tensio
1959 3477 2219 3527 dictatore
2259 3475 2431 3538 legem
2476 3474 2644 3522 tertio
2686 3469 2812 3523 senf-

1756 3569 1855 3620 qua
1878 3558 2154 3604 caveretur
2182 3558 2240 3600 ut
2261 3548 2547 3615 plebiscita
2569 3561 2669 3611 pro
2700 3544 2810 3607 legi·

1753 3629 1849 3680 bus
1883 3631 1947 3680 ab
1984 3628 2218 3679 omnibus
2249 3627 2680 3685 observarentur,
2708 3635 2807 3671 aue-

1753 3712 1869 3756 tore
1894 3707 2063 3756 Plinio
2087 3705 2176 3754 lib.
2202 3718 2323 3754 xvt.
2343 3717 2390 3753 c.
2411 3707 2494 3751 10.
2518 3702 2754 3763 aliisque.

1817 3782 1831 3814 ¹
1865 3781 2129 3832 &aciemn
2149 3794 2318 3829 novam
2343 3776 2522 3840 legem]
2561 3775 2693 3839 Legi
2716 3772 2809 3821 vult

1753 3857 1995 3921 Sigonius
2011 3872 2133 3907 nova
2159 3857 2280 3917 lege,
2319 3853 2473 3916 cujus
2510 3851 2694 3901 eadem
2725 3849 2808 3897 vis.

1753 3933 1817 3982 Ei
1851 3933 2114 3982 adversari
2138 3931 2328 3990 nolim3
2364 3943 2665 3993 quanquam
2697 3924 2807 3976 nihil

1754 4015 1854 4074 est,
1874 4009 2010 4073 quod
2048 4009 2267 4058 alterum
2304 4004 2439 4055 illud
2472 4002 2808 4070 reprebenda-

1751 4098 1883 4134 mus.
2156 4092 2161 4098 ·

1817 4161 1970 4210 ¹¹¹‘Ne
2013 4160 2121 4224 quis
2161 4161 2311 4209 ullum
2343 4160 2525 4221 mag-sse·
2526 4164 2685 4209 ram
2716 4156 2805 4206 siae

1744 4235 2075 4299 provocatione
2093 4234 2300 4298 crearet]
2346 4234 2720 4300 Magistratum
2739 4231 2805 4281 in·
