3034 4925
1038 414 1185 463 Lis.
1232 412 1282 466 1.
1330 416 1492 468 car.
1539 400 1646 468 18.
2308 404 2441 472 225

257 557 770 639 perpetuumque
815 559 1264 628 sacerdotium
1308 561 1465 647 fuit)
1506 564 1837 631 deductus
1866 566 1934 631 in
1967 585 2211 646 arcem,
2244 566 2309 632 in
2340 567 2440 632 la·-

258 655 402 737 pide
431 656 516 720 ad
546 659 885 724 meridiem
910 680 1141 728 versus
1171 666 1499 731 consedit.
1589 666 1823 751 Augur
1861 669 1947 733 ad
1992 668 2236 734 laevam
2269 670 2440 754 ejus»,

259 758 470 841 capite
518 761 789 840 velato:
833 765 1064 829 sedem
1122 770 1325 850 cepit,
1385 769 1621 835 dextra
1673 790 1870 836 manu
1925 771 2233 837 baculum
2298 774 2442 836 sine

225 856 418 924 ‘nodo
465 862 797 929 aduncum
843 871 1086 945 tenenS‚
1118 890 1314 953 quem
1364 872 1601 936 lituum
1641 873 2188 959 appellaverunt.⁸
2272 875 2440 940 Inde

260 963 392 1041 ubi,
431 968 837 1050 prospectu*
879 970 943 1033 in
984 972 1213 1037 urbem
1261 993 1627 1061 agrumque
1651 984 1680 1012 ⁸¹
1725 984 1954 1060 capto,
1988 979 2177 1043 Deos
2206 998 2442 1063 preca·

259 1070 375 1142 tus,
405 1070 704 1150 regiones
734 1072 820 1135 ab
849 1076 1097 1139 oriente
1141 1077 1228 1140 ad
1269 1097 1595 1143 occasum
1628 1080 2124 1162 determinavit3
2170 1082 2442 1146 dextras

257 1166 334 1230 ad
362 1169 703 1235 meridiem
734 1180 1008 1255 parteS,¹
1052 1177 1260 1244 laevas
1306 1181 1393 1245 ad
1444 1182 2030 1266 septemtrionem⁹
2071 1204 2223 1249 esse
2252 1184 2443 1249 dixit.
2504 1209 2509 1215 ·

1161 1358 1529 1384 OOOOOOOOOOOO

257 1469 525 1532 ποιήσειε.
589 1473 914 1539 Legendum,
935 1484 995 1527 nt
1024 1481 1295 1531 annotavit
1330 1497 1393 1530 ex
1426 1497 1521 1531 suo
1555 1483 1817 1537 Muretus.
1849 1490 1905 1534 et
1929 1497 2021 1533 nos
2062 1458 2360 1534 notavimus.
2390 1484 2443 1534 in

258 1532 396 1585 Voss.
418 1536 557 1588 Gud.
594 1538 788 1590 honoris
808 1558 940 1607 ergo,
959 1545 1233 1608 publicum!
1268 1546 1321 1598 J.
1343 1548 1402 1598 F.
1425 1547 1756 1599 Groneia—9
1791 1549 1876 1600 Al.
1911 1551 2141 1613 masque
2170 1551 2233 1599 ad
2261 1556 2446 1615 septen·

1242 1695 1459 1746 NOTAE

314 1785 333 1810 r
360 1777 530 1842 Augur
548 1785 617 1832 ad
637 1784 804 1835 laevum
818 1785 937 1850 eius,
953 1789 1110 1854 capite
1125 1792 1306 1857 veluto]

259 1853 563 1921 Rhodiginus
581 1859 719 1909 hunc
738 1863 905 1912 locum
930 1865 1003 1914 sic
1021 1865 1306 1930 distingue·

258 1930 356 1999 bat,
371 1932 541 1996 Augur
555 1939 623 1986 aa
638 1939 823 2003 hcm,
838 1940 940 2001 <ius
954 1943 1106 2006 capite
1120 1946 1273 1995 velato
1288 1960 1309 2004 ,⁸

260 2014 311 2056 nt
326 2009 711 2075 intelligeretur
733 2016 783 2064 N
789 2032 920 2067 umae
946 2028 1107 2083 caput
1129 2021 1307 2072 obtec-

259 2089 495 2146 tum,nou
518 2091 753 2154 auguris.
819 2095 936 2147 Qua
958 2096 1024 2146 de
1056 2111 1112 2146 re
1143 2098 1307 2163 digla-

258 2159 454 2212 diantur
494 2163 720 2231 invicem
744 2168 979 2234 Sigonius
1016 2180 1071 2223 et
1108 2175 1308 2226 Robor-

1384 1798 1489 1858 tur,
1504 1793 1644 1845 aliud
1668 1795 1720 1845 iu
1744 1795 1826 1858 iis,
1848 1811 1964 1861 quae
2001 1810 2066 1845 ex
2089 1794 2311 1845 diversis
2335 1794 2446 1858 agri

1383 1872 1685 1934 generibus,
1725 1874 1975 1928 Romano,
2034 1873 2260 1935 Gabino,
2297 1888 2447 1937 pere·
2492 1883 2497 1888 ·
2568 1908 2586 1920 .

1382 1946 1550 2012 grino,
1586 1949 1806 2011 hostico,
1846 1949 2064 2012 incerto,
2111 1957 2447 2014 caperentur.

1383 2021 1515 2073 Qnae
1541 2024 1859 2088 petebantur
1881 2040 1947 2074 ex
1967 2039 2106 2081 arce,
2131 2024 2446 2075 finiebantur

1382 2099 1494 2150 fere
1520 2101 1788 2165 pomoerio.

1445 2186 1474 2213 ¹
1513 2180 1732 2231 Dextrus
1746 2182 1809 2230 ud
1824 2181 2068 2232 meridiem
2082 2180 2267 2245 partes]
2289 2179 2446 2230 Hane

258 2232 421 2288 tellus.
482 2241 595 2292 Sed
640 2243 818 2308 quidni
865 2254 1086 2314 uterque
1136 2252 1309 2304 velato
1379 2256 1770 2307 distinctionem
1796 2257 2005 2309 deridet
2022 2257 2341 2308 Arnobiusl.
2368 2270 2448 2308 w.

256 2315 416 2378 capite
437 2316 641 2381 fuerit3
677 2329 732 2371 et
773 2324 966 2389 Numa,
997 2327 1064 2377 de
1100 2344 1202 2393 quo
1231 2329 1309 2381 ita

256 2388 557 2444 Plutarchus
575 2396 769 2447 diserte
787 2400 1026 2461 affirmat,
1050 2413 1106 2454 et
1125 2405 1308 2472 Augur

256 2479 316 2516 ex
333 2468 608 2535 disciplina
630 2474 650 2521 ?
684 2475 753 2525 Et
776 2491 899 2528 vero
924 2479 1071 2531 Accii
1098 2485 1307 2547 auguris

258 2550 415 2595 statua
446 2550 498 2597 iu
542 2551 755 2602 comitio
794 2555 959 2618 posita
996 2556 1093 2610 fuit
1132 2561 1308 2625 capite

258 2622 436 2686 relato,
458 2640 507 2674 c.
521 2630 609 2677 36.
631 2628 781 2693 liujus
803 2630 940 2682 libri.
1030 2635 1034 2640 '

315 2707 332 2731 ⁸
369 2702 519 2758 Quem
558 2702 735 2754 lituum
774 2710 1154 2777 appellauerunt]
1199 2715 1308 2765 No·

258 2790 363 2827 men
385 2788 464 2831 est
486 2782 655 2846 virgae
689 2790 969 2852 auguralis,
1001 2804 1090 2840 seu
1131 2792 1309 2843 bacilli

258 2865 286 2900 a
325 2868 516 2908 summo
559 2858 748 2909 leviter
787 2861 981 2920 inflexi,
1020 2880 1121 2929 quo
1153 2882 1311 2930 augn-

258 2942 334 2978 res
355 2933 418 2981 ad
440 2934 767 2998 designanda
782 2941 899 2989 coeli
917 2942 1085 3006 spatia
1099 2943 1312 2995 uteban-

259 3010 379 3058 tur:
427 3025 602 3076 neque
643 3015 779 3064 enim
825 3032 978 3068 manu
1018 3036 1084 3070 ea
1127 3030 1312 3072 notare

260 3096 321 3130 ex
338 3084 611 3151 disciplina
634 3090 845 3143 licebat.
914 3095 1098 3146 Dictus
1123 3100 1312 3150 esbLi-

261 3162 362 3209 tuas
376 3176 440 3211 ex
453 3164 796 3219 similitudine
814 3185 930 3221 cum
954 3173 1146 3226 bellico
1163 3176 1314 3235 lituo,

260 3237 362 3288 sive
387 3239 624 3292 buccina.
947 3257 952 3260 ’

320 3316 336 3347 ²
365 3317 657 3383 Prospectu]
688 3322 986 3387 Oportebat
1005 3330 1142 3378 enim
1164 3337 1223 3380 nt
1246 3346 1312 3382 ex

260 3387 367 3439 loco
402 3407 501 3457 per
537 3409 787 3460 augurem
825 3399 1033 3454 delecto
1078 3406 1212 3457 liber
1260 3410 1314 3459 in

262 3477 431 3517 omues
458 3473 580 3521 coeli
615 3480 789 3537 partes
812 3489 1054 3542 aspectus
1084 3490 1312 3546 pateret.

261 3540 482 3611 Ideoque
501 3563 598 3600 uec
620 3551 717 3600 nisi
737 3567 922 3604 sereno
945 3559 1076 3608 coelo
1099 3564 1315 3627 auguria

261 3622 634 3688 capiebantur-3
690 3635 746 3678 et
798 3632 1057 3684 interdum
1090 3653 1314 3703 augures

264 3709 338 3761 ea,
357 3715 574 3764 quorum
593 3705 822 3757 altitudo
845 3715 1147 3776 prospectui
1164 3715 1315 3766 obes·

264 3781 357 3837 set,
379 3776 536 3841 dejici
550 3778 830 3843 jubebant.

322 3856 345 3881 ¹²
376 3851 438 3900 Iu
458 3854 621 3905 urbem
656 3862 939 3925 ugr-neuque]
986 3863 1076 3914 Ita
1105 3865 1217 3916 cic.
1249 3881 1313 3920 tt.

269 3923 330 3974 de
371 3927 474 3992 leg.
526 3929 799 3997 ‘Augures
841 3941 1123 4007 urbemque
1172 3952 1226 3991 et
1262 3959 1316 3994 a·

265 4015 377 4063 gros
422 4014 480 4056 et
524 4010 719 4073 templa
774 4012 1000 4066 liberata
1059 4025 1115 4068 et
1156 4018 1318 4071 effata

265 4077 517 4131 habento-⁸
582 4085 646 4135 Id
691 4095 792 4153 est,
831 4089 999 4143 libero
1041 4094 1161 4145 hinc
1196 4097 1317 4146 iude

265 4166 563 4224 prospectu,
595 4176 657 4212 ac
689 4164 913 4216 definitis
951 4178 1097 4220 certa
1133 4173 1313 4223 verbo·

269 4242 377 4281 rum
402 4240 741 4303 conceptione
773 4244 1088 4307 regionibus.
1154 4248 1314 4301 Aliud

271 4314 437 4362 autem
474 4313 528 4366 in
550 4315 755 4369 urbanis
786 4323 1033 4389 auspiciis
1068 4327 1312 4379 servaba-

1383 2333 1633 2383 adversus
1656 2341 1860 2400 gentes,
1889 2333 2025 2400 quod
2067 2335 2121 2384 iu
2146 2335 2303 2384 rebus
2326 2333 2448 2399 ipsis
2530 2348 2549 2366 ·

1385 2425 1486 2460 nou
1529 2409 1615 2460 sit.
1683 2412 1892 2460 Etenim
1956 2426 2049 2476 pro
2089 2412 2230 2461 vario
2276 2411 2451 2475 positu

1386 2498 1563 2541 nostro
1585 2491 1783 2556 quaevis
1807 2491 1949 2555 regio
1984 2492 2171 2540 dextra
2208 2505 2324 2540 esse
2359 2504 2450 2554 po·

1389 2575 1514 2632 test,
1550 2574 1607 2618 et
1634 2568 1862 2618 sinistra.
1926 2568 1984 2618 Si
2022 2568 2448 2631 septemtrionem

1386 2644 1745 2710 respiciamus,
1758 2645 1845 2695 ubi
1864 2659 1957 2694 nos
1981 2646 2450 2708 iuteraequatorem

1387 2728 1442 2770 et
1487 2722 1660 2784 polum
1698 2720 1951 2770 arcticum
1993 2720 2171 2785 positi,
2211 2719 2450 2783 superius

1348 2799 1614 2850 ,locamus
1669 2796 2100 2862 hemisphaerium,
2159 2806 2283 2847 tuuc
2333 2803 2452 2860 post

1387 2875 1762 2940 Pythagoram,
1779 2875 2074 2935 Platonem,
2097 2873 2452 2929 Aristotelem.

1387 2952 1626 3003 laudatos
1652 2968 1683 3002 a
1704 2952 1988 3002 Plutarcho
2012 2951 2078 3002 de
2116 2950 2324 3016 placitis
2342 2949 2455 3014 phi·

1389 3030 1742 3095 losopborum,
1784 3031 2006 3079 dextram
2045 3028 2223 3078 mundi
2249 3027 2451 3091 plagam

1390 3106 1695 3157 orientalem
1741 3120 1853 3156 esse
1893 3104 2143 3166 dicemus,
2181 3103 2452 3154 occiduam

1390 3197 1512 3232 vero
1534 3185 1719 3234 loevam.
1782 3180 1859 3232 At
1888 3182 1941 3231 iu
1974 3180 2201 3244 auguriis
2224 3189 2277 3229 et
2301 3180 2456 3230 rebus

1391 3258 1605 3315 divinis,
1628 3272 1752 3325 quas
1785 3265 2045 3323 peragunt
2079 3255 2096 3283 ‘
2119 3255 2203 3308 Ad
2240 3268 2452 3318 surgen·

1392 3342 1498 3386 tem
1529 3336 1766 3387 conversi
1806 3335 1997 3384 lumina
2029 3331 2227 3395 solem,'
2262 3331 2454 3380 dextra

1392 3411 1460 3461 ad
1493 3411 1762 3462 meridiem
1796 3418 1956 3470 sunt;
1991 3410 2125 3458 laeva
2148 3407 2213 3457 sd
2235 3415 2458 3472 septem·

1394 3487 1636 3549 trionem,
1675 3494 1731 3536 ut
1754 3486 1839 3537 hic
1879 3483 2017 3548 apud
2057 3482 2277 3533 Livium.
2345 3482 2458 3532 Nec

1397 3569 1571 3611 tamen
1594 3575 1661 3611 ex
1696 3562 1967 3624 Augurum
1996 3558 2198 3623 placitis
2237 3558 2457 3607 candem

1357 3645 1374 3660 ‘
1396 3651 1604 3701 semper
1627 3638 1727 3686 vim
1751 3636 1946 3686 habeut
1976 3634 2225 3697 auspicis,
2249 3647 2365 3698 quae
2390 3647 2457 3681 ex

1395 3713 1576 3763 eadem
1601 3719 1753 3777 parte
1778 3712 2032 3762 visuntur.
2096 3711 2172 3761 Ut
2205 3709 2341 3758 enim
2372 3709 2458 3758 Ci-

1395 3805 1519 3841 cero
1557 3788 1719 3839 tradit
1750 3800 1818 3838 11.
1857 3788 1926 3837 de
1961 3788 2176 3837 divinat.
2215 3786 2230 3812 ⁸
2258 3784 2387 3835 Aliis
2424 3801 2457 3836 a

1394 3867 1605 3929 dextra,
1629 3865 1741 3915 aliis
1767 3880 1796 3914 a
1813 3865 1944 3914 laeva
1959 3862 2138 3914 datum
2156 3870 2236 3911 est
2255 3863 2457 3928 avibus,

1392 3953 1454 3993 ut
1475 3943 1763 4008 auspicium
1801 3940 2034 3991 faciant‘:
2071 3947 2127 3990 et
2163 3940 2356 3991 fulmen
2392 3943 2459 3990 si-

1396 4022 1616 4071 nistrum
1641 4018 1927 4082 auspicium
1950 4017 2203 4082 optimum
2241 4017 2461 4068 babetur

1396 4097 1451 4147 in
1495 4098 1630 4161 aliis,
1668 4104 2020 4160 praeterqnam
2079 4095 2146 4145 ad
2204 4095 2461 4145 Comitis:

1395 4174 1514 4226 Jsm
1538 4174 1637 4224 boc
1661 4173 1776 4222 loco
1800 4177 1944 4223 recte
1967 4181 2146 4223 monet
2170 4173 2459 4223 Glareanus

1396 4251 1595 4299 dextras
1634 4253 1799 4313 partes
1821 4248 1887 4300 de
1912 4253 2104 4313 augure
2129 4249 2346 4309 intelligi
2371 4248 2461 4297 de-

1399 4326 1547 4393 bere,
1566 4324 1656 4393 qui
1671 4326 1925 4379 orientem
1944 4325 2236 4393 spectabat,
2265 4324 2460 4393 Βίους-
