3034 4925
2257 410 2262 416 -
2357 359 2492 428 461

284 538 558 617 partem
598 529 953 598 tertiam⁸⁰
992 529 1208 609 reddi,
1245 530 1380 595 nisi
1423 536 1498 598 nt
1542 532 1647 597 hae
1692 535 1920 613 gentes
1963 549 2085 614 pro
2131 527 2490 600 Coriolano

292 636 471 701 duce
516 633 825 700 Cassium
870 633 1162 700 habeant
1182 631 1234 697 'l’
1319 633 1687 717 Popularis
1724 632 1871 717 jam
1914 641 2106 698 esseP
2148 633 2494 700 dissuasor

289 745 361 803 et
417 738 817 803 intercessor
864 737 1076 820 legisr
1129 737 1407 819 agrariae
1465 742 1786 821 coeperat.
1896 735 2198 821 Uterque
2252 736 2490 803 deinde
2563 811 2578 819 ⁵

291 840 527 910 consul
564 839 914 906 certatim⁹
944 839 1126 923 plebi
1154 838 1516 923 indulgere.
1605 836 1954 921 Virginius
1982 838 2226 916 dicere,
2254 858 2494 923 passu·
2567 841 2574 849 '

288 960 441 1006 rum
470 961 545 1006 se
574 942 897 1025 assignari
936 951 1186 1025 agroS‚‘¹
1216 942 1374 1007 dnm
1412 962 1491 1006 ne
1523 942 1656 1019 eui,
1687 942 1821 1006 nisi
1859 942 1992 1006 civi
2024 941 2356 1021 Romano,
2388 962 2495 1007 as-

289 1043 662 1126 signentur.
739 1042 1037 1123 Cassius,
1067 1045 1227 1128 quia
1255 1046 1325 1109 in
1354 1044 1613 1128 agraria
1637 1042 1980 1127 larg-itione
2010 1045 2400 1110 ambitiosus
2428 1046 2495 1109 in

291 1146 550 1220 socios,
581 1165 794 1231 eoque
825 1147 1086 1212 civibus
1114 1148 1310 1212 vilior
1340 1155 1509 1226 erat,
1542 1151 1615 1212 nt
1643 1145 1779 1211 alio
1808 1166 2077 1211 munere
2106 1147 2238 1211 sibi
2265 1166 2495 1212 recon-

291 1247 560 1314 ciliaret
595 1250 839 1314 civium
881 1251 1164 1329 animos,
1184 1250 1447 1335 jubere,
1478 1270 1603 1334 pro
1643 1249 1872 1315 Siculo
1900 1249 2498 1333 frumento⁸·peou-

360 1415 386 1438 '
421 1408 518 1465 Qui
538 1407 815 1473 inpediebat
836 1410 1007 1471 legen.

1053 376 1197 426 ms.
1245 375 1332 425 ιι.
1374 375 1541 426 en.
1582 359 1695 426 41.

1457 1418 1476 1442 ⁸
1512 1411 1595 1459 Ex
1616 1408 1787 1460 Sicilia
1802 1410 2013 1459 advecto.

1208 1566 1502 1589 O‘COOOOOOO
1508 1568 1567 1587 ‘O

289 1666 514 1734 Doujat.
539 1669 770 1720 Crevier·
805 1669 998 1720 tertium
1011 1673 1315 1734 purtem—9
1346 1671 1362 1699 ‘
1381 1670 1460 1720 ΡΙ.
1483 1680 1542 1722 et
1564 1670 1715 1722 Voss.
1736 1677 1793 1722 et
1815 1669 1978 1723 Boi-b.
2009 1673 2170 1722 emal
2189 1676 2244 1721 at
2263 1669 2503 1722 emelim.

1292 1819 1338 1869 N
1346 1818 1505 1869 0⁹1·AE

291 1915 436 1982 quod
458 1915 679 1966 Romani
714 1929 850 1977 oegre
878 1913 1137 1980 ferebant,
1171 1915 1362 1965 Herni-

291 2008 393 2046 cos
416 2006 598 2057 nempe
621 1993 934 2058 alienigenas
961 1993 1156 2043 Latinis
1171 2007 1362 2058 cogna-

296 2072 376 2122 tis
394 2072 611 2136 aequari.

368 2156 392 2181 ⁰
429 2149 574 2213 Copti
593 2148 704 2212 egri
721 2154 910 2214 purten
927 2145 1144 2210 tertiam]
1162 2145 1239 2197 An
1252 2147 1364 2209 agri

294 2223 648 2274 Hernicorum
667 2224 861 2288 proprii
875 2238 988 2273 eam
1005 2229 1231 2287 partem,
1248 2237 1363 2286 qne

296 2308 580 2364 supererat
623 2308 895 2366 postquam
929 2299 1047 2350 duae
1091 2299 1217 2363 ipsis
1251 2298 1364 2363 agri

294 2383 481 2440 partes
505 2375 745 2433 ademta,
770 2384 828 2426 ut
851 2375 999 2425 initio
1014 2374 1163 2439 hujus
1177 2375 1365 2438 capitia

295 2454 673 2505 memoratum?
712 2452 789 2505 At
826 2454 918 2504 illa
952 2453 1109 2504 tertia
1141 2468 1259 2518 para
1293 2452 1366 2502 eis

297 2529 517 2581 ademta
538 2545 635 2580 non
655 2528 823 2581 fuerat
842 2547 857 2580 ε
884 2530 1174 2581 redduntur
1191 2539 1364 2580 autem

296 2623 418 2674 qnae
447 2623 547 2659 non
578 2610 854 2672 babemn⁸;
875 2624 972 2660 nec
994 2609 1125 2660 adeo
1147 2608 1367 2659 invidio-

299 2701 420 2737 sum
441 2687 664 2752 relinqui
684 2687 834 2737 vietis
848 2686 1042 2752 aliquid
1062 2700 1231 2736 rerum
1250 2701 1365 2735 sna-

299 2778 437 2814 rum.
464 2796 471 2803 -
501 2762 604 2829 An,
632 2772 827 2828 praeter
858 2765 996 2814 illam
1021 2764 1229 2827 tertiam
1255 2764 1366 2829 agri

301 2841 526 2892 Hernici
548 2849 752 2905 partem
776 2841 1032 2906 prioribus
1061 2841 1368 2906 possessori·

298 2919 401 2969 bns
424 2933 491 2969 ex
512 2916 708 2968 foedere
741 2918 996 2983 relictam,
1022 2919 1173 2970 aliam
1199 2919 1368 2969 adbuc

300 2997 518 3047 tertiam
530 2996 670 3046 velut
687 2996 822 3047 dono
835 2996 1011 3067 datam
1027 2997 1138 3047 vult
1158 2997 1368 3047 auctor?

303 3073 429 3124 Hoc
452 3074 658 3139 quidem
681 3074 870 3125 suadet
902 3089 1003 3124 vox
1039 3072 1197 3124 reddi.
1267 3074 1369 3124 Ve-

302 3165 421 3201 rum
436 3151 601 3202 omnis
624 3153 732 3215 agri
754 3166 788 3201 a
810 3151 1054 3202 Romani·
1072 3166 1139 3202 ex
1157 3151 1370 3218 quibus·

301 3244 526 3295 cumque
552 3230 785 3280 hostibus
807 3231 950 3296 eapti
984 3237 1189 3294 partem
1229 3230 1368 3280 Her-

302 3306 439 3357 n'icis
486 3306 703 3371 perinde
740 3322 817 3358 ae
859 3306 1057 3358 Latinis
1106 3309 1367 3372 assignare

305 3382 541 3435 omium
566 3383 786 3433 voluisse
812 3384 1074 3447 colligitur
1089 3398 1157 3434 ex
1175 3385 1369 3450 Diony·

301 3458 385 3512 aio
407 3459 841 3523 Halicarnasum
860 3462 998 3525 apud
1019 3476 1170 3528 quem
1193 3462 1370 3512 adem·

303 3538 346 3587 ti
390 3536 634 3587 Hernicis
689 3538 802 3602 agri
851 3541 992 3589 nulla
1036 3541 1229 3592 mentio
1271 3540 1365 3592 fit:

299 3614 528 3679 ideoque
549 3614 806 3666 Hernicos
830 3629 948 3667 eum
970 3616 1190 3678 Latinis,
1208 3623 1368 3682 atque

301 3690 438 3743 adeo
461 3706 575 3740 cnm
602 3692 867 3750 Romanis,
892 3708 1084 3757 rerum,
1103 3710 1219 3760 qnoe
1242 3696 1368 3746 civi·

304 3781 395 3816 um
433 3767 695 3817 laboribus
729 3776 892 3833 parta
928 3777 1121 3833 essent,
1156 3771 1368 3834 partiei-

304 3856 404 3909 pes
424 3857 458 3892 a
480 3844 662 3894 Cassio
680 3844 795 3895 fieri
813 3847 1047 3910 queritur
1068 3847 1365 3912 virginium

303 3920 436 3970 licet
457 3934 582 3970 cum
595 3921 722 3985 ipsis
744 3923 996 3985 preclare
1017 3931 1191 3974 aetum
1207 3931 1366 3989 esset,

304 3996 449 4063 quod
495 3996 631 4047 bello
674 3998 877 4048 subacti
925 4000 1164 4064 proprios
1213 4015 1366 4066 agros

304 4087 411 4125 non
432 4073 752 4123 amitterent.
819 4074 890 4125 Et
910 4088 1035 4127 vero
1063 4076 1272 4140 paribus
1294 4077 1366 4127 le·

305 4151 456 4217 gibus
477 4150 528 4200 in
564 4149 912 4202 Romanorum
946 4155 1247 4204 societatem
1281 4168 1368 4205 ve-

306 4236 498 4281 nerant
519 4217 739 4278 Hernici
771 4242 833 4279 ae
875 4229 1070 4293 Latini,
1093 4231 1280 4296 quibus
1302 4246 1370 4282 ex

305 4300 507 4361 fodere
528 4304 1137 4371 baudqnaqnam'ablatae
1158 4305 1371 4360 fuerant

1437 1915 1557 1967 dnae
1582 1917 1695 1980 agri
1717 1915 1797 1967 sui
1823 1924 2016 1980 partes.
2082 1916 2149 1966 In
2167 1917 2266 1968 hoc
2280 1916 2498 1967 duorum

1437 1995 1754 2058 scriptorum
1787 1994 2005 2044 dissidio
2036 1994 2355 2059 probabilior
2376 1994 2500 2044 mihi

1438 2071 1683 2135 Dionysii
1710 2072 1939 2121 narratio
1961 2071 2181 2123 videtur.

1502 2158 1529 2192 Ρ
1564 2149 1933 2213 Popularisjczm
1953 2146 2079 2211 esse]
2113 2149 2229 2199 Etsi
2248 2149 2334 2198 lex
2351 2162 2501 2213 agra-

1440 2225 1516 2275 ria
1535 2232 1721 2274 natura
1753 2240 1849 2274 sua
1883 2225 2141 2288 popularis
2165 2223 2425 2285 videatur,
2444 2231 2503 2274 et

1442 2303 1620 2366 populi
1663 2300 1844 2352 favore
1900 2302 2226 2366 excipienda,
2265 2302 2404 2365 quod
2447 2302 2501 2350 in

1439 2379 1749 2440 tenuiorum,
1788 2377 1975 2444 quibua
2011 2379 2119 2442 agri
2153 2392 2219 2427 ex
2241 2393 2307 2429 ea
2329 2379 2504 2428 distri·

1442 2454 1691 2519 bnuntur,
1735 2454 1787 2505 id
1824 2461 1927 2519 est,
1972 2453 2024 2504 in
2066 2454 2278 2519 majoris
2322 2453 2501 2517 populi

1441 2532 1625 2596 partis,
1656 2530 1980 2582 commodum
2015 2538 2239 2595 vergat3
2274 2532 2399 2595 quia
2420 2538 2500 2582 ta·

1440 2624 1558 2659 men
1599 2609 1815 2660 libertae
1850 2610 1902 2660 in
1927 2609 2220 2674 Republica
2243 2623 2340 2673 pro
2362 2624 2498 2660 enm·

1439 2701 1527 2737 mo
1581 2687 1717 2738 bono
1755 2687 1994 2752 babetur,
2043 2686 2194 2750 eujus
2236 2700 2503 2751 compara·

1441 2766 1583 2815 tione
1637 2778 1765 2829 opes
1821 2766 1960 2814 nullo
2005 2763 2059 2813 in
2103 2778 2320 2814 numero
2363 2771 2504 2827 aunt,

1440 2841 1668 2892 libenter
1700 2857 1731 2891 a
1766 2842 1956 2905 populo
1988 2840 2296 2892 audiebatur
2330 2841 2503 2905 Virgi-

1441 2919 1576 2976 nius,
1599 2925 1657 2969 et
1681 2920 1857 2983 populi
1893 2918 2159 2969 studiosus
2191 2917 2503 2981 habebatur,

1442 2997 1529 3061 qui
1567 2995 1863 3060 hujusmodi
1921 2995 2092 3061 legem
2136 3010 2200 3045 ea
2235 2995 2303 3045 de
2345 3008 2504 3050 canu

1441 3072 1798 3135 dissuadebat,
1829 3073 1966 3140 qued
2001 3074 2210 3125 Cassius
2242 3086 2345 3124 non
2380 3087 2505 3125 eon-

1441 3147 1647 3200 ferendi
1668 3149 1720 3199 in
1753 3151 1999 3215 populum
2024 3148 2283 3211 beneficii,
2302 3150 2394 3199 aed
2412 3164 2505 3214 po·

1441 3230 1622 3279 tentiae
1662 3227 1948 3291 tyrannica
1983 3228 2084 3279 boe
2118 3226 2373 3278 beneficio
2402 3228 2504 3277 sibi

1440 3305 1806 3371 comparanda
1834 3305 2022 3363 animo,
2045 3319 2161 3355 eam
2182 3302 2363 3355 ferret.
2432 3304 2522 3353 Et·

1441 3383 1635 3434 tribuni
1665 3383 1851 3446 plebis,
1884 3384 1966 3432 vel
1999 3397 2066 3432 ex
2089 3378 2282 3432 invidia
2301 3382 2353 3430 in
2378 3381 2504 3433 cas·

1443 3461 1595 3524 sium,
1616 3461 1725 3526 qui,
1743 3461 1923 3511 consul
1937 3474 2057 3511 cnm
2079 3466 2239 3522 esset,
2260 3458 2506 3509 utilitati·

1445 3538 1541 3588 bus
1552 3539 1790 3588 studeret
1803 3538 2143 3601 plebeiorum,
2156 3534 2322 3601 (qnod
2338 3535 2506 3585 tribn-

1442 3617 1560 3666 nitii
1594 3616 1819 3665 muueris
1851 3613 2172 3678 videbatur,)
2206 3613 2291 3662 vel
2311 3612 2449 3678 quod
2472 3627 2505 3662 e

1443 3692 1736 3757 Republica
1769 3706 1884 3742 esse
1924 3706 2027 3742 non
2067 3696 2314 3755 putarent
2349 3690 2506 3753 largi·

1444 3769 1674 3820 tionibus
1694 3767 1956 3832 corrumpi
1971 3764 2373 3821 multitudinem,
2387 3779 2504 3815 enm

1445 3846 1781 3912 optimatibus
1805 3843 1915 3894 fere
1937 3842 2321 3898 sentiebant.et
2338 3842 2507 3896 Cassii

1446 3920 1647 3988 legibus
1670 3921 2102 3972 adversabantur.

1509 4007 1537 4042 ⁴1
1569 3997 2340 4063 Pmurmumignariaegm]
2375 3997 2507 4048 Cuia

1446 4075 1651 4126 diceret
1665 4075 1930 4140 Virginius
1945 4089 2001 4125 se
2015 4073 2238 4136 civibus,
2249 4074 2342 4127 sed
2363 4074 2518 4130 solis.-

1450 4169 1601 4219 agros
1634 4154 1885 4218 assignari
1922 4168 2208 4219 passurum,
2239 4154 2300 4204 C.
2335 4151 2520 4202 Rabu«.

1449 4232 1582 4282 leina
1599 4231 1837 4282 tribunus
1855 4228 2292 4297 plebis‚qnoniam
2311 4230 2363 4280 in
2380 4243 2508 4292 agro

1451 4309 1644 4375 viritim
1660 4309 1859 4362 civibus
1874 4307 2154 4361 dividendo
2166 4308 2303 4360 inter
2314 4312 2522 4369 utrumq.-
