3034 4925
593 369 727 437 276
1525 381 1593 430 τ.
1644 380 1829 433 mvn

599 530 1012 616 superiorum
1049 547 1277 614 regum
1322 527 1487 593 belli
1524 529 1856 613 pacisque
1895 533 1968 593 ct
2010 526 2269 594 artibus
2298 532 2372 591 et
2399 525 2615 610 gloria
2640 547 2775 612 par.

597 635 645 701 J
647 653 753 700 am
780 633 902 699 filii
931 653 1141 718 prope
1169 633 1498 717 puberem
1526 639 1841 698 aetatem⁰
1883 640 2091 698 erant.
2179 631 2284 698 Eo
2313 631 2580 713 magis?
2619 630 2776 695 Tar-

599 738 870 822 quinius
925 737 1192 816 instare,
1252 743 1327 803 ut
1370 756 1575 822 quam
1629 738 1918 822 primum
1973 736 2254 803 comitia
2298 737 2443 820 regi
2491 735 2779 800 creando

600 841 862 906 fierent.
951 838 1219 919 Quibus
1263 838 1560 921 indictis,
1604 841 1733 905 sub
1775 846 2158 925 tempus-²⁰¹¹
2202 858 2449 924 pueros
2476 844 2781 903 venatum

602 944 959 1027 ablegavit.
1051 942 1259 1027 Isque
1295 943 1556 1028 primus
1584 949 1654 1009 et
1682 945 1935 1027 petisse
1979 943 2333 1008 ambitiose
2377 960 2687 1025 regnum,
2723 946 2783 1006 et

601 1047 967 1113 orationem
996 1045 1237 1112 dicitur
1264 1046 1579 1114 babuisse
1622 1047 1712 1112 ad
1757 1046 2223 1114 conciliandos
2258 1046 2488 1132 plebis
2533 1045 2784 1109 animos

604 1150 1083 1235 compositam3
1125 1154 1339 1227 ‘cum,
1399 1169 1476 1215 se
1522 1170 1659 1215 non
1700 1169 1842 1216 rem
1877 1157 2165 1216 novam‘
2208 1158 2480 1235 petere:
2539 1149 2783 1233 quippo

603 1253 882 1338 quinon
910 1254 1191 1338 primuS,
1220 1253 1397 1338 quod
1431 1254 1792 1339 quisquam
1830 1253 2155 1336 indignari
2194 1253 2502 1319 mirarive
2533 1258 2786 1337 posset,

604 1357 729 1422 sed
756 1358 987 1422 tertius
1017 1356 1260 1424 Romae
1303 1358 1689 1443 peregrinus
1728 1377 2004 1442 regnum
2032 1356 2337 1424 affectet:
2379 1362 2450 1423 et
2474 1354 2749 1421 Tatium
2766 1361 2785 1392 ¹

602 1479 739 1526 non
768 1480 859 1525 ex
904 1460 1247 1545 peregrino
1292 1460 1538 1538 solum,
1586 1460 1706 1526 sed
1752 1460 1957 1526 etiam
1993 1481 2079 1526 ex
2105 1459 2332 1539 hoste,
2374 1478 2606 1540 regem
2660 1458 2784 1523 fac·

604 1569 795 1627 tum:
835 1570 905 1628 et
935 1562 1254 1641 Numam,
1292 1564 1594 1648 ignarum
1641 1564 1850 1642 urbis,
1871 1574 1894 1601 ⁷
1939 1582 2069 1629 non
2118 1568 2484 1647 petentem,
2539 1560 2608 1624 in
2654 1579 2790 1644 reg·

606 1682 762 1728 num
793 1665 962 1730 ultro
994 1664 1298 1731 accitum.
1385 1665 1499 1747 Se,
1545 1685 1636 1730 ex
1681 1686 1815 1751 quo
1837 1672 1864 1703 ²
1909 1666 2020 1731 sui
2067 1672 2306 1750 potens
2340 1664 2565 1743 fuerit,
2584 1675 2611 1703 ³
2658 1657 2790 1728 Ro-

606 1786 788 1832 mam
816 1787 968 1833 cum
998 1766 1281 1852 conjuge
1313 1787 1395 1834 ac
1423 1768 1705 1834 fortunis
1736 1769 2044 1835 omnibus
2082 1769 2561 1852 commigrasse
2590 1787 2611 1833 ε
2660 1785 2790 1831 ma·

598 1868 824 1953 jorem
857 1875 1108 1956 partem
1158 1870 1377 1936 aetatis
1406 1871 1580 1956 ejuS,
1611 1891 1751 1957 qua
1795 1871 2114 1949 civilibus
2161 1869 2403 1938 officiis
2438 1870 2794 1954 fungantur

606 1972 927 2055 homines»,
974 1972 1216 2040 Romoe
1258 1994 1355 2054 se,
1383 1995 1586 2060 quam
1629 1977 1702 2040 in
1733 1982 1962 2042 vetere
2006 1975 2252 2061 patria,
2290 1975 2572 2052 vixisse,
2616 1972 2793 2039 domi

607 2076 1005 2161 militiaeque
1027 2082 1049 2112 ⁸
1078 2077 1206 2142 sub
1227 2076 1409 2142 haud
1435 2078 1819 2162 poenitendo
1847 2081 2189 2162 magistro,
2215 2079 2372 2163 ipso
2404 2076 2605 2143 Anco
2626 2095 2792 2160 rege,

610 2176 919 2243 Romana
950 2198 1026 2244 se
1063 2178 1245 2264 jura,
1295 2179 1641 2247 Romanos
1689 2183 1863 2248 ritus·
1906 2181 2257 2248 didicisse.
2347 2179 2707 2266 Obsequio
2736 2183 2796 2244 et

611 2280 1033 2348 observantia
1074 2285 1141 2349 in
1188 2302 1402 2368 regem
1435 2305 1588 2352 cum
1631 2286 1966 2359 omnibus,
2005 2286 2408 2371 benignitate
2441 2303 2600 2369 erga
2634 2283 2793 2349 alios

610 2402 764 2451 mm
807 2404 960 2471 rege
1008 2387 1167 2472 ipso
1218 2388 1561 2455 certasse-³
1681 2390 1861 2457 Haec
1902 2410 2053 2456 eum
2095 2391 2274 2457 haud
2318 2389 2494 2455 falsa
2550 2406 2795 2452 memo-

606 2494 859 2556 tantem
883 2490 1132 2574 ingenti
1161 2510 1494 2558 consensu
1525 2494 1824 2579 populus
1858 2493 2197 2560 Romanus
2226 2512 2502 2578 regnare
2535 2487 2795 2578 jussit?

608 2591 788 2677 Ergo
833 2592 1073 2675 virum,
1133 2602 1356 2661 cetera
1406 2596 1756 2681 egregium,
1807 2603 2066 2680 secuta,
2117 2593 2320 2684 q'uam
2378 2598 2454 2663 in
2509 2592 2795 2681 petendo

607 2694 953 2775 habuerat,
979 2698 1179 2764 etiam
1208 2707 1597 2782 regnantem
1628 2701 1904 2766 ambitio
1943 2708 2073 2767 est.
2161 2699 2315 2766 Nec
2355 2700 2580 2765 minus
2623 2696 2796 2781 regni

610 2797 713 2861 sui
743 2796 1071 2879 firmandi,
1101 2820 1305 2885 quam
1335 2803 1664 2887 augendae
1693 2805 2105 2889 reipublicae,
2135 2822 2408 2883 memor,
2438 2807 2705 2869 centum
2732 2800 2794 2864 in

614 2898 859 2965 Patres
899 2901 1102 2986 Iegit3
1125 2903 1145 2938 ‘
1187 2904 1306 2989 qui
1350 2905 1587 2971 deinde
1625 2908 1950 2973 minorum
1997 2905 2342 2991 gentium¹¹
2382 2911 2540 2973 sunt
2567 2903 2798 2991 appel·

677 3090 700 3116 f
735 3083 834 3141 Qui
853 3083 984 3135 urbis
1005 3099 1156 3136 nom
1175 3101 1267 3136 non
1286 3093 1497 3140 noverat.
1626 3097 1646 3123 ¹
1677 3090 1761 3140 Ex
1778 3106 1868 3156 quo
1888 3090 1967 3142 ui
1987 3090 2361 3153 arbitriisuen‘t.

1515 3234 1883 3256 ‘mONOOOOO

677 3316 742 3388 29
772 3312 789 3341 ‘
808 3312 1074 3376 suspicari
1098 3314 1258 3379 possis
1277 3315 1364 3366 cab
1388 3322 1572 3383 tempus
1588 3319 1675 3370 id.'
1708 3322 2020 3385 Rapum—1
2060 3321 2297 3372 Putabat
2312 3319 2517 3371 Stroth.
2539 3325 2588 3371 et
2616 3318 2796 3371 Tatin-

616 3386 840 3462 positum
861 3393 975 3429 esse
995 3393 1089 3445 pro
1113 3385 1213 3430 tam
1238 3382 1543 3435 Tatium—2
1576 3385 1676 3437 Ed.
1700 3386 1972 3451 Kreyssig.
1992 3386 2223 3437 accitum.-
2254 3392 2355 3437 tam
2373 3401 2443 3452 oe,
2459 3401 2522 3438 ex
2536 3402 2643 3452 quo.

1603 3532 1818 3584 1401·AE

678 3626 702 3651 ⁰
735 3618 858 3668 Filii
893 3635 1033 3685 prope
1063 3624 1281 3687 puberem
1309 3628 1522 3693 ertatem]
1552 3630 1668 3682 Ma·
1745 3633 1829 3684 bic
1852 3632 2002 3685 affert
2023 3635 2280 3700 exempla.

609 3694 693 3758 jor
727 3696 930 3747 scilicet
957 3696 1093 3749 Anci
1127 3701 1313 3753 Marcii
1344 3701 1512 3755 filius:
1549 3721 1668 3757 nam
1812 3711 1843 3741 ’
1879 3711 1943 3763 A.
1968 3713 2034 3763 U.
2059 3713 2119 3763 C.
2142 3716 2256 3763 189.

616 3770 782 3819 minor
803 3771 968 3823 adbuc
995 3774 1181 3828 infans.
1246 3780 1327 3829 Ex
1351 3781 1572 3847 Dionys.
1815 3796 1834 3822 ⁸
1865 3788 2011 3840 Domi
2042 3786 2342 3854 militia-que]
2402 3785 2635 3839 Publicis
2664 3781 2794 3848 ptri·

677 3854 704 3889 ¹>
739 3849 812 3937 Ep
850 3851 1028 3938 nangis]
1079 3855 1165 3905 Ne
1201 3856 1368 3920 major
1388 3865 1511 3909 natu
1533 3857 1670 3910 finus
1750 3873 1833 3915 ter
1849 3866 2170 3932 privatisque
2192 3865 2421 3916 consiliis
2446 3879 2577 3930 pace
2596 3868 2650 3913 et
2664 3861 2796 3911 bello

614 3937 895 3988 superioris
919 3928 1076 3995 regis,
1109 3930 1154 3982 si
1193 3933 1357 3998 pubes
1392 3934 1558 3986 factus
1592 3953 1672 3989 es·
1750 3942 2026 3999 adbibitus,
2047 3950 2106 3993 ut
2126 3956 2320 4006 nuptu
2354 3939 2614 4007 equitatui
2642 3937 2794 3988 etim

613 4009 714 4060 set,
734 4016 850 4054 cum
873 4018 937 4055 eo
957 4005 1023 4058 de
1048 4023 1209 4074 regno
1232 4008 1436 4065 facilins
1455 4023 1668 4067 conten·
1749 4016 2055 4083 prefectus.

549 4113 554 4124 .
616 4077 782 4130 deret.
1815 4098 1832 4128 ¹
1855 4096 2055 4146 Centum
2074 4094 2127 4145 in
2150 4094 2325 4145 Patres
2345 4092 2492 4158 legit]
2528 4090 2612 4142 Ad
2632 4087 2792 4139 conei-

680 4162 705 4197 ‘1
738 4155 840 4206 Sub
861 4161 1064 4226 tempu]
1097 4162 1435 4218 Comitiorum
1466 4182 1670 4234 nempe.
1749 4172 1975 4223 liandam
2016 4172 2184 4236 piebis
2223 4172 2462 4237 gratiam,
2500 4175 2703 4219 centum
2729 4179 2791 4215 ex

680 4241 700 4266 ¹
734 4234 849 4284 Non
879 4250 980 4286 rem
1016 4242 1206 4306 nom]
1238 4245 1387 4297 Quod
1429 4248 1670 4313 exemplo
1750 4262 1816 4297 ea
1847 4247 2085 4309 selectu,
2117 4247 2169 4298 in
2204 4245 2552 4299 Patriciomm
2583 4242 2792 4310 primn-

618 4309 695 4370 ἧι,
716 4313 924 4366 videtur
939 4315 1061 4380 jure
1082 4317 1295 4373 factum.
1339 4323 1550 4377 Idcirco
1570 4326 1672 4377 tria
1750 4324 1963 4375 allectos
1983 4323 2235 4387 ordinem,
2257 4336 2471 4374 numero
2494 4322 2792 4373 Senator-nn
