3034 4925
974 407 1152 456 vum
1210 407 1298 454 Εἰ·
1347 406 1718 455 Ηιετοιιιᾼ
1772 406 1950 455 nom.
2472 391 2557 458 19

361 553 575 623 torius
597 551 817 618 inilia
838 551 1338 618 desiderabatur
1358 558 1653 617 ornatus.
1748 544 1943 617 Nam
1957 552 2231 618 historia
2252 573 2333 619 eo
2353 554 2560 639 potis-
2607 596 2614 603 ·

368 660 616 724 simum
640 656 945 722 ,consilio
969 674 1010 720 a
1049 654 1310 721 Graecis
1337 655 1495 719 olim
1528 654 1991 739 Romanisque
2020 658 2450 734 scribebatur,
2481 664 2561 720 ut

362 760 681 844 ,practica
695 758 1001 842 quaedam
1023 757 1454 842 philosophia
1501 764 1684 822 esset
1711 759 1817 823 vel
1849 759 2163 842 magistra
2192 760 2373 837 vitae,
2401 778 2561 842 pru-

368 863 614 927 dentiae
641 861 866 926 civilis
884 880 965 926 ac
982 861 1310 938 militaris,
1328 862 1643 927 virtutum
1669 869 1870 946 atque
1889 867 2399 946 praeceptorum,
2424 869 2563 926 tam

372 966 738 1032 civibus‘et
764 963 1071 1046 privatis,
1104 982 1309 1046 quam
1330 963 1762 1048 Principibus
1792 963 2423 1047 magistratibusque
2453 983 2563 1027 sa-

374 1068 688 1132 lubrium.
721 1065 862 1145 Qui
875 1064 1027 1129 finis
1045 1065 1328 1131 obtineri
1351 1066 1609 1148 nequit,
1632 1064 1765 1128 nisi
1787 1066 1941 1147 ipsa
1971 1084 2245 1151 quoque
2263 1066 2563 1130 narratio

368 1189 592 1236 rerum
622 1186 1014 1251 magnarum
1044 1167 1605 1249 mirabiliumque,
1646 1186 1689 1230 a
1718 1165 1982 1248 magnis
2017 1166 2176 1237 viris
2208 1174 2566 1249 gestarum,

374 1272 465 1338 ad
497 1290 741 1335 sensus
769 1289 1044 1354 magnos
1076 1269 1492 1352 affectusque
1517 1269 1664 1333 sive
1695 1270 2027 1353 graviores
2058 1269 2202 1333 sive
2228 1268 2569 1333 molliores

377 1376 861 1457 suavioresque
893 1372 1262 1438 movendos
1296 1369 1814 1438 accommodata
1845 1379 1967 1449 est,
2015 1378 2085 1436 et
2120 1371 2322 1436 animi
2352 1371 2569 1452 legen·

368 1478 542 1540 tium
563 1480 867 1540 tenentur
883 1475 1255 1540 subtilitate
1268 1474 1702 1558 judiciorum,
1720 1474 2200 1542 sententiarum
2219 1474 2573 1556 elegantia,

377 1577 731 1659 gravitate,
752 1576 958 1660 copia
982 1586 1050 1642 et
1071 1578 1401 1656 acumine,
1427 1577 1889 1661 orationisque
1912 1578 2236 1643 varietate
2259 1582 2326 1641 et
2344 1576 2573 1639 elocu-

379 1681 591 1756 tione,
623 1699 665 1744 a
717 1698 855 1762 qua
882 1679 1222 1763 praecipue
1264 1679 1649 1762 eloquentes
1692 1679 2017 1759 dicuntur,
2068 1680 2135 1744 h.
2178 1699 2239 1745 e.
2286 1677 2575 1742 naturali

372 1788 734 1847 -ve‘nustate
780 1787 847 1846 et
865 1783 1238 1847 urbanitate
1265 1782 1582 1866 quadam,
1616 1802 1733 1868 per
1759 1783 1967 1861 illam,
2009 1790 2085 1846 ut
2130 1781 2405 1863 sanguis
2460 1798 2578 1864 per

384 1904 652 1968 corpus,
675 1883 948 1950 diffusa.
995 1882 1264 1962 Quibus
1282 1885 1342 1950 si
1360 1886 1621 1951 accedit
1642 1887 1760 1951 illa
1776 1892 2074 1951 veterum
2090 1884 2578 1959 historicorum,

383 1990 522 2050 tam
571 1985 965 2052 Graecorum
1010 2007 1215 2071 quam
1272 1988 1759 2068 Romanorum,
1808 2008 1937 2065 ars,
1992 2007 2127 2071 qua
2184 1985 2412 2067 magni
2456 1983 2581 2048 viri

374 2104 519 2177 ‘non
550 2083 752 2152 modo
782 2093 1076 2171 agentes,
1106 2087 1228 2154 sed
1276 2096 1345 2155 et
1374 2092 1510 2175 ipsi
1560 2110 1827 2170 causaS,
1877 2109 1994 2158 cur
2037 2090 2132 2155 ita
2156 2095 2379 2171 agant,
2408 2087 2579 2151 scite

387 2199 806 2272 exponentes
860 2188 1306 2273 inducuntur3
1369 2213 1521 2276 quae
1572 2194 1775 2260 lectio
1823 2211 2059 2279 quaeve
2105 2191 2467 2275 disciplina
2517 2193 2585 2251 et

377 2290 754 2374 jucundior
798 2298 866 2356 et
910 2293 1136 2358 utilior
1179 2293 1331 2377 fingi
1374 2298 1655 2379 potest?
1731 2297 1912 2362 Hinc
1956 2295 2195 2361 Cicero
2249 2292 2584 2366 censebat,

389 2395 635 2460 summi
692 2394 975 2460 oratoris
1028 2414 1200 2474 esse,
1250 2396 1604 2464 historiam
1656 2399 1968 2479 scribere,
2052 2415 2335 2481 eamque
2384 2389 2587 2476 hujus

386 2497 705 2572 doctrina.
720 2499 1136 2564 sublevatam
1159 2500 1372 2566 multo
1404 2503 1620 2586 magis
1644 2523 1717 2567 se
1740 2519 2188 2576 commovere,
2212 2505 2285 2561 et
2308 2511 2589 2561 succum

388 2601 702 2683 quasiac
751 2601 1474 2683 sanguinem,.carnem
1515 2605 1935 2669 accelerem
1986 2600 2311 2683 accipere,
2339 2597 2388 2661 i.
2418 2614 2476 2659 e.
2521 2599 2591 2656 et

390 2702 771 2769 suaviorem
799 2702 991 2767 reddi
1019 2709 1087 2767 et
1112 2702 1640 2769 fructuosiorem.
1730 2702 1975 2786 Neque
1997 2718 2347 2784 assequor,
2371 2716 2491 2762 cur
2519 2696 2593 2759 in

391 2824 476 2897 ea
506 2805 749 2883 oratic,
782 2805 1016 2870 habitu
1050 2807 1343 2871 oratorio
1375 2808 1622 2873 vestita
1643 2812 1710 2872 et
1723 2807 1852 2872 hac
1878 2813 2018 2871 arte
2039 2804 2364 2879 animata,
2391 2797 2591 2863 modo

386 2926 610 2991 neque
640 2908 842 2973 nimis
873 2927 956 2973 ea
977 2908 1297 2989 luxuriet,
1352 2930 1570 2994 neque
1620 2909 1837 2992 magis
1889 2914 2166 2973 ornatus
2221 2905 2593 2977 verborum,

392 3028 604 3093 quam
635 3028 847 3073 rerum
878 3011 1176 3076 veritatis
1221 3013 1397 3078 ratio
1443 3013 1795 3090 habeatur,
1834 3013 2056 3076 minus
2101 3004 2454 3093 probanda
2504 3001 2598 3065 sit

384 3113 751 3195 minusque
781 3112 1049 3195 placere
1079 3123 1306 3197 queat,
1332 3135 1536 3199 quam
1551 3136 1685 3199 qua
1707 3114 1978 3199 plurimi
2000 3117 2266 3177 utuntur
2292 3103 2597 3173 historici

394 3217 465 3278 et
490 3213 889 3297 antiquioris
933 3216 1066 3281 aevi
1102 3224 1171 3282 et
1197 3219 1614 3296 recentioris,
1645 3219 1764 3302 qui
1792 3217 1898 3283 vel
1949 3236 2056 3281 res
2100 3213 2389 3278 breviter
2439 3208 2598 3272 sim-

396 3314 813 3399 pliciterque.
845 3336 965 3382 seu
993 3317 1082 3381 ad
1111 3325 1382 3403 captum
1431 3340 1785 3404 puerorum
1833 3314 2340 3384 accommodate
2391 3327 2603 3393 expo-

399 3436 580 3495 nere,
609 3418 715 3482 vel
743 3418 966 3485 doctis
996 3427 1257 3486 tantum
1294 3424 1676 3489 hominibus
1722 3423 2094 3498 consulere,
2150 3417 2490 3500 disputare
2509 3414 2602 3474 -et

388 3523 873 3610 argumentari,
924 3522 1330 3598 difficiliores
1373 3527 1615 3591 modos
1670 3524 2013 3608 expedire,
2063 3521 2353 3585 obscura
2383 3521 2452 3577 et
2500 3530 2603 3574 re—

402 3620 684 3691 condita
734 3626 1013 3689 scrutari
1092 3626 1333 3692 solent.
1455 3625 1632 3705 Quis
1691 3631 1870 3692 certe
1947 3623 2212 3689 Livium
2259 3612 2605 3699 reprehen-

406 3722 768 3806 dat,2quod
817 3733 1093 3791 secutus
1138 3729 1225 3792 sit
1253 3748 1546 3809 sensum,
1580 3729 1865 3813 Judicia,
1904 3740 2289 3806 moremque
2317 3716 2605 3802 popula-

405 3824 591 3893 rium¹
610 3845 907 3906 suorum,
940 3849 1111 3913 quos
1134 3831 1204 3895 in
1231 3833 1465 3914 primis
1498 3837 1568 3896 et
1596 3832 1927 3896 delectare
1954 3836 2027 3893 et
2054 3825 2336 3890 edocere
2382 3821 2607 3904 cupie-

408 3928 573 3993 bat‘l
621 3934 688 3993 et
714 3930 870 4012 quis
894 3950 1023 3996 non
1043 3934 1132 3998 ad
1160 3933 1334 3999 hunc
1364 3934 1561 4001 finem
1584 3934 1817 4017 exigat
1848 3930 2126 3998 annales
2156 3928 2301 4014 ejus
2323 3928 2355 3992 ‘l
2421 3922 2607 4004 Quid

412 4049 574 4097 vero
605 4050 835 4097 causae
864 4039 986 4113 est,
1015 4055 1134 4100 cur
1179 4055 1222 4101 a
1260 4038 1453 4102 nobis
1482 4040 1693 4102 minor
1720 4036 2035 4119 voluptas
2082 4032 2471 4113 utilitasque
2519 4043 2611 4090 ex

410 4132 566 4216 ,ejus
596 4133 1011 4221 aliorumque
1039 4138 1336 4204 historiis
1366 4143 1665 4225 antiquis
1693 4140 2118 4223 percipiatur,
2148 4153 2353 4221 quam
2399 4150 2442 4194 a
2488 4149 2610 4213 po·

408 4234 767 4319 pularibus
796 4256 1025 4305 eorum
1050 4248 1255 4325 capta
1284 4245 1442 4308 est?
1488 4242 1554 4308 A
1586 4243 1828 4327 paucis
1859 4243 1994 4309 inae
2026 4261 2111 4307 eo
2142 4239 2342 4306 modo
2370 4258 2450 4305 ac
2483 4238 2611 4305 fine
