<?xml version="1.0" encoding="UTF-8"?>
<!DOCTYPE html PUBLIC "-//W3C//DTD XHTML 1.0 Transitional//EN"
    "http://www.w3.org/TR/xhtml1/DTD/xhtml1-transitional.dtd">
<html xmlns="http://www.w3.org/1999/xhtml" xml:lang="en" lang="en">
 <head>
  <title>
</title>
<meta http-equiv="Content-Type" content="text/html;charset=utf-8" />
  <meta name='ocr-system' content='tesseract 3.04.00' />
  <meta name='ocr-capabilities' content='ocr_page ocr_carea ocr_par ocr_line ocrx_word'/>
</head>
<body>
  <div class='ocr_page' id='page_1' title='image "./tliviipatavinih23unkngoog_0214.png"; bbox 0 0 3034 4925; ppageno 0'>
   <div class='ocr_carea' id='block_1_1' title="bbox 516 323 1755 404">
    <p class='ocr_par' dir='ltr' id='par_1_1' title="bbox 516 323 1755 404">
     <span class='ocr_line' id='line_1_1' title="bbox 516 323 1755 404; baseline -0.004 -1"><span class='ocrx_word' id='word_1_1' title='bbox 516 333 646 404; x_wconf 75' lang='grc'><strong>142</strong></span> <span class='ocrx_word' id='word_1_2' title='bbox 1410 323 1414 329; x_wconf 81' lang='grc'><strong>’</strong></span> <span class='ocrx_word' id='word_1_3' title='bbox 1435 347 1631 400; x_wconf 75' lang='grc' dir='ltr'><strong>τΑΒυ</strong></span> <span class='ocrx_word' id='word_1_4' title='bbox 1644 347 1755 399; x_wconf 72' lang='lat' dir='ltr'>1.AE</span> 
     </span>
    </p>
   </div>
   <div class='ocr_carea' id='block_1_2' title="bbox 508 497 2710 2133">
    <p class='ocr_par' dir='ltr' id='par_1_2' title="bbox 508 497 2710 2133">
     <span class='ocr_line' id='line_1_2' title="bbox 522 497 2705 586; baseline -0.003 -20"><span class='ocrx_word' id='word_1_5' title='bbox 522 509 615 567; x_wconf 91' lang='grc'>16.</span> <span class='ocrx_word' id='word_1_6' title='bbox 662 505 939 586; x_wconf 83' lang='lat' dir='ltr'>Clemens</span> <span class='ocrx_word' id='word_1_7' title='bbox 972 504 1253 584; x_wconf 82' lang='lat' dir='ltr'>Agrippae</span> <span class='ocrx_word' id='word_1_8' title='bbox 1283 502 1554 563; x_wconf 76' lang='lat' dir='ltr'><strong>Postumi</strong></span> <span class='ocrx_word' id='word_1_9' title='bbox 1597 520 1825 563; x_wconf 84' lang='lat' dir='ltr'>servus.</span> <span class='ocrx_word' id='word_1_10' title='bbox 1907 500 2318 563; x_wconf 79' lang='lat' dir='ltr'><strong>Mathematici</strong></span> <span class='ocrx_word' id='word_1_11' title='bbox 2342 500 2500 562; x_wconf 85' lang='lat' dir='ltr'>Urbe</span> <span class='ocrx_word' id='word_1_12' title='bbox 2529 497 2705 581; x_wconf 84' lang='lat' dir='ltr'>pulsi,</span> 
     </span>
     <span class='ocr_line' id='line_1_3' title="bbox 514 599 2705 665; baseline -0.003 -1"><span class='ocrx_word' id='word_1_13' title='bbox 514 604 585 665; x_wconf 90' lang='lat' dir='ltr'>T.</span> <span class='ocrx_word' id='word_1_14' title='bbox 614 603 849 664; x_wconf 84' lang='lat' dir='ltr'>Statilio</span> <span class='ocrx_word' id='word_1_15' title='bbox 877 602 1132 661; x_wconf 86' lang='lat' dir='ltr'><strong>Sisenna</strong></span> <span class='ocrx_word' id='word_1_16' title='bbox 1158 601 1351 659; x_wconf 87' lang='lat' dir='ltr'>Tauro</span> <span class='ocrx_word' id='word_1_17' title='bbox 1380 610 1441 660; x_wconf 91' lang='lat' dir='ltr'>et</span> <span class='ocrx_word' id='word_1_18' title='bbox 1463 600 1530 659; x_wconf 92' lang='lat' dir='ltr'>L.</span> <span class='ocrx_word' id='word_1_19' title='bbox 1561 599 1869 660; x_wconf 91' lang='lat' dir='ltr'>Scribonio</span> <span class='ocrx_word' id='word_1_20' title='bbox 1899 599 2120 661; x_wconf 90' lang='lat' dir='ltr'>Libone</span> <span class='ocrx_word' id='word_1_21' title='bbox 2148 614 2299 661; x_wconf 82' lang='lat' dir='ltr'>coss.</span> <span class='ocrx_word' id='word_1_22' title='bbox 2379 599 2506 659; x_wconf 83' lang='lat' dir='ltr'>Jul.</span> <span class='ocrx_word' id='word_1_23' title='bbox 2529 599 2705 659; x_wconf 87' lang='lat' dir='ltr'>Pom-</span> 
     </span>
     <span class='ocr_line' id='line_1_4' title="bbox 516 696 2705 781; baseline -0.002 -20"><span class='ocrx_word' id='word_1_24' title='bbox 516 701 733 781; x_wconf 90' lang='lat' dir='ltr'>ponius</span> <span class='ocrx_word' id='word_1_25' title='bbox 762 699 1075 758; x_wconf 82' lang='lat' dir='ltr'>Graecinus</span> <span class='ocrx_word' id='word_1_26' title='bbox 1103 716 1234 758; x_wconf 92' lang='lat' dir='ltr'>cos.</span> <span class='ocrx_word' id='word_1_27' title='bbox 1261 698 1392 756; x_wconf 86' lang='lat' dir='ltr'>suff.</span> <span class='ocrx_word' id='word_1_28' title='bbox 1468 698 1534 756; x_wconf 94' lang='lat' dir='ltr'>L.</span> <span class='ocrx_word' id='word_1_29' title='bbox 1564 696 1853 757; x_wconf 83' lang='lat' dir='ltr'>Scribonii</span> <span class='ocrx_word' id='word_1_30' title='bbox 1884 697 2118 757; x_wconf 89' lang='lat' dir='ltr'>Libonis</span> <span class='ocrx_word' id='word_1_31' title='bbox 2140 698 2318 757; x_wconf 83' lang='lat' dir='ltr'>Drusi</span> <span class='ocrx_word' id='word_1_32' title='bbox 2339 706 2510 777; x_wconf 84' lang='lat' dir='ltr'>praet.</span> <span class='ocrx_word' id='word_1_33' title='bbox 2532 715 2705 756; x_wconf 90' lang='lat' dir='ltr'>accu-</span> 
     </span>
     <span class='ocr_line' id='line_1_5' title="bbox 513 794 2708 875; baseline -0.003 -16"><span class='ocrx_word' id='word_1_34' title='bbox 513 799 665 859; x_wconf 87' lang='lat' dir='ltr'>satio</span> <span class='ocrx_word' id='word_1_35' title='bbox 712 812 773 859; x_wconf 91' lang='lat' dir='ltr'>et</span> <span class='ocrx_word' id='word_1_36' title='bbox 818 815 999 857; x_wconf 89' lang='lat' dir='ltr'>mors.</span> <span class='ocrx_word' id='word_1_37' title='bbox 1088 797 1181 854; x_wconf 86' lang='lat'>17.</span> <span class='ocrx_word' id='word_1_38' title='bbox 1228 795 1614 875; x_wconf 83' lang='lat' dir='ltr'>Cappadocia</span> <span class='ocrx_word' id='word_1_39' title='bbox 1650 814 1814 875; x_wconf 87' lang='lat' dir='ltr'>prov.</span> <span class='ocrx_word' id='word_1_40' title='bbox 1863 794 2037 854; x_wconf 87' lang='lat' dir='ltr'>Rom.</span> <span class='ocrx_word' id='word_1_41' title='bbox 2082 794 2376 855; x_wconf 73' lang='lat' dir='ltr'><strong>Archelao</strong></span> <span class='ocrx_word' id='word_1_42' title='bbox 2420 813 2561 873; x_wconf 86' lang='lat' dir='ltr'>rege</span> <span class='ocrx_word' id='word_1_43' title='bbox 2607 813 2708 872; x_wconf 91' lang='lat' dir='ltr'>per</span> 
     </span>
     <span class='ocr_line' id='line_1_6' title="bbox 513 890 2707 975; baseline -0.003 -20"><span class='ocrx_word' id='word_1_44' title='bbox 513 893 781 955; x_wconf 82' lang='lat' dir='ltr'>fraudem</span> <span class='ocrx_word' id='word_1_45' title='bbox 812 892 1028 975; x_wconf 59' lang='lat' dir='ltr'>occisa</span> <span class='ocrx_word' id='word_1_46' title='bbox 1112 892 1479 965; x_wconf 77' lang='lat' dir='ltr'>TacfarinaS,</span> <span class='ocrx_word' id='word_1_47' title='bbox 1523 892 1645 951; x_wconf 86' lang='lat' dir='ltr'>dux</span> <span class='ocrx_word' id='word_1_48' title='bbox 1682 891 2128 951; x_wconf 86' lang='lat' dir='ltr'>Musulanorum</span> <span class='ocrx_word' id='word_1_49' title='bbox 2157 892 2217 951; x_wconf 90' lang='lat' dir='ltr'>in</span> <span class='ocrx_word' id='word_1_50' title='bbox 2260 890 2563 964; x_wconf 86' lang='lat' dir='ltr'>Numidia,</span> <span class='ocrx_word' id='word_1_51' title='bbox 2589 890 2707 949; x_wconf 87' lang='lat' dir='ltr'>vic-</span> 
     </span>
     <span class='ocr_line' id='line_1_7' title="bbox 514 987 2705 1068; baseline -0.002 -16"><span class='ocrx_word' id='word_1_52' title='bbox 514 1002 612 1052; x_wconf 90' lang='lat' dir='ltr'>tus</span> <span class='ocrx_word' id='word_1_53' title='bbox 644 1012 681 1051; x_wconf 89' lang='lat' dir='ltr'>a</span> <span class='ocrx_word' id='word_1_54' title='bbox 709 991 795 1051; x_wconf 92' lang='lat' dir='ltr'>M.</span> <span class='ocrx_word' id='word_1_55' title='bbox 819 990 991 1050; x_wconf 89' lang='lat' dir='ltr'>Furio</span> <span class='ocrx_word' id='word_1_56' title='bbox 1022 988 1274 1049; x_wconf 89' lang='lat' dir='ltr'>Camillo</span> <span class='ocrx_word' id='word_1_57' title='bbox 1303 1009 1464 1068; x_wconf 91' lang='lat' dir='ltr'>proc.</span> <span class='ocrx_word' id='word_1_58' title='bbox 1493 989 1732 1049; x_wconf 84' lang='lat' dir='ltr'>Africae.</span> <span class='ocrx_word' id='word_1_59' title='bbox 1797 989 2152 1068; x_wconf 84' lang='lat' dir='ltr'>Triumphus</span> <span class='ocrx_word' id='word_1_60' title='bbox 2184 987 2544 1049; x_wconf 81' lang='lat' dir='ltr'>Germanici.</span> <span class='ocrx_word' id='word_1_61' title='bbox 2590 987 2705 1047; x_wconf 90' lang='lat' dir='ltr'>Cn.</span> 
     </span>
     <span class='ocr_line' id='line_1_8' title="bbox 518 1085 2710 1169; baseline -0.003 -20"><span class='ocrx_word' id='word_1_62' title='bbox 518 1089 871 1168; x_wconf 79' lang='lat' dir='ltr'>Calpurnius</span> <span class='ocrx_word' id='word_1_63' title='bbox 901 1088 1043 1148; x_wconf 89' lang='lat' dir='ltr'>Piso</span> <span class='ocrx_word' id='word_1_64' title='bbox 1071 1107 1231 1169; x_wconf 91' lang='lat' dir='ltr'>proc.</span> <span class='ocrx_word' id='word_1_65' title='bbox 1265 1086 1633 1169; x_wconf 78' lang='lat' dir='ltr'>Syriae.——P.</span> <span class='ocrx_word' id='word_1_66' title='bbox 1676 1087 1933 1146; x_wconf 85' lang='lat' dir='ltr'>Rutilius</span> <span class='ocrx_word' id='word_1_67' title='bbox 1962 1087 2179 1165; x_wconf 87' lang='lat' dir='ltr'>Lupus,</span> <span class='ocrx_word' id='word_1_68' title='bbox 2211 1096 2273 1146; x_wconf 89' lang='lat' dir='ltr'>et</span> <span class='ocrx_word' id='word_1_69' title='bbox 2300 1086 2366 1145; x_wconf 89' lang='lat' dir='ltr'>L.</span> <span class='ocrx_word' id='word_1_70' title='bbox 2402 1085 2710 1145; x_wconf 81' lang='lat' dir='ltr'>Fenestel-</span> 
     </span>
     <span class='ocr_line' id='line_1_9' title="bbox 512 1181 2706 1261; baseline -0.002 -16"><span class='ocrx_word' id='word_1_71' title='bbox 512 1181 594 1245; x_wconf 88' lang='lat' dir='ltr'>la.</span> <span class='ocrx_word' id='word_1_72' title='bbox 673 1189 766 1246; x_wconf 92' lang='lat'>18.</span> <span class='ocrx_word' id='word_1_73' title='bbox 799 1185 1189 1246; x_wconf 88' lang='lat' dir='ltr'>Germanicus</span> <span class='ocrx_word' id='word_1_74' title='bbox 1220 1186 1427 1245; x_wconf 91' lang='lat' dir='ltr'>iterum</span> <span class='ocrx_word' id='word_1_75' title='bbox 1457 1184 1668 1245; x_wconf 88' lang='lat' dir='ltr'>consul</span> <span class='ocrx_word' id='word_1_76' title='bbox 1697 1203 1834 1244; x_wconf 90' lang='lat' dir='ltr'>cum</span> <span class='ocrx_word' id='word_1_77' title='bbox 1852 1182 2104 1255; x_wconf 82' lang='lat' dir='ltr'>Tiberio,</span> <span class='ocrx_word' id='word_1_78' title='bbox 2129 1191 2190 1242; x_wconf 89' lang='lat' dir='ltr'>et</span> <span class='ocrx_word' id='word_1_79' title='bbox 2217 1181 2446 1244; x_wconf 85' lang='lat' dir='ltr'>Orienti</span> <span class='ocrx_word' id='word_1_80' title='bbox 2473 1200 2706 1261; x_wconf 77' lang='lat' dir='ltr'>praepo-</span> 
     </span>
     <span class='ocr_line' id='line_1_10' title="bbox 517 1279 2706 1363; baseline -0.001 -20"><span class='ocrx_word' id='word_1_81' title='bbox 517 1285 690 1345; x_wconf 87' lang='lat' dir='ltr'>situs.</span> <span class='ocrx_word' id='word_1_82' title='bbox 773 1284 853 1352; x_wconf 87' lang='lat' dir='ltr'>Q.</span> <span class='ocrx_word' id='word_1_83' title='bbox 884 1285 936 1340; x_wconf 90' lang='lat' dir='ltr'>V</span> <span class='ocrx_word' id='word_1_84' title='bbox 939 1284 1219 1344; x_wconf 88' lang='lat' dir='ltr'>erannius</span> <span class='ocrx_word' id='word_1_85' title='bbox 1248 1283 1468 1363; x_wconf 87' lang='lat' dir='ltr'>primus</span> <span class='ocrx_word' id='word_1_86' title='bbox 1500 1279 1944 1361; x_wconf 86' lang='lat' dir='ltr'>Cappadociam</span> <span class='ocrx_word' id='word_1_87' title='bbox 1973 1281 2220 1348; x_wconf 85' lang='lat' dir='ltr'>obtinet,</span> <span class='ocrx_word' id='word_1_88' title='bbox 2237 1289 2298 1339; x_wconf 89' lang='lat' dir='ltr'>et</span> <span class='ocrx_word' id='word_1_89' title='bbox 2324 1280 2402 1348; x_wconf 87' lang='lat' dir='ltr'>Q.</span> <span class='ocrx_word' id='word_1_90' title='bbox 2433 1279 2706 1340; x_wconf 82' lang='lat' dir='ltr'>Serveius</span> 
     </span>
     <span class='ocr_line' id='line_1_11' title="bbox 514 1377 2709 1462; baseline -0.002 -21"><span class='ocrx_word' id='word_1_91' title='bbox 514 1382 979 1462; x_wconf 84' lang='lat' dir='ltr'>Commagenen.</span> <span class='ocrx_word' id='word_1_92' title='bbox 1068 1382 1161 1439; x_wconf 92' lang='lat'>19.</span> <span class='ocrx_word' id='word_1_93' title='bbox 1208 1380 1545 1439; x_wconf 88' lang='lat' dir='ltr'>Germanici</span> <span class='ocrx_word' id='word_1_94' title='bbox 1590 1380 1699 1438; x_wconf 89' lang='lat' dir='ltr'>iter</span> <span class='ocrx_word' id='word_1_95' title='bbox 1736 1378 1794 1437; x_wconf 90' lang='lat' dir='ltr'>in</span> <span class='ocrx_word' id='word_1_96' title='bbox 1832 1377 2124 1437; x_wconf 77' lang='lat' dir='ltr'>Graeciam</span> <span class='ocrx_word' id='word_1_97' title='bbox 2148 1377 2613 1457; x_wconf 85' lang='lat' dir='ltr'>AEgyptumque,</span> <span class='ocrx_word' id='word_1_98' title='bbox 2649 1386 2709 1436; x_wconf 88' lang='lat' dir='ltr'>et</span> 
     </span>
     <span class='ocr_line' id='line_1_12' title="bbox 512 1473 2706 1556; baseline -0.003 -18"><span class='ocrx_word' id='word_1_99' title='bbox 512 1495 695 1539; x_wconf 79' lang='lat' dir='ltr'>morS.</span> <span class='ocrx_word' id='word_1_100' title='bbox 782 1480 899 1539; x_wconf 89' lang='lat' dir='ltr'>Lex</span> <span class='ocrx_word' id='word_1_101' title='bbox 928 1477 1092 1538; x_wconf 88' lang='lat' dir='ltr'>Julia</span> <span class='ocrx_word' id='word_1_102' title='bbox 1123 1476 1406 1536; x_wconf 90' lang='lat' dir='ltr'>Norbana</span> <span class='ocrx_word' id='word_1_103' title='bbox 1428 1476 1503 1537; x_wconf 91' lang='lat' dir='ltr'>de</span> <span class='ocrx_word' id='word_1_104' title='bbox 1533 1475 1818 1536; x_wconf 89' lang='lat' dir='ltr'>libertinis</span> <span class='ocrx_word' id='word_1_105' title='bbox 1849 1475 2041 1534; x_wconf 86' lang='lat' dir='ltr'>Latini</span> <span class='ocrx_word' id='word_1_106' title='bbox 2070 1473 2323 1534; x_wconf 90' lang='lat' dir='ltr'>nominis</span> <span class='ocrx_word' id='word_1_107' title='bbox 2353 1493 2459 1533; x_wconf 89' lang='lat' dir='ltr'>seu</span> <span class='ocrx_word' id='word_1_108' title='bbox 2485 1473 2706 1556; x_wconf 80' lang='lat' dir='ltr'>Latinis</span> 
     </span>
     <span class='ocr_line' id='line_1_13' title="bbox 510 1569 2705 1635; baseline -0.002 0"><span class='ocrx_word' id='word_1_109' title='bbox 510 1575 804 1635; x_wconf 89' lang='lat' dir='ltr'>Junianis.</span> <span class='ocrx_word' id='word_1_110' title='bbox 872 1576 1100 1634; x_wconf 81' lang='lat' dir='ltr'>Drusus</span> <span class='ocrx_word' id='word_1_111' title='bbox 1133 1574 1488 1634; x_wconf 86' lang='lat' dir='ltr'>discordiam</span> <span class='ocrx_word' id='word_1_112' title='bbox 1511 1575 1663 1634; x_wconf 90' lang='lat' dir='ltr'>inter</span> <span class='ocrx_word' id='word_1_113' title='bbox 1685 1575 2014 1633; x_wconf 88' lang='lat' dir='ltr'>Germanos</span> <span class='ocrx_word' id='word_1_114' title='bbox 2043 1573 2223 1633; x_wconf 78' lang='lat' dir='ltr'>fovet.</span> <span class='ocrx_word' id='word_1_115' title='bbox 2296 1569 2705 1631; x_wconf 83' lang='lat' dir='ltr'>Maroboduus</span> 
     </span>
     <span class='ocr_line' id='line_1_14' title="bbox 514 1667 2706 1753; baseline 0 -24"><span class='ocrx_word' id='word_1_116' title='bbox 514 1681 577 1730; x_wconf 91' lang='lat' dir='ltr'>et</span> <span class='ocrx_word' id='word_1_117' title='bbox 633 1673 1035 1752; x_wconf 85' lang='lat' dir='ltr'>Rhescuporis</span> <span class='ocrx_word' id='word_1_118' title='bbox 1101 1673 1277 1753; x_wconf 88' lang='lat' dir='ltr'>pulsi.</span> <span class='ocrx_word' id='word_1_119' title='bbox 1380 1671 1698 1731; x_wconf 83' lang='lat' dir='ltr'>Catualda.</span> <span class='ocrx_word' id='word_1_120' title='bbox 1764 1670 2056 1730; x_wconf 91' lang='lat' dir='ltr'>Vannius.</span> <span class='ocrx_word' id='word_1_121' title='bbox 2130 1667 2568 1729; x_wconf 71' lang='lat' dir='ltr'>Rhoemetalces</span> <span class='ocrx_word' id='word_1_122' title='bbox 2628 1689 2706 1730; x_wconf 91' lang='lat'>11.</span> 
     </span>
     <span class='ocr_line' id='line_1_15' title="bbox 512 1765 2705 1852; baseline -0.001 -24"><span class='ocrx_word' id='word_1_123' title='bbox 512 1769 699 1852; x_wconf 84' lang='lat' dir='ltr'>Cot&#39;ys</span> <span class='ocrx_word' id='word_1_124' title='bbox 726 1771 1137 1833; x_wconf 78' lang='lat' dir='ltr'>V1.——Strab0.</span> <span class='ocrx_word' id='word_1_125' title='bbox 1203 1765 1319 1830; x_wconf 83' lang='lat'>20.</span> <span class='ocrx_word' id='word_1_126' title='bbox 1351 1770 1464 1829; x_wconf 91' lang='lat' dir='ltr'>Cn.</span> <span class='ocrx_word' id='word_1_127' title='bbox 1495 1769 1732 1829; x_wconf 89' lang='lat' dir='ltr'>Pisonis</span> <span class='ocrx_word' id='word_1_128' title='bbox 1755 1788 1932 1830; x_wconf 91' lang='lat' dir='ltr'>mors.</span> <span class='ocrx_word' id='word_1_129' title='bbox 1991 1767 2332 1827; x_wconf 86' lang='lat' dir='ltr'>Tacfarinas</span> <span class='ocrx_word' id='word_1_130' title='bbox 2360 1786 2397 1825; x_wconf 93' lang='lat' dir='ltr'>a</span> <span class='ocrx_word' id='word_1_131' title='bbox 2425 1766 2490 1824; x_wconf 88' lang='lat' dir='ltr'>L.</span> <span class='ocrx_word' id='word_1_132' title='bbox 2515 1765 2705 1847; x_wconf 91' lang='lat' dir='ltr'>Apro-</span> 
     </span>
     <span class='ocr_line' id='line_1_16' title="bbox 512 1861 2708 1927; baseline -0.001 -2"><span class='ocrx_word' id='word_1_133' title='bbox 512 1867 613 1927; x_wconf 88' lang='lat' dir='ltr'>nio</span> <span class='ocrx_word' id='word_1_134' title='bbox 641 1867 851 1927; x_wconf 83' lang='lat' dir='ltr'>victus.</span> <span class='ocrx_word' id='word_1_135' title='bbox 938 1867 1009 1927; x_wconf 91' lang='lat' dir='ltr'>C.</span> <span class='ocrx_word' id='word_1_136' title='bbox 1031 1866 1246 1926; x_wconf 88' lang='lat' dir='ltr'>Junius</span> <span class='ocrx_word' id='word_1_137' title='bbox 1289 1866 1525 1925; x_wconf 89' lang='lat' dir='ltr'>Silanus</span> <span class='ocrx_word' id='word_1_138' title='bbox 1554 1866 1758 1925; x_wconf 88' lang='lat' dir='ltr'>Asiam</span> <span class='ocrx_word' id='word_1_139' title='bbox 1783 1884 1957 1924; x_wconf 85' lang='lat' dir='ltr'>avare</span> <span class='ocrx_word' id='word_1_140' title='bbox 1983 1864 2355 1924; x_wconf 81' lang='lat' dir='ltr'>administrat</span> <span class='ocrx_word' id='word_1_141' title='bbox 2381 1872 2445 1923; x_wconf 92' lang='lat' dir='ltr'>et</span> <span class='ocrx_word' id='word_1_142' title='bbox 2468 1861 2708 1923; x_wconf 89' lang='lat' dir='ltr'>biennio</span> 
     </span>
     <span class='ocr_line' id='line_1_17' title="bbox 512 1961 2705 2044; baseline -0 -21"><span class='ocrx_word' id='word_1_143' title='bbox 512 1973 646 2044; x_wconf 91' lang='lat' dir='ltr'>post</span> <span class='ocrx_word' id='word_1_144' title='bbox 700 1965 1032 2025; x_wconf 87' lang='lat' dir='ltr'>damnatur.</span> <span class='ocrx_word' id='word_1_145' title='bbox 1115 1967 1215 2025; x_wconf 83' lang='lat'>21.</span> <span class='ocrx_word' id='word_1_146' title='bbox 1260 1965 1494 2024; x_wconf 88' lang='lat' dir='ltr'>Drusus</span> <span class='ocrx_word' id='word_1_147' title='bbox 1551 1964 1781 2034; x_wconf 63' lang='lat' dir='ltr'>iterum,</span> <span class='ocrx_word' id='word_1_148' title='bbox 1802 1962 2012 2024; x_wconf 87' lang='lat' dir='ltr'>consul</span> <span class='ocrx_word' id='word_1_149' title='bbox 2061 1982 2196 2023; x_wconf 89' lang='lat' dir='ltr'>cum</span> <span class='ocrx_word' id='word_1_150' title='bbox 2233 1961 2469 2022; x_wconf 89' lang='lat' dir='ltr'>Tiberio</span> <span class='ocrx_word' id='word_1_151' title='bbox 2518 1971 2705 2041; x_wconf 88' lang='lat' dir='ltr'>patre.</span> 
     </span>
     <span class='ocr_line' id='line_1_18' title="bbox 508 2043 2709 2133; baseline -0.001 -14"><span class='ocrx_word' id='word_1_152' title='bbox 508 2057 851 2122; x_wconf 81' lang='lat' dir='ltr'>Tacfarinas</span> <span class='ocrx_word' id='word_1_153' title='bbox 876 2081 912 2120; x_wconf 90' lang='lat' dir='ltr'>a</span> <span class='ocrx_word' id='word_1_154' title='bbox 939 2061 1018 2122; x_wconf 86' lang='lat' dir='ltr'>C.</span> <span class='ocrx_word' id='word_1_155' title='bbox 1042 2061 1077 2120; x_wconf 86' lang='lat' dir='ltr'>J</span> <span class='ocrx_word' id='word_1_156' title='bbox 1087 2060 1227 2119; x_wconf 87' lang='lat' dir='ltr'>unio</span> <span class='ocrx_word' id='word_1_157' title='bbox 1254 2059 1475 2132; x_wconf 79' lang='lat' dir='ltr'>Blaeso,</span> <span class='ocrx_word' id='word_1_158' title='bbox 1506 2060 1545 2120; x_wconf 89' lang='lat' dir='ltr'>J</span> <span class='ocrx_word' id='word_1_159' title='bbox 1552 2060 1651 2119; x_wconf 90' lang='lat' dir='ltr'>ulii</span> <span class='ocrx_word' id='word_1_160' title='bbox 1683 2059 1895 2121; x_wconf 90' lang='lat' dir='ltr'>Florus</span> <span class='ocrx_word' id='word_1_161' title='bbox 1924 2070 1985 2120; x_wconf 92' lang='lat' dir='ltr'>et</span> <span class='ocrx_word' id='word_1_162' title='bbox 2023 2059 2312 2133; x_wconf 84' lang='lat' dir='ltr'>Sacrovir,</span> <span class='ocrx_word' id='word_1_163' title='bbox 2337 2043 2709 2118; x_wconf 83' lang='lat' dir='ltr'>Trevirorum</span> 
     </span>
    </p>
   </div>
   <div class='ocr_carea' id='block_1_3' title="bbox 510 2156 2801 2237">
    <p class='ocr_par' dir='ltr' id='par_1_3' title="bbox 510 2156 2801 2237">
     <span class='ocr_line' id='line_1_19' title="bbox 510 2156 2801 2237; baseline -0.001 -19"><span class='ocrx_word' id='word_1_164' title='bbox 510 2158 951 2237; x_wconf 84' lang='lat' dir='ltr'>AEduorumque</span> <span class='ocrx_word' id='word_1_165' title='bbox 995 2158 1202 2230; x_wconf 81' lang='lat' dir='ltr'>duceS,</span> <span class='ocrx_word' id='word_1_166' title='bbox 1246 2178 1282 2217; x_wconf 87' lang='lat' dir='ltr'>a</span> <span class='ocrx_word' id='word_1_167' title='bbox 1322 2161 1392 2218; x_wconf 92' lang='lat' dir='ltr'>C.</span> <span class='ocrx_word' id='word_1_168' title='bbox 1426 2157 1672 2218; x_wconf 83' lang='lat' dir='ltr'>Visellio</span> <span class='ocrx_word' id='word_1_169' title='bbox 1702 2157 1988 2231; x_wconf 88' lang='lat' dir='ltr'>Varrone,</span> <span class='ocrx_word' id='word_1_170' title='bbox 2033 2157 2301 2226; x_wconf 81' lang='lat' dir='ltr'>Coeletae,</span> <span class='ocrx_word' id='word_1_171' title='bbox 2351 2156 2610 2236; x_wconf 77' lang='lat' dir='ltr'>Odrysae</span> <span class='ocrx_word' id='word_1_172' title='bbox 2648 2169 2708 2216; x_wconf 89' lang='lat' dir='ltr'>et</span> <span class='ocrx_word' id='word_1_173' title='bbox 2795 2181 2801 2185; x_wconf 90' lang='lat'><em>·</em></span> 
     </span>
    </p>
   </div>
   <div class='ocr_carea' id='block_1_4' title="bbox 471 2240 2711 3895">
    <p class='ocr_par' dir='ltr' id='par_1_4' title="bbox 471 2240 2711 3895">
     <span class='ocr_line' id='line_1_20' title="bbox 512 2240 2706 2335; baseline 0 -22"><span class='ocrx_word' id='word_1_174' title='bbox 512 2254 609 2314; x_wconf 91' lang='lat' dir='ltr'>Dii</span> <span class='ocrx_word' id='word_1_175' title='bbox 641 2256 700 2314; x_wconf 93' lang='lat' dir='ltr'>in</span> <span class='ocrx_word' id='word_1_176' title='bbox 729 2240 981 2315; x_wconf 80' lang='lat' dir='ltr'>Thracia</span> <span class='ocrx_word' id='word_1_177' title='bbox 1008 2276 1043 2315; x_wconf 91' lang='lat' dir='ltr'>a</span> <span class='ocrx_word' id='word_1_178' title='bbox 1073 2256 1143 2317; x_wconf 92' lang='lat' dir='ltr'>P.</span> <span class='ocrx_word' id='word_1_179' title='bbox 1164 2255 1393 2316; x_wconf 86' lang='lat' dir='ltr'>Velleio</span> <span class='ocrx_word' id='word_1_180' title='bbox 1420 2256 1659 2317; x_wconf 84' lang='lat' dir='ltr'>devicti.</span> <span class='ocrx_word' id='word_1_181' title='bbox 1743 2258 1842 2315; x_wconf 89' lang='grc'>22.</span> <span class='ocrx_word' id='word_1_182' title='bbox 1881 2256 2060 2316; x_wconf 90' lang='lat' dir='ltr'>Drusi</span> <span class='ocrx_word' id='word_1_183' title='bbox 2077 2264 2342 2335; x_wconf 88' lang='lat' dir='ltr'>potestas</span> <span class='ocrx_word' id='word_1_184' title='bbox 2372 2253 2706 2314; x_wconf 83' lang='lat' dir='ltr'>tribunicia.</span> 
     </span>
     <span class='ocr_line' id='line_1_21' title="bbox 512 2349 2707 2433; baseline -0.002 -21"><span class='ocrx_word' id='word_1_185' title='bbox 512 2352 712 2433; x_wconf 89' lang='lat' dir='ltr'>Sejani</span> <span class='ocrx_word' id='word_1_186' title='bbox 753 2352 1018 2433; x_wconf 84' lang='lat' dir='ltr'>potentia</span> <span class='ocrx_word' id='word_1_187' title='bbox 1063 2352 1254 2413; x_wconf 91' lang='lat' dir='ltr'>indies</span> <span class='ocrx_word' id='word_1_188' title='bbox 1297 2353 1530 2415; x_wconf 89' lang='lat' dir='ltr'>crescit.</span> <span class='ocrx_word' id='word_1_189' title='bbox 1618 2354 1745 2413; x_wconf 84' lang='lat' dir='ltr'>Ser.</span> <span class='ocrx_word' id='word_1_190' title='bbox 1776 2351 2087 2413; x_wconf 89' lang='lat' dir='ltr'>Cornelius</span> <span class='ocrx_word' id='word_1_191' title='bbox 2116 2351 2401 2413; x_wconf 88' lang='lat' dir='ltr'>Lentulus</span> <span class='ocrx_word' id='word_1_192' title='bbox 2442 2349 2707 2429; x_wconf 87' lang='lat' dir='ltr'>Malugi-</span> 
     </span>
     <span class='ocr_line' id='line_1_22' title="bbox 508 2448 2708 2532; baseline -0.001 -22"><span class='ocrx_word' id='word_1_193' title='bbox 508 2450 709 2512; x_wconf 88' lang='lat' dir='ltr'>nensis</span> <span class='ocrx_word' id='word_1_194' title='bbox 737 2450 936 2510; x_wconf 89' lang='lat' dir='ltr'>Asiam</span> <span class='ocrx_word' id='word_1_195' title='bbox 973 2471 1090 2511; x_wconf 93' lang='lat' dir='ltr'>non</span> <span class='ocrx_word' id='word_1_196' title='bbox 1134 2451 1383 2525; x_wconf 90' lang='lat' dir='ltr'>obtinet,</span> <span class='ocrx_word' id='word_1_197' title='bbox 1413 2451 1556 2532; x_wconf 90' lang='lat' dir='ltr'>quia</span> <span class='ocrx_word' id='word_1_198' title='bbox 1587 2452 1800 2512; x_wconf 85' lang='lat' dir='ltr'>flamen</span> <span class='ocrx_word' id='word_1_199' title='bbox 1831 2449 2023 2511; x_wconf 91' lang='lat' dir='ltr'>Dialis</span> <span class='ocrx_word' id='word_1_200' title='bbox 2062 2461 2176 2512; x_wconf 90' lang='lat' dir='ltr'>est.</span> <span class='ocrx_word' id='word_1_201' title='bbox 2254 2451 2332 2520; x_wconf 88' lang='lat' dir='ltr'>Q.</span> <span class='ocrx_word' id='word_1_202' title='bbox 2359 2449 2571 2510; x_wconf 88' lang='lat' dir='ltr'>Vibius</span> <span class='ocrx_word' id='word_1_203' title='bbox 2601 2448 2708 2508; x_wconf 91' lang='lat' dir='ltr'>Se-</span> 
     </span>
     <span class='ocr_line' id='line_1_23' title="bbox 506 2547 2708 2629; baseline -0.001 -22"><span class='ocrx_word' id='word_1_204' title='bbox 506 2565 685 2610; x_wconf 88' lang='lat' dir='ltr'>renus</span> <span class='ocrx_word' id='word_1_205' title='bbox 723 2569 886 2629; x_wconf 90' lang='lat' dir='ltr'>proc.</span> <span class='ocrx_word' id='word_1_206' title='bbox 927 2549 1229 2629; x_wconf 81' lang='lat' dir='ltr'>Hispaniae</span> <span class='ocrx_word' id='word_1_207' title='bbox 1260 2549 1367 2610; x_wconf 87' lang='lat' dir='ltr'>ult.</span> <span class='ocrx_word' id='word_1_208' title='bbox 1398 2551 1666 2629; x_wconf 82' lang='lat' dir='ltr'>proximo</span> <span class='ocrx_word' id='word_1_209' title='bbox 1705 2569 1862 2609; x_wconf 87' lang='lat' dir='ltr'>anno</span> <span class='ocrx_word' id='word_1_210' title='bbox 1891 2558 2209 2610; x_wconf 88' lang='lat' dir='ltr'>accusatus</span> <span class='ocrx_word' id='word_1_211' title='bbox 2238 2568 2275 2608; x_wconf 90' lang='lat' dir='ltr'>a</span> <span class='ocrx_word' id='word_1_212' title='bbox 2299 2547 2422 2607; x_wconf 89' lang='lat' dir='ltr'>filio</span> <span class='ocrx_word' id='word_1_213' title='bbox 2449 2557 2512 2606; x_wconf 92' lang='lat' dir='ltr'>et</span> <span class='ocrx_word' id='word_1_214' title='bbox 2540 2548 2708 2607; x_wconf 90' lang='lat' dir='ltr'>dam-</span> 
     </span>
     <span class='ocr_line' id='line_1_24' title="bbox 507 2643 2706 2727; baseline -0 -23"><span class='ocrx_word' id='word_1_215' title='bbox 507 2655 707 2706; x_wconf 88' lang='lat' dir='ltr'>natus.</span> <span class='ocrx_word' id='word_1_216' title='bbox 792 2647 858 2705; x_wconf 92' lang='lat' dir='ltr'>L.</span> <span class='ocrx_word' id='word_1_217' title='bbox 901 2646 1213 2706; x_wconf 87' lang='lat' dir='ltr'>Arruntius</span> <span class='ocrx_word' id='word_1_218' title='bbox 1263 2649 1477 2707; x_wconf 86' lang='lat' dir='ltr'>absens</span> <span class='ocrx_word' id='word_1_219' title='bbox 1526 2668 1688 2727; x_wconf 84' lang='lat' dir='ltr'>proc.</span> <span class='ocrx_word' id='word_1_220' title='bbox 1737 2647 2041 2726; x_wconf 75' lang='lat' dir='ltr'>Hispaniae</span> <span class='ocrx_word' id='word_1_221' title='bbox 2075 2646 2179 2706; x_wconf 88' lang='lat' dir='ltr'>cit.</span> <span class='ocrx_word' id='word_1_222' title='bbox 2260 2649 2360 2705; x_wconf 87' lang='lat'>23.</span> <span class='ocrx_word' id='word_1_223' title='bbox 2403 2643 2706 2704; x_wconf 87' lang='lat' dir='ltr'>Masurius</span> 
     </span>
     <span class='ocr_line' id='line_1_25' title="bbox 511 2742 2707 2822; baseline 0.001 -23"><span class='ocrx_word' id='word_1_224' title='bbox 511 2742 769 2805; x_wconf 87' lang='lat' dir='ltr'>Sabinus</span> <span class='ocrx_word' id='word_1_225' title='bbox 797 2753 858 2803; x_wconf 92' lang='lat' dir='ltr'>et</span> <span class='ocrx_word' id='word_1_226' title='bbox 887 2743 975 2802; x_wconf 91' lang='lat' dir='ltr'>M.</span> <span class='ocrx_word' id='word_1_227' title='bbox 1000 2743 1291 2805; x_wconf 83' lang='lat' dir='ltr'>Cocceius</span> <span class='ocrx_word' id='word_1_228' title='bbox 1319 2744 1520 2806; x_wconf 87' lang='lat' dir='ltr'>Nerva</span> <span class='ocrx_word' id='word_1_229' title='bbox 1546 2751 1694 2822; x_wconf 91' lang='lat' dir='ltr'>(cos.</span> <span class='ocrx_word' id='word_1_230' title='bbox 1716 2744 1850 2805; x_wconf 88' lang='lat' dir='ltr'>suff.</span> <span class='ocrx_word' id='word_1_231' title='bbox 1872 2744 1933 2804; x_wconf 91' lang='lat' dir='ltr'>h.</span> <span class='ocrx_word' id='word_1_232' title='bbox 1963 2746 2046 2818; x_wconf 89' lang='lat' dir='ltr'>a.)</span> <span class='ocrx_word' id='word_1_233' title='bbox 2065 2744 2103 2804; x_wconf 89' lang='lat' dir='ltr'>J</span> <span class='ocrx_word' id='word_1_234' title='bbox 2110 2743 2230 2804; x_wconf 90' lang='lat' dir='ltr'>Cti.</span> <span class='ocrx_word' id='word_1_235' title='bbox 2272 2744 2540 2802; x_wconf 82' lang='lat' dir='ltr'>Annaeus</span> <span class='ocrx_word' id='word_1_236' title='bbox 2557 2743 2707 2802; x_wconf 89' lang='lat' dir='ltr'>Cor-</span> 
     </span>
     <span class='ocr_line' id='line_1_26' title="bbox 509 2838 2708 2927; baseline 0.001 -31"><span class='ocrx_word' id='word_1_237' title='bbox 509 2847 690 2897; x_wconf 87' lang='lat' dir='ltr'>nutus</span> <span class='ocrx_word' id='word_1_238' title='bbox 724 2838 866 2897; x_wconf 84' lang='lat' dir='ltr'>Afer</span> <span class='ocrx_word' id='word_1_239' title='bbox 907 2839 1123 2918; x_wconf 88' lang='lat' dir='ltr'>philos.</span> <span class='ocrx_word' id='word_1_240' title='bbox 1208 2840 1309 2927; x_wconf 71' lang='lat'>²3:</span> <span class='ocrx_word' id='word_1_241' title='bbox 1353 2841 1520 2901; x_wconf 89' lang='lat' dir='ltr'>Mors</span> <span class='ocrx_word' id='word_1_242' title='bbox 1562 2841 1743 2902; x_wconf 91' lang='lat' dir='ltr'>Drusi</span> <span class='ocrx_word' id='word_1_243' title='bbox 1773 2843 1934 2903; x_wconf 82' lang='lat' dir='ltr'>Caes.</span> <span class='ocrx_word' id='word_1_244' title='bbox 2004 2842 2165 2902; x_wconf 87' lang='lat' dir='ltr'>Nero</span> <span class='ocrx_word' id='word_1_245' title='bbox 2209 2850 2270 2904; x_wconf 89' lang='lat' dir='ltr'>et</span> <span class='ocrx_word' id='word_1_246' title='bbox 2313 2843 2569 2911; x_wconf 74' lang='lat' dir='ltr'>DrusuS,</span> <span class='ocrx_word' id='word_1_247' title='bbox 2606 2840 2708 2899; x_wconf 86' lang='lat' dir='ltr'>filii</span> 
     </span>
     <span class='ocr_line' id='line_1_27' title="bbox 500 2931 2707 3014; baseline 0.001 -21"><span class='ocrx_word' id='word_1_248' title='bbox 500 2931 631 3014; x_wconf 88' lang='lat' dir='ltr'>jam</span> <span class='ocrx_word' id='word_1_249' title='bbox 661 2935 911 3013; x_wconf 90' lang='lat' dir='ltr'>puberes</span> <span class='ocrx_word' id='word_1_250' title='bbox 941 2934 1301 3010; x_wconf 87' lang='lat' dir='ltr'>Germanici,</span> <span class='ocrx_word' id='word_1_251' title='bbox 1343 2957 1382 2997; x_wconf 90' lang='lat' dir='ltr'>a</span> <span class='ocrx_word' id='word_1_252' title='bbox 1421 2938 1653 3000; x_wconf 92' lang='lat' dir='ltr'>Tiberio</span> <span class='ocrx_word' id='word_1_253' title='bbox 1691 2939 1922 3001; x_wconf 87' lang='lat' dir='ltr'>senatui</span> <span class='ocrx_word' id='word_1_254' title='bbox 1962 2937 2474 3000; x_wconf 89' lang='lat' dir='ltr'>commendantur.</span> <span class='ocrx_word' id='word_1_255' title='bbox 2562 2937 2707 2996; x_wconf 79' lang='lat' dir='ltr'>His-</span> 
     </span>
     <span class='ocr_line' id='line_1_28' title="bbox 510 3030 2711 3117; baseline 0.001 -26"><span class='ocrx_word' id='word_1_256' title='bbox 510 3030 730 3091; x_wconf 86' lang='lat' dir='ltr'>triones</span> <span class='ocrx_word' id='word_1_257' title='bbox 779 3051 853 3090; x_wconf 83' lang='lat' dir='ltr'>ex</span> <span class='ocrx_word' id='word_1_258' title='bbox 902 3030 1075 3091; x_wconf 89' lang='lat' dir='ltr'>Italia</span> <span class='ocrx_word' id='word_1_259' title='bbox 1118 3033 1293 3114; x_wconf 87' lang='lat' dir='ltr'>pulsi.</span> <span class='ocrx_word' id='word_1_260' title='bbox 1377 3038 1592 3098; x_wconf 88' lang='lat'><strong>23-79.</strong></span> <span class='ocrx_word' id='word_1_261' title='bbox 1637 3037 1866 3098; x_wconf 92' lang='lat' dir='ltr'>Plinius</span> <span class='ocrx_word' id='word_1_262' title='bbox 1906 3037 2109 3117; x_wconf 90' lang='lat' dir='ltr'>major.</span> <span class='ocrx_word' id='word_1_263' title='bbox 2190 3039 2290 3094; x_wconf 87' lang='grc'>24.</span> <span class='ocrx_word' id='word_1_264' title='bbox 2338 3033 2711 3096; x_wconf 89' lang='lat' dir='ltr'>Decennalia</span> 
     </span>
     <span class='ocr_line' id='line_1_29' title="bbox 507 3126 2706 3216; baseline 0.002 -31"><span class='ocrx_word' id='word_1_265' title='bbox 507 3126 738 3207; x_wconf 90' lang='lat' dir='ltr'>imperii</span> <span class='ocrx_word' id='word_1_266' title='bbox 764 3129 1000 3189; x_wconf 89' lang='lat' dir='ltr'>Tiberii.</span> <span class='ocrx_word' id='word_1_267' title='bbox 1083 3129 1351 3192; x_wconf 89' lang='lat' dir='ltr'>Plautius</span> <span class='ocrx_word' id='word_1_268' title='bbox 1395 3132 1672 3194; x_wconf 86' lang='lat' dir='ltr'>Silvanus</span> <span class='ocrx_word' id='word_1_269' title='bbox 1699 3132 1992 3216; x_wconf 88' lang='lat' dir='ltr'>parricidii</span> <span class='ocrx_word' id='word_1_270' title='bbox 2020 3133 2357 3194; x_wconf 77' lang='lat' dir='ltr'>damnatuS.</span> <span class='ocrx_word' id='word_1_271' title='bbox 2440 3129 2706 3192; x_wconf 86' lang='lat' dir='ltr'>Tacfari-</span> 
     </span>
     <span class='ocr_line' id='line_1_30' title="bbox 471 3226 2709 3317; baseline 0.002 -34"><span class='ocrx_word' id='word_1_272' title='bbox 471 3312 480 3317; x_wconf 32' lang='lat'><strong>·</strong></span> <span class='ocrx_word' id='word_1_273' title='bbox 509 3242 622 3284; x_wconf 88' lang='lat' dir='ltr'>nas</span> <span class='ocrx_word' id='word_1_274' title='bbox 649 3244 785 3285; x_wconf 88' lang='lat' dir='ltr'>cum</span> <span class='ocrx_word' id='word_1_275' title='bbox 815 3226 939 3288; x_wconf 86' lang='lat' dir='ltr'>suis</span> <span class='ocrx_word' id='word_1_276' title='bbox 966 3244 1166 3288; x_wconf 75' lang='lat' dir='ltr'>caesus</span> <span class='ocrx_word' id='word_1_277' title='bbox 1194 3248 1233 3288; x_wconf 89' lang='lat' dir='ltr'>a</span> <span class='ocrx_word' id='word_1_278' title='bbox 1274 3229 1346 3289; x_wconf 94' lang='lat' dir='ltr'>P.</span> <span class='ocrx_word' id='word_1_279' title='bbox 1391 3229 1672 3291; x_wconf 91' lang='lat' dir='ltr'>Cornelio</span> <span class='ocrx_word' id='word_1_280' title='bbox 1720 3230 2057 3291; x_wconf 90' lang='lat' dir='ltr'>Dolabella.</span> <span class='ocrx_word' id='word_1_281' title='bbox 2145 3230 2367 3290; x_wconf 78' lang='lat' dir='ltr'>Servile</span> <span class='ocrx_word' id='word_1_282' title='bbox 2394 3228 2641 3300; x_wconf 89' lang='lat' dir='ltr'>bellum,</span> <span class='ocrx_word' id='word_1_283' title='bbox 2669 3247 2709 3287; x_wconf 90' lang='lat' dir='ltr'>a</span> 
     </span>
     <span class='ocr_line' id='line_1_31' title="bbox 509 3321 2707 3410; baseline 0.001 -29"><span class='ocrx_word' id='word_1_284' title='bbox 509 3321 582 3383; x_wconf 92' lang='lat' dir='ltr'>T.</span> <span class='ocrx_word' id='word_1_285' title='bbox 613 3321 872 3383; x_wconf 87' lang='lat' dir='ltr'>Curtisio</span> <span class='ocrx_word' id='word_1_286' title='bbox 910 3336 1156 3399; x_wconf 85' lang='lat' dir='ltr'>motum,</span> <span class='ocrx_word' id='word_1_287' title='bbox 1201 3345 1240 3385; x_wconf 89' lang='lat' dir='ltr'>a</span> <span class='ocrx_word' id='word_1_288' title='bbox 1274 3327 1480 3387; x_wconf 91' lang='lat' dir='ltr'>Curtio</span> <span class='ocrx_word' id='word_1_289' title='bbox 1525 3328 1693 3410; x_wconf 90' lang='lat' dir='ltr'>Lupo</span> <span class='ocrx_word' id='word_1_290' title='bbox 1735 3337 1951 3408; x_wconf 61' lang='lat' dir='ltr'>quaest.</span> <span class='ocrx_word' id='word_1_291' title='bbox 1992 3326 2362 3406; x_wconf 86' lang='lat' dir='ltr'>opprimitur.</span> <span class='ocrx_word' id='word_1_292' title='bbox 2442 3327 2517 3386; x_wconf 92' lang='lat' dir='ltr'>C.</span> <span class='ocrx_word' id='word_1_293' title='bbox 2545 3325 2707 3385; x_wconf 89' lang='lat' dir='ltr'>Fon·</span> 
     </span>
     <span class='ocr_line' id='line_1_32' title="bbox 507 3419 2704 3504; baseline 0.001 -24"><span class='ocrx_word' id='word_1_294' title='bbox 507 3419 660 3481; x_wconf 83' lang='lat' dir='ltr'>teins</span> <span class='ocrx_word' id='word_1_295' title='bbox 691 3422 909 3501; x_wconf 86' lang='lat' dir='ltr'>Capito</span> <span class='ocrx_word' id='word_1_296' title='bbox 943 3442 1107 3504; x_wconf 84' lang='lat' dir='ltr'>proc.</span> <span class='ocrx_word' id='word_1_297' title='bbox 1133 3423 1317 3486; x_wconf 80' lang='lat' dir='ltr'>Asiae.</span> <span class='ocrx_word' id='word_1_298' title='bbox 1401 3429 1499 3487; x_wconf 90' lang='lat'>25.</span> <span class='ocrx_word' id='word_1_299' title='bbox 1544 3426 1880 3487; x_wconf 88' lang='lat' dir='ltr'>Cremutius</span> <span class='ocrx_word' id='word_1_300' title='bbox 1919 3424 2155 3485; x_wconf 88' lang='lat' dir='ltr'>Cordus</span> <span class='ocrx_word' id='word_1_301' title='bbox 2196 3423 2337 3484; x_wconf 87' lang='lat' dir='ltr'>hist.</span> <span class='ocrx_word' id='word_1_302' title='bbox 2377 3422 2704 3502; x_wconf 85' lang='lat' dir='ltr'>majestatis</span> 
     </span>
     <span class='ocr_line' id='line_1_33' title="bbox 506 3520 2707 3601; baseline 0.001 -22"><span class='ocrx_word' id='word_1_303' title='bbox 506 3534 665 3580; x_wconf 82' lang='lat' dir='ltr'>reus.</span> <span class='ocrx_word' id='word_1_304' title='bbox 749 3520 1063 3601; x_wconf 76' lang='lat' dir='ltr'>Cyzicenis</span> <span class='ocrx_word' id='word_1_305' title='bbox 1099 3521 1342 3584; x_wconf 87' lang='lat' dir='ltr'>libertas</span> <span class='ocrx_word' id='word_1_306' title='bbox 1383 3524 1603 3584; x_wconf 88' lang='lat' dir='ltr'>ablata.</span> <span class='ocrx_word' id='word_1_307' title='bbox 1687 3523 1803 3583; x_wconf 90' lang='lat' dir='ltr'>Cn.</span> <span class='ocrx_word' id='word_1_308' title='bbox 1849 3522 2147 3583; x_wconf 85' lang='lat' dir='ltr'>Domitius</span> <span class='ocrx_word' id='word_1_309' title='bbox 2174 3522 2337 3594; x_wconf 78' lang='lat' dir='ltr'>Aser,</span> <span class='ocrx_word' id='word_1_310' title='bbox 2364 3530 2582 3592; x_wconf 88' lang='lat' dir='ltr'>orator,</span> <span class='ocrx_word' id='word_1_311' title='bbox 2611 3531 2707 3581; x_wconf 87' lang='lat' dir='ltr'>est</span> 
     </span>
     <span class='ocr_line' id='line_1_34' title="bbox 506 3618 2704 3701; baseline 0.001 -24"><span class='ocrx_word' id='word_1_312' title='bbox 506 3626 743 3694; x_wconf 72' lang='lat' dir='ltr'>praetor.</span> <span class='ocrx_word' id='word_1_313' title='bbox 827 3618 1084 3679; x_wconf 78' lang='lat' dir='ltr'>Thraces</span> <span class='ocrx_word' id='word_1_314' title='bbox 1112 3621 1342 3681; x_wconf 88' lang='lat' dir='ltr'>subacti</span> <span class='ocrx_word' id='word_1_315' title='bbox 1372 3641 1409 3680; x_wconf 89' lang='lat' dir='ltr'>a</span> <span class='ocrx_word' id='word_1_316' title='bbox 1430 3621 1502 3680; x_wconf 89' lang='lat' dir='ltr'>C.</span> <span class='ocrx_word' id='word_1_317' title='bbox 1534 3620 2052 3701; x_wconf 80' lang='lat' dir='ltr'>PoppoeoSabino</span> <span class='ocrx_word' id='word_1_318' title='bbox 2074 3639 2237 3700; x_wconf 92' lang='lat' dir='ltr'>proc.</span> <span class='ocrx_word' id='word_1_319' title='bbox 2280 3632 2343 3679; x_wconf 89' lang='lat' dir='ltr'>et</span> <span class='ocrx_word' id='word_1_320' title='bbox 2369 3619 2704 3698; x_wconf 90' lang='lat' dir='ltr'>Pomponio</span> 
     </span>
     <span class='ocr_line' id='line_1_35' title="bbox 509 3711 2702 3798; baseline 0.002 -28"><span class='ocrx_word' id='word_1_321' title='bbox 509 3711 781 3774; x_wconf 83' lang='lat' dir='ltr'>Labeone</span> <span class='ocrx_word' id='word_1_322' title='bbox 808 3735 1005 3796; x_wconf 93' lang='lat' dir='ltr'>propr.</span> <span class='ocrx_word' id='word_1_323' title='bbox 1037 3716 1291 3790; x_wconf 74' lang='lat' dir='ltr'>Moesiae,</span> <span class='ocrx_word' id='word_1_324' title='bbox 1313 3718 1416 3797; x_wconf 92' lang='lat' dir='ltr'>qui</span> <span class='ocrx_word' id='word_1_325' title='bbox 1439 3736 1601 3777; x_wconf 90' lang='lat' dir='ltr'>nono</span> <span class='ocrx_word' id='word_1_326' title='bbox 1624 3736 1784 3777; x_wconf 89' lang='lat' dir='ltr'>anno</span> <span class='ocrx_word' id='word_1_327' title='bbox 1804 3732 1943 3798; x_wconf 89' lang='lat' dir='ltr'>post</span> <span class='ocrx_word' id='word_1_328' title='bbox 1968 3716 2424 3798; x_wconf 89' lang='lat' dir='ltr'>repetundarum</span> <span class='ocrx_word' id='word_1_329' title='bbox 2453 3735 2702 3776; x_wconf 85' lang='lat' dir='ltr'>accusa-</span> 
     </span>
     <span class='ocr_line' id='line_1_36' title="bbox 507 3812 2702 3895; baseline 0.003 -29"><span class='ocrx_word' id='word_1_330' title='bbox 507 3816 606 3867; x_wconf 86' lang='lat' dir='ltr'>tus</span> <span class='ocrx_word' id='word_1_331' title='bbox 629 3823 692 3869; x_wconf 87' lang='lat' dir='ltr'>et</span> <span class='ocrx_word' id='word_1_332' title='bbox 709 3812 1039 3874; x_wconf 84' lang='lat' dir='ltr'>voluntaria</span> <span class='ocrx_word' id='word_1_333' title='bbox 1062 3825 1252 3875; x_wconf 88' lang='lat' dir='ltr'>morte</span> <span class='ocrx_word' id='word_1_334' title='bbox 1278 3835 1414 3875; x_wconf 90' lang='lat' dir='ltr'>cum</span> <span class='ocrx_word' id='word_1_335' title='bbox 1432 3813 1652 3875; x_wconf 89' lang='lat' dir='ltr'>Paccia</span> <span class='ocrx_word' id='word_1_336' title='bbox 1668 3834 1850 3875; x_wconf 87' lang='lat' dir='ltr'>uxore</span> <span class='ocrx_word' id='word_1_337' title='bbox 1874 3816 2170 3875; x_wconf 85' lang='lat' dir='ltr'>extinctus</span> <span class='ocrx_word' id='word_1_338' title='bbox 2188 3822 2300 3874; x_wconf 90' lang='lat' dir='ltr'>est.</span> <span class='ocrx_word' id='word_1_339' title='bbox 2355 3813 2429 3875; x_wconf 90' lang='lat' dir='ltr'>C.</span> <span class='ocrx_word' id='word_1_340' title='bbox 2446 3814 2702 3895; x_wconf 86' lang='lat' dir='ltr'>Calpur-</span> 
     </span>
    </p>
   </div>
   <div class='ocr_carea' id='block_1_5' title="bbox 373 3904 2700 3992">
    <p class='ocr_par' dir='ltr' id='par_1_5' title="bbox 373 3904 2700 3992">
     <span class='ocr_line' id='line_1_37' title="bbox 373 3904 2700 3992; baseline 0.003 -30"><span class='ocrx_word' id='word_1_341' title='bbox 373 3920 382 3925; x_wconf 84' lang='lat'><em>·</em></span> <span class='ocrx_word' id='word_1_342' title='bbox 509 3904 645 3964; x_wconf 85' lang='lat' dir='ltr'>nius</span> <span class='ocrx_word' id='word_1_343' title='bbox 672 3906 810 3968; x_wconf 90' lang='lat' dir='ltr'>Piso</span> <span class='ocrx_word' id='word_1_344' title='bbox 845 3928 1058 3970; x_wconf 84' lang='lat' dir='ltr'>avarus</span> <span class='ocrx_word' id='word_1_345' title='bbox 1096 3931 1293 3991; x_wconf 91' lang='lat' dir='ltr'>propr.</span> <span class='ocrx_word' id='word_1_346' title='bbox 1341 3912 1650 3992; x_wconf 83' lang='lat' dir='ltr'>Hispanioe</span> <span class='ocrx_word' id='word_1_347' title='bbox 1681 3912 1795 3972; x_wconf 83' lang='lat' dir='ltr'>cit.&#39;</span> <span class='ocrx_word' id='word_1_348' title='bbox 1822 3933 1860 3972; x_wconf 88' lang='lat' dir='ltr'>a</span> <span class='ocrx_word' id='word_1_349' title='bbox 1885 3913 2262 3972; x_wconf 86' lang='lat' dir='ltr'>Termestinis</span> <span class='ocrx_word' id='word_1_350' title='bbox 2289 3914 2700 3971; x_wconf 87' lang='lat' dir='ltr'>obtruncatus.</span> 
     </span>
    </p>
   </div>
   <div class='ocr_carea' id='block_1_6' title="bbox 509 4002 2697 4280">
    <p class='ocr_par' dir='ltr' id='par_1_6' title="bbox 509 4002 2697 4280">
     <span class='ocr_line' id='line_1_38' title="bbox 509 4002 2697 4090; baseline 0.004 -30"><span class='ocrx_word' id='word_1_351' title='bbox 509 4002 767 4077; x_wconf 80' lang='lat'><strong>25-100.</strong></span> <span class='ocrx_word' id='word_1_352' title='bbox 794 4005 995 4068; x_wconf 80' lang='lat' dir='ltr'>Silius.</span> <span class='ocrx_word' id='word_1_353' title='bbox 1063 4010 1164 4069; x_wconf 83' lang='lat'>26.</span> <span class='ocrx_word' id='word_1_354' title='bbox 1194 4009 1462 4069; x_wconf 86' lang='lat' dir='ltr'>Tiberius</span> <span class='ocrx_word' id='word_1_355' title='bbox 1492 4009 1552 4069; x_wconf 90' lang='lat' dir='ltr'>in</span> <span class='ocrx_word' id='word_1_356' title='bbox 1575 4011 1964 4090; x_wconf 82' lang='lat' dir='ltr'>Campaniam</span> <span class='ocrx_word' id='word_1_357' title='bbox 1991 4010 2136 4070; x_wconf 87' lang='lat' dir='ltr'>abit.</span> <span class='ocrx_word' id='word_1_358' title='bbox 2200 4010 2413 4069; x_wconf 84' lang='lat'><strong>26·37.</strong></span> <span class='ocrx_word' id='word_1_359' title='bbox 2444 4008 2697 4081; x_wconf 86' lang='lat' dir='ltr'>Pontius</span> 
     </span>
     <span class='ocr_line' id='line_1_39' title="bbox 510 4098 2695 4187; baseline 0.003 -29"><span class='ocrx_word' id='word_1_360' title='bbox 510 4098 762 4161; x_wconf 83' lang='lat' dir='ltr'>Pilatus.</span> <span class='ocrx_word' id='word_1_361' title='bbox 842 4106 1054 4164; x_wconf 86' lang='grc'><strong>27-37.</strong></span> <span class='ocrx_word' id='word_1_362' title='bbox 1096 4106 1359 4167; x_wconf 85' lang='lat' dir='ltr'>Tiberius</span> <span class='ocrx_word' id='word_1_363' title='bbox 1405 4110 1464 4168; x_wconf 91' lang='lat' dir='ltr'>in</span> <span class='ocrx_word' id='word_1_364' title='bbox 1526 4109 1792 4187; x_wconf 86' lang='lat' dir='ltr'>Capreas</span> <span class='ocrx_word' id='word_1_365' title='bbox 1836 4109 1951 4168; x_wconf 89' lang='lat' dir='ltr'>ins.</span> <span class='ocrx_word' id='word_1_366' title='bbox 1996 4127 2063 4167; x_wconf 89' lang='lat' dir='ltr'>se</span> <span class='ocrx_word' id='word_1_367' title='bbox 2103 4106 2287 4167; x_wconf 88' lang='lat' dir='ltr'>abdit.</span> <span class='ocrx_word' id='word_1_368' title='bbox 2366 4108 2471 4166; x_wconf 90' lang='grc'><strong>28.</strong></span> <span class='ocrx_word' id='word_1_369' title='bbox 2513 4106 2695 4177; x_wconf 86' lang='lat' dir='ltr'>Jnlia,</span> 
     </span>
     <span class='ocr_line' id='line_1_40' title="bbox 510 4195 2688 4280; baseline 0.004 -24"><span class='ocrx_word' id='word_1_370' title='bbox 510 4195 760 4279; x_wconf 83' lang='lat' dir='ltr'>Augusti</span> <span class='ocrx_word' id='word_1_371' title='bbox 789 4199 1003 4280; x_wconf 89' lang='lat' dir='ltr'>neptis,</span> <span class='ocrx_word' id='word_1_372' title='bbox 1032 4201 1091 4260; x_wconf 90' lang='lat' dir='ltr'>in</span> <span class='ocrx_word' id='word_1_373' title='bbox 1123 4203 1301 4263; x_wconf 86' lang='lat' dir='ltr'>exilio</span> <span class='ocrx_word' id='word_1_374' title='bbox 1328 4204 1593 4266; x_wconf 89' lang='lat' dir='ltr'>moritur.</span> <span class='ocrx_word' id='word_1_375' title='bbox 1667 4205 1987 4266; x_wconf 84' lang='lat' dir='ltr'>Frisiorum</span> <span class='ocrx_word' id='word_1_376' title='bbox 2012 4202 2254 4266; x_wconf 88' lang='lat' dir='ltr'>rebellio</span> <span class='ocrx_word' id='word_1_377' title='bbox 2294 4213 2356 4263; x_wconf 86' lang='lat' dir='ltr'>et</span> <span class='ocrx_word' id='word_1_378' title='bbox 2393 4203 2597 4264; x_wconf 88' lang='lat' dir='ltr'>clades</span> <span class='ocrx_word' id='word_1_379' title='bbox 2626 4205 2688 4264; x_wconf 85' lang='lat' dir='ltr'>L.</span> 
     </span>
    </p>
   </div>
   <div class='ocr_carea' id='block_1_7' title="bbox 2953 0 2961 4851">
    <p class='ocr_par' dir='ltr' id='par_1_7' title="bbox 2953 0 2961 4851">
     <span class='ocr_line' id='line_1_41' title="bbox 2953 0 2961 4851; baseline 0 0"><span class='ocrx_word' id='word_1_380' title='bbox 2953 0 2961 4851; x_wconf 95' lang='lat' dir='ltr'> </span> 
     </span>
    </p>
   </div>
  </div>
 </body>
</html>
