3034 4925
596 381 728 451 416

597 549 703 614 tio
731 547 1077 614 nobilium.
1163 547 1292 626 Ita,
1337 546 1627 614 medium
1661 569 1738 614 se
1779 547 2097 633 gerendo,
2141 565 2265 636 nec
2295 546 2520 633 plebis
2553 547 2764 614 vitavit

524 737 529 740 k
597 652 845 733 odium,
868 673 991 718 nec
1022 652 1205 736 apud
1236 652 1479 717 Patres
1507 653 1788 736 gratiam
1812 654 1981 718 iniit.
2068 652 2305 718 Patres
2328 652 2598 717 mollem
2624 671 2760 717 cona

598 758 808 823 sulem
840 762 910 822 et
935 748 1364 822 ambitiosum
1391 757 1544 833 rati,
1589 756 1822 838 plebes
1865 755 2198 822 fallacem.
2287 756 2622 841 Brevique
2664 776 2766 840 apa

593 861 834 945 paruit,
880 879 1197 945 aequasse
1225 879 1375 924 eum
1405 857 1621 945 Appii
1653 859 1929 926 odium.⁸
2015 859 2362 927 Certamen
2392 860 2766 926 consulibus

592 962 945 1043 inciderat,
970 970 1117 1032 uter
1145 964 1480 1031 dedicaret
1506 963 1826 1030 Mercurii
1850 964 2085 1030 aedem.
2171 964 2455 1031 Senatus
2488 984 2623 1030 ase
2646 983 2767 1029 rem

597 1067 685 1133 ad
714 1069 1038 1153 populum
1061 1067 1331 1154 rejecit:
1371 1069 1502 1134 utn‘
1532 1088 1758 1134 eorum
1789 1068 2128 1135 dedicatio
2142 1069 2345 1156 jussu
2369 1069 2615 1155 populi
2632 1068 2765 1134 data

596 1177 798 1250 esset,
843 1192 992 1238 eum
1022 1192 1310 1257 praeesse
1332 1180 1659 1253 annonae,⁸
1703 1179 2140 1240 mercatorum
2161 1175 2521 1257 collegium
2540 1169 2563 1210 ‘
2599 1171 2767 1238 insti-

591 1283 800 1354 tuere,
831 1277 1132 1342 solennia
1161 1297 1287 1362 pro
1315 1277 1629 1363 pontifice
1652 1278 1866 1364 jussit
1890 1278 2252 1363 suscipere.
2338 1277 2643 1366 Populus
2667 1275 2766 1341 de-

593 1380 996 1446 dicationem
1039 1381 1212 1448 aedis
1244 1381 1360 1447 dat
1390 1381 1489 1446 Μ.
1535 1382 1856 1461 Laetorio,
1910 1383 2108 1466 primi
2146 1382 2274 1468 pili
2334 1380 2768 1448 centurioniz⁸

595 1483 778 1568 qnod
798 1484 998 1550 facile
1036 1490 1410 1569 appareret,
1453 1505 1592 1551 non
1623 1493 1761 1551 tam
1790 1485 1875 1551 ad
1907 1486 2221 1551 honorem
2251 1485 2314 1571 ej
2324 1505 2420 1565 uS,
2450 1486 2576 1550 cni
2603 1500 2761 1549 cura-

590 1588 685 1653 tio
715 1588 914 1654 altior
941 1588 1217 1670 fastigio
1274 1607 1398 1654 suo
1437 1586 1596 1654 data
1642 1594 1846 1669 esset,
1876 1589 2151 1670 sactum,
2178 1609 2381 1674 qnam
2424 1587 2524 1654 ad
2554 1604 2764 1654 consu·

1626 1705 1649 1734 c

656 1770 679 1805 ⁶
710 1773 863 1838 AEque
881 1787 939 1824 ao
957 1772 1167 1838 Appium
1186 1772 1312 1837 plebi
1334 1787 1434 1824 esse
1452 1774 1577 1828 odio.

1575 1921 1626 1972 N
1632 1920 1796 1972 01·AE

1723 2033 1914 2085 praeses
1937 2019 2144 2071 babitus
2157 2026 2277 2085 est3
2310 2017 2448 2071 unde
2472 2025 2760 2072 mercatores

1721 2113 1756 2147 a
1797 2099 1912 2151 Cic.
1943 2097 1998 2147 in
2038 2100 2276 2163 epistolis
2311 2100 2379 2149 ad
2413 2098 2523 2151 Qu.
2556 2100 2760 2150 Fratre·

1535 402 1603 449 T.
1652 402 1842 451 mvn

592 2025 881 2086 teceperat,
924 2020 1068 2085 prior
1125 2024 1380 2070 sumserat
1440 2033 1650 2070 causam

588 2098 910 2150 creditorum
950 2098 1201 2147 adversus
1231 2096 1539 2159 debitores3
1576 2098 1652 2148 ita

593 2185 653 2229 ut
687 2177 887 2228 nobiles
926 2188 1105 2226 omnes
1138 2176 1507 2239 astipulatores
1540 2174 1652 2227 fan-

591 2263 841 2320 toresque
862 2254 1096 2304 baberet.
1155 2252 1278 2315 Sed,
1301 2253 1427 2302 cum
1443 2251 1651 2303 Rhena-

591 2333 817 2396 nusipse
838 2332 889 2381 in
922 2332 1153 2394 margine
1176 2331 1372 2381 vetusti
1409 2330 1486 2379 sui
1511 2331 1651 2383 codi-

591 2409 666 2460 cis
688 2415 991 2460 annotatum
1023 2406 1252 2458 fateatur
1280 2422 1492 2473 pras-eps
1525 2414 1651 2472 erat,

591 2499 691 2536 non
705 2486 965 2537 immerito
983 2486 1118 2537 banc
1134 2485 1409 2536 lectionem
1425 2485 1653 2551 arripuit

589 2566 892 2624 Sabellicus,
930 2565 1186 2630 legitque,
1217 2566 1335 2615 adeo
1366 2564 1419 2614 in
1451 2566 1652 2616 alteram

589 2657 774 2692 causam
796 2659 890 2693 non
917 2644 1096 2704 collega
1134 2643 1281 2692 solum
1299 2657 1508 2708 preceps
1532 2643 1647 2706 fue·

588 2727 689 2784 rut,
712 2721 970 2771 levissima
994 2729 1170 2772 textus
1193 2721 1497 2771 mutatione.
1534 2722 1648 2772 Mo·

590 2806 683 2849 net
720 2800 855 2851 idem
898 2800 1003 2865 legi
1058 2814 1209 2865 posse
1247 2815 1459 2866 proeceps
1505 2801 1649 2866 ierat,

590 2876 726 2941 quod
761 2876 940 2927 eodem
963 2876 1130 2928 ferme
1153 2878 1358 2945 recidit,
1398 2885 1453 2929 et
1485 2880 1647 2945 magis

591 2967 881 3018 congruere
904 2954 1128 3006 videtur.

652 3039 671 3064 ⁸
704 3032 831 3080 Em
847 3045 1050 3095 proeesso
1064 3031 1286 3096 anm]
1308 3033 1427 3084 Hoc
1443 3048 1646 3101 qnoque

589 3123 805 3159 munere
840 3110 1079 3159 consules
1120 3118 1246 3160 tunc
1277 3109 1645 3177 fungebantur,

589 3183 809 3234 necdum
844 3185 1082 3236 instituto
1117 3185 1369 3251 praet‘ecto
1407 3204 1645 3251 annonae,

589 3275 684 3319 nec
707 3259 960 3324 praefecto
982 3261 1138 3312 Urbis
1159 3271 1435 3327 perpetuo.

651 3339 667 3371 ²
697 3339 1021 3389 Mer-catorum
1038 3333 1309 3407 collegium]
1343 3342 1461 3393 Sive
1479 3358 1510 3393 a
1533 3344 1583 3395 N
1589 3361 1643 3395 u·

587 3431 671 3466 ma
694 3416 938 3467 instituta
959 3415 1152 3466 fuerint
1175 3418 1411 3489 collegia,
1423 3427 1481 3472 ut
1494 3421 1636 3472 Plut-

584 3495 784 3559 scribit,
817 3495 926 3546 sive
949 3510 978 3545 a
1002 3496 1184 3547 Servio
1219 3497 1407 3563 Tullio,
1442 3505 1501 3550 ut
1524 3500 1636 3550 Flo·

560 3586 671 3622 sus
718 3579 774 3622 et
830 3571 1068 3638 Orosius,
1119 3574 1422 3627 sodalitates
1475 3575 1644 3641 fuere,

584 3663 700 3713 qaae
741 3649 1006 3714 proprium
1063 3650 1324 3702 habebant
1367 3653 1641 3718 magistra-

582 3732 712 3775 tum.
776 3726 909 3779 Jura
947 3726 1283 3793 collegiorum
1335 3743 1402 3780 ex
1438 3730 1640 3781 Solonis

580 3802 785 3866 legibus
811 3805 978 3868 petita
1001 3811 1154 3870 putat
1194 3806 1349 3857 Caius
1376 3807 1638 3872 juriscon-

581 3877 747 3929 sultus
771 3880 805 3928 l.
826 3882 920 3931 ult.
953 3881 1019 3932 de
1060 3882 1253 3947 Colleg.
1320 3884 1399 3934 Eo
1433 3884 1534 3935 nisi
1571 3886 1639 3934 ex

583 3954 1039 4010 senatusconsulto
1084 3960 1387 4017 ,instituere
1471 3959 1638 4013 nefas.

581 4029 935 4085 Mercatorum
976 4043 1148 4091 autem
1185 4037 1462 4104 collegium
1497 4037 1637 4090 diem

580 4105 775 4159 festum
795 4108 973 4160 babuit
1016 4112 1142 4163 Idus
1181 4114 1372 4180 Maias,
1411 4130 1512 4183 quo
1551 4115 1637 4167 die

579 4182 823 4234 dedicata
864 4185 1117 4238 Mercurii
1148 4189 1308 4255 aedes,
1348 4192 1485 4258 quod
1525 4193 1636 4259 quie

578 4259 698 4312 dem
740 4260 888 4313 initio
926 4276 975 4313 c.
1007 4262 1087 4314 22.
1121 4264 1360 4318 vidimus.
1425 4270 1635 4322 Mercu·

579 4337 687 4388 rius
711 4345 886 4392 autem
914 4345 1245 4406 mercaturae,
1280 4343 1418 4397 inter
1439 4355 1636 4416 cetera,

1721 2175 2034 2226 Mercuriales
2056 2177 2411 2242 appellantur.

1786 2260 1810 2285 ¹¹
1846 2252 2006 2302 Primi
2023 2253 2112 2317 pili
2141 2253 2434 2319 centurioni]
2463 2252 2759 2320 Splendidis-

1721 2330 1848 2380 sima
1872 2330 1927 2380 in
1950 2330 2138 2382 militia
2160 2333 2399 2383 Romana
2420 2340 2541 2383 erat
2562 2331 2758 2396 dignitas

1722 2407 2089 2472 primipilatus.
2156 2409 2453 2461 Dicebatur
2492 2416 2661 2460 autem
2676 2407 2759 2474 prt-

1720 2484 1883 2550 unipt’ls‘
1924 2488 2154 2549 caurio,
2207 2501 2303 2536 sen
2352 2486 2646 2552 primipilus,
2692 2484 2757 2535 vel

1722 2552 1960 2614 absolute
1990 2565 2172 2628 primus
2203 2564 2441 2628 centurio,
2476 2566 2566 2630 qui
2603 2564 2760 2628 pritnn

1723 2641 1978 2691 centuriae
2017 2649 2262 2707 praeerat,
2284 2657 2454 2709 eoque
2476 2643 2676 2693 nomine
2694 2653 2756 2690 re·

1720 2718 1972 2784 liquorum
2048 2720 2411 2770 centurionum
2473 2720 2759 2772 censebatur

1721 2802 1905 2860 caput,
1953 2803 2010 2846 et
2039 2860 2044 2865 ψ
2065 2797 2213 2862 quasi
2254 2796 2546 2864 praefectus
2571 2814 2587 2859 ς
2631 2808 2757 2863 quem

1719 2871 1838 2924 ideo
1895 2872 2248 2939 sequebantur
2301 2888 2481 2925 omnes
2518 2872 2757 2937 sexaginta

1721 2951 1974 3000 centuriae
1995 2950 2177 3016 quibus
2197 2950 2334 3015 legio
2354 2933 2651 3002 constab‘at.
2671 2948 2756 2998 In·

1722 3027 1980 3091 perator-is
2001 3026 2197 3092 quippe
2232 3035 2288 3078 et
2310 3026 2636 3079 tribunorum
2657 3023 2756 3090 ἰμίε

1720 3105 1962 3155 mandata
1983 3102 2204 3168 ferebat,
2224 3105 2543 3170 aquilam,et
2562 3104 2753 3169 primun

1720 3184 1926 3249 signum
1944 3199 2159 3249 regens:
2201 3184 2342 3235 unde
2365 3191 2422 3235 et
2439 3186 2549 3236 dux
2566 3183 2755 3249 legionis

1719 3261 1995 3327 aliquando
2024 3261 2335 3327 appellatur.
2406 3262 2541 3313 Post
2562 3261 2755 3312 divisum

1717 3338 1990 3404 imperium
2029 3339 2280 3404 primipili
2313 3339 2653 3391 ministerium
2679 3352 2754 3404 po-

1719 3414 1820 3464 tius
1858 3416 2133 3480 pascendis
2170 3416 2234 3465 ad
2273 3417 2497 3468 limitem
2533 3415 2751 3469 militibus

1717 3493 2036 3544 destinatum
2073 3492 2236 3544 fuisse
2261 3493 2489 3558 videtur,
2512 3510 2657 3561 qnam
2677 3494 2751 3542 lio·

1718 3586 1830 3623 nor.
1866 3571 1931 3624 V.
1954 3572 2098 3637 Lips.
2137 3572 2203 3622 de
2233 3572 2394 3624 Milit.
2420 3575 2570 3625 Rom.
2595 3572 2677 3624 lib.
2695 3583 2749 3621 ιι.

1714 3650 1860 3701 Dial.
1884 3654 1934 3701 8.

1779 3727 2029 3792 Primipili
2070 3727 2358 3795 centurioni]
2410 3728 2750 3781 vetustissima

1713 3805 1829 3857 haec
1862 3816 1944 3856 est
1976 3806 2125 3870 hujus
2148 3805 2340 3857 ordinis
2363 3809 2586 3874 mentio,
2602 3816 2656 3859 ut
2672 3805 2746 3857 ob-

1714 3889 1889 3933 servat
1900 3883 1953 3935 J.
1977 3883 2178 3948 Lipsius
2200 3883 2268 3934 de
2287 3884 2395 3936 mil.
2415 3886 2564 3936 Rom.
2586 3887 2619 3936 l.
2641 3898 2695 3934 11.
2707 3874 2747 3932 c'.

1712 3964 1761 4011 8.
1788 3963 1804 3990 ‘
1819 3959 2023 4011 Primus
2048 3960 2312 4011 centurio'
2332 3968 2458 4013 tunc
2479 3958 2745 4017 dicebatur,

1711 4045 1770 4090 ut
1792 4039 1941 4090 testis
1964 4045 2048 4089 est
2068 4038 2242 4090 Livius
2265 4039 2300 4090 1.
2324 4053 2430 4092 vu.
2455 4055 2503 4091 c.
2518 4044 2599 4090 41.
2641 4037 2744 4088 Fuit

1711 4122 1873 4181 caput
1894 4112 2119 4166 omnium
2157 4117 2520 4167 centurionum
2552 4126 2605 4168 et
2637 4116 2742 4166 duc-

1709 4200 1807 4253 tor,
1833 4194 1919 4258 qui
1940 4194 2146 4245 lionoris
2180 4208 2338 4245 cansa
2361 4194 2513 4260 primi
2538 4195 2624 4261 pili
2642 4207 2739 4245 cen·

1709 4271 1849 4322 turio
1870 4266 2161 4324 dicebatur.
2227 4271 2364 4324 Vide
2388 4272 2553 4322 virum
2574 4271 2737 4323 doctis·

1709 4351 1913 4416 simum,
1930 4351 2047 4402 loco
2066 4348 2296 4402 laudato.
2324 4350 2382 4400 J.
2410 4348 2631 4402 cler-im.
