3034 4925
945 357 1131 408 vlu
1178 356 1270 404 Εἰ·
1319 355 1683 406 ms'roau
1731 356 1913 405 aon.
2395 341 2516 431 ‚27

317 506 590 591 ingenio
620 504 770 589 ejus
797 502 1005 570 multo
1028 501 1385 584 digniorem
1410 503 1910 585 uberioremque
1932 499 2520 566 subministrabant

320 610 694 684 materiam,
727 612 793 671 et
838 624 881 670 a
922 604 1110 670 nullo
1155 605 1504 689 scriptore,
1536 604 1755 669 adbuc
1795 605 2175 689 superstite,
2206 609 2520 668 accurate

322 721 396 779 et
423 713 745 786 continuo
775 706 1006 774 ordine
1057 712 1213 772 sunt
1263 706 1626 789 expositae.
1691 705 1885 772 ¹Inde
1930 707 2132 772 etiam
2176 706 2407 791 primis
2438 722 2519 770 x.

320 814 512 880 libris
537 810 1057 896 quadringentos
1087 816 1158 874 et
1187 809 1541 890 sexaginta
1575 813 1817 886 annos,
1857 809 2129 893 reliquis
2160 823 2357 872 xxv.
2388 823 2521 871 non

323 916 460 980 nisi
487 915 969 999 quinquaginta
993 917 1380 995 persecutus
1409 916 1536 989 est,
1566 912 1729 977 etin
1763 912 1901 978 illis
1929 931 2065 976 non
2093 930 2243 977 raro
2271 913 2524 995 impro-

323 1009 979 1083 babilia‘immiscuit
1006 1020 1077 1079 et
1104 1013 1440 1092 sabulosa,
1475 1014 1548 1077 in
1576 1013 1705 1092 his,
1729 1014 2020 1100 Polybio
2055 1013 2248 1093 duce,
2280 1021 2353 1079 et
2379 1032 2526 1079 cer-

222 1137 230 1145 ·
326 1121 508 1184 tiora
535 1116 832 1195 tradidit,
863 1124 931 1182 et
956 1115 1324 1188 historiam,
1353 1136 1507 1199 quae
1525 1116 1746 1198 ·vulgo
1775 1117 2188 1201 pragmatica
2215 1122 2524 1195 vocatur,

331 1221 626 1286 scribere
675 1236 1031 1301 aggressus
1071 1224 1217 1300 est,'
1251 1224 1335 1296 et,
1391 1218 1577 1303 quod
1624 1218 1864 1283 Cicero
1916 1219 2001 1283 de
2055 1218 2277 1284 Coelio
2325 1219 2525 1299 dixit,

327 1320 538 1406 paulo
589 1320 845 1385 inflavit
889 1320 1377 1402 vehementius3
1421 1319 1625 1385 itaut
1662 1321 1732 1385 hi
1770 1320 1970 1406 plane
1998 1320 2358 1386 dissimiles
2389 1321 2526 1384 sint

329 1424 494 1501 illis,
525 1427 614 1501 et,
642 1421 872 1487 labore
899 1421 1165 1506 longius
1204 1423 1626 1507 procedente,
1661 1422 1974 1489 'studium
2004 1423 2153 1508 ejus
2181 1442 2314 1488 non
2344 1424 2527 1488 elan-2

330 1527 578 1612 guisse,
627 1524 745 1588 sed
795 1525 992 1589 simul
1042 1544 1193 1591 cum
1238 1525 1517 1590 materia
1561 1526 1854 1591 crevisse
1885 1524 2218 1592 videatur.
2297 1525 2528 1605 Quare

329 1647 469 1692 non
497 1632 605 1692 est
634 1626 814 1708 quod
844 1625 1431 1710 dubitemus,-quin
1463 1628 1744 1694 virtutes
1776 1629 1926 1714 ejus
1957 1629 2249 1694 maxime
2278 1630 2527 1693 enitue-

327 1730 459 1795 rint
486 1729 557 1794 in
589 1744 836 1794 xcvu.
867 1728 1058 1795 libris
1091 1745 1465 1795 xnv11.·cx
1479 1747 1610 1796 1211.
1663 1732 1780 1816 qui
1821 1731 2065 1815 injuria
2101 1730 2370 1814 maligni
2406 1725 2528 1795 sati

326 1833 543 1897 nobis‘
556 1832 764 1915 erepti
796 1838 975 1909 sunt,
1003 1834 1384 1918 quibusque
1410 1854 1540 1912 reS,
1570 1835 1763 1899 annis
1788 1839 2046 1900 tantum
2077 1849 2345 1900 cnvnr.
2376 1840 2529 1915 ges*

201 1972 211 1983 ·
330 1941 462 2012 tas,
487 1934 576 2000 ab
603 1954 668 2000 a.
700 1934 788 2000 U.
818 1934 899 2003 C.
927 1935 1266 2003 586.·744.
1296 1936 1696 2022 complexus
1726 1941 1855 2003 est.

800 2286 835 2370 ᾗ
878 2285 944 2350 5.
1006 2284 1141 2372 (2.)
1188 2282 1292 2350 De
1332 2283 1501 2349 vitiis
1546 2282 1813 2351 historice
1861 2282 2171 2350 Liviana.

411 2486 582 2552 *Non
615 2491 718 2551 est
746 2487 933 2571 quod
964 2487 1073 2553 vel
1100 2488 1382 2568 mireris,
1414 2488 1475 2554 si
1512 2489 1586 2552 in
1618 2496 1834 2555 vastae
1863 2486 2065 2552 molis
2095 2506 2291 2571 opere
2315 2486 2533 2549 bonus

337 2588 741 2675 quandoque
773 2591 1093 2657 dormitat
1122 2590 1485 2672 HomeruS,
1515 2591 1625 2656 vel
1654 2589 2044 2660 dissimiles,
2072 2607 2244 2673 quos
2272 2588 2532 2669 egregio

334 2692 685 2777 inspersos
732 2686 1095 2779 reprendas
1143 2713 1448 2779 corpore,
1495 2712 1756 2759 naevoS.
1864 2691 2107 2776 Neque
2150 2695 2370 2755 tamen
2419 2707 2538 2753 au·

337 2795 587 2874 diendi,
620 2797 738 2880 qui
770 2795 1030 2880 judicio
1063 2806 1184 2863 aut
1212 2800 1437 2883 inepto
1487 2804 1602 2864 aut
1647 2797 1847 2863 nimis
1892 2814 2156 2861 moroso
2184 2792 2368 2859 d'ucti
2396 2811 2536 2857 om-

337 2897 472 2975 nia,
501 2897 708 2963 etiam
748 2900 1104 2983 praeclara,
1155 2901 1539 2986 vituperare
1586 2910 1834 2968 amant.
1919 2890 2216 2964 Illorum'
2244 2886 2539 2972 numero,

339 3007 585 3084 'praeter
615 3021 757 3081 θος,
787 3003 905 3087 qui
934 3003 1113 3069 Livii
1144 3004 1344 3069 fidem
1376 3006 1804 3089 veritatisque
1847 3002 2136 3068 studium
2169 3001 2236 3065 in
2268 2999 2538 3064 dubium

343 3111 693 3184 vocarunt,
739 3112 809 3171 et
855 3107 997 3191 jam
1045 3126 1252 3191 supra
1297 3110 1332 3194 ᾗ
1360 3109 1426 3172 4.
1460 3108 1782 3174 confutati
1819 3113 1997 3185 sunt,
2032 3101 2378 3169 habendus
2408 3098 2537 3164 Ca-

340 3205 553 3288 ligula
598 3207 778 3293 Imp.
808 3208 925 3292 qui
975 3214 1142 3275 teste
1195 3211 1379 3276 Suet.
1429 3232 1489 3277 c.
1517 3211 1628 3276 34.
1673 3213 1857 3276 ‘non
1905 3209 2157 3272 minore
2197 3204 2409 3269 livore
2459 3221 2540 3267 ac

341 3308 793 3393 malignitate,
811 3330 1011 3395 quam
1045 3313 1363 3397 superbia
1385 3315 1804 3397 saevitiaque,
1830 3329 2030 3395 paene
2057 3308 2376 3373 adversus
2405 3314 2543 3369 om·'

341 3413 442 3476 nis
472 3412 608 3477 aevi
637 3412 943 3478 homines
972 3434 1310 3498 grassans,
1341 3404 1670 3499 cogitavit
1698 3415 1781 3479 de
1812 3412 2096 3479 Homeri
2129 3409 2542 3477 carminibus

344 3514 722 3595 abolendis,
764 3522 969 3601 atque
1012 3517 1282 3601 Virgilii
1331 3525 1400 3584 et
1443 3518 1527 3582 T.
1558 3518 1740 3582 Livii
1783 3517 2039 3602 scripta
2082 3521 2154 3579 et
2193 3511 2544 3595 imagines,

343 3617 627 3701 paulum
661 3618 1038 3703 afuit,·quin
1069 3639 1156 3684 ex
1186 3621 1495 3686 omnibus
1527 3619 1957 3686 bibliothecis
1989 3615 2347 3683 amoverit:
2380 3630 2545 3695 qno·

342 3720 487 3783 ‘rum
521 3720 822 3799 alterum,
853 3730 928 3788 ut
955 3724 1207 3789 nullius
1251 3722 1503 3807 ingenii
1545 3722 1964 3805 minimaequ'e
1993 3717 2347 3794 doctrinae,
2372 3713 2546 3779 alte-

344 3842 494 3887 rum
548 3828 626 3888 ut
682 3824 1036 3891 verbosum
1088 3827 1158 3891 in
1209 3827 1495 3891 historia
1550 3824 2124 3908 negligentemque
2183 3820 2546 3903 carpebat.⁸

348 3922 620 3990 Horum
653 3925 733 3991 C.-
759 3926 1042 3993 Asinius
1073 3924 1318 4009 Pollio,
1353 3930 1459 3993 vir
1480 3927 1913 3994 clarissimus
1940 3923 2214 4009 quidem
2242 3921 2399 3987 belli
2425 3940 2545 4005 pa·

408 4164 427 4188 ⁸
458 4154 810 4220 Negligentioe
832 4157 1005 4209 Livius
1034 4158 1212 4224 inepte
1235 4159 1404 4224 argui-
1484 4156 1762 4210 solvendus
1801 4154 2041 4216 videtur3
2089 4149 2225 4219 quod
2266 4148 2400 4202 infra
2436 4161 2543 4200 mo-

351 4239 466 4286 tur:
501 4233 836 4285 verbositatis
859 4235 982 4287 vitio
1001 4250 1103 4287 non
1139 4236 1294 4302 plane
1316 4235 1406 4286 ab·
1487 4233 1737 4286 nebimus.
