3034 4925
480 326 566 392 28
1169 338 1587 388 »sommum
1641 339 1737 385 nu
1789 339 1980 386 mvn

483 492 716 575 cisque
759 487 1059 567 artibus:
1088 485 1206 551 sed
1254 486 1473 571 asperi
1514 486 1863 569 tetricique
1905 485 2172 570 ingenii,
2215 492 2280 551 et
2308 492 2678 572 perpetuus

483 593 847 677 aequalium
905 591 1739 675 praestantissimorumque
1791 590 2188 675 scriptorum
2240 592 2674 667 obtrectator,

480 698 616 780 qui,
646 696 956 779 quamvis
985 695 1136 778 ipse
1164 695 1349 770 dura,
1372 694 1586 774 sicca,
1616 713 1879 777 aspera,
1908 701 1975 759 et
2003 695 2345 759 salebrosa
2376 695 2676 768 oratione

481 804 839 875 uteretur‚¹¹
883 797 1079 861 Livio
1130 794 1629 860 Patavinitatem
1675 797 2158 879 exprobravit.¹
2246 796 2404 876 Qua
2454 797 2674 862 crimi«

480 902 755 965 natione
785 901 1058 984 quidam
1100 899 1431 983 designari
1459 906 1702 982 putant
1730 899 1974 965 nimias
2021 900 2500 966 Patavinorum
2529 899 2675 964 lau-

482 1004 626 1082 deS,
670 1004 784 1076 alii
831 1003 1055 1069 odium
1096 1004 1167 1067 in
1214 1002 1479 1082 GalloS‚
1510 1002 1631 1068 alii
1677 1003 2167 1088 orthographiae
2208 1002 2674 1080 insolentiam‚³

484 1107 601 1174 alii
649 1107 1211 1189 Pompeianarum
1270 1106 1560 1190 partium
1615 1105 1959 1185 studium,a
2010 1107 2126 1171 alii
2178 1105 2570 1172 redundans
2606 1112 2676 1169 et

481 1210 857 1278 Asiaticum
889 1208 1161 1275 dicendi
1192 1229 1422 1292 gennS,
1448 1229 1568 1273 seu
1616 1209 1916 1292 frigidam
1950 1215 2018 1275 et
2042 1211 2368 1275 elumbem
2401 1207 2674 1292 prolixi-

479 1318 715 1392 tatem,
767 1333 812 1378 a
851 1311 1168 1377 Romana
1217 1314 1531 1377 virilitate
1577 1312 1908 1389 alienam?
1950 1313 2064 1377 alii
2112 1312 2312 1378 aliud.
2403 1310 2536 1376 Sed
2586 1329 2675 1376 ex

477 1413 655 1479 locis
700 1416 903 1479 clasS.
935 1413 1219 1493 Quintil.
1254 1431 1305 1477 1.
1333 1416 1399 1479 5.
1427 1415 1535 1480 65.
1582 1420 1647 1478 et
1692 1431 1860 1480 vm.
1889 1415 1954 1480 1.
1984 1416 2049 1482 3.
2076 1415 2431 1481 manifesto
2461 1434 2676 1498 appa-

480 1525 607 1594 ret,
637 1516 1004 1599 significari
1033 1518 1568 1601 peregrinitatem
1617 1518 1908 1602 aliquam
1954 1520 2026 1583 in
2076 1539 2201 1584 usu
2249 1538 2496 1583 vocum
2536 1517 2678 1582 Ro·

480 1621 699 1684 manis
747 1619 1175 1695 insolentium
1221 1622 1441 1686 aliove
1488 1640 1693 1686 sensu
1740 1623 2117 1706 captarum.
2205 1620 2412 1700 Quod
2453 1626 2677 1685 tamen

481 1722 742 1801 vitium,
773 1724 834 1788 si
863 1724 1060 1788 Livio
1091 1724 1235 1803 suit,
1265 1726 1363 1791 ita
1391 1725 1581 1802 latet,
1607 1731 1684 1789 ut
1711 1744 1753 1789 a
1784 1725 1979 1789 nobis
2007 1725 2247 1790 saltem
2275 1723 2479 1788 hodio
2511 1729 2581 1788 et
2609 1723 2680 1786 in

481 1825 569 1887 iis
599 1826 719 1909 qui
766 1834 1123 1912 supersunt
1148 1827 1337 1892 libris
1383 1827 1532 1913 ejus
1575 1827 1693 1892 vix
1725 1847 1805 1894 ac
1857 1847 1938 1891 ne
1984 1829 2102 1893 vix
2144 1826 2415 1911 quidem
2446 1826 2681 1911 depre-

480 1925 686 1992 hendi
716 1928 978 2011 possit.¹¹

570 2029 804 2114 Hujus
833 2033 1090 2114 generis
1125 2032 1469 2116 judicibus
1510 2035 1740 2099 nescio
1770 2055 1852 2098 an
1886 2033 2361 2099 annumerandi
2387 2031 2536 2110 sint,
2563 2031 2678 2114 qui

482 2131 683 2196 va‘lde
714 2133 1171 2218 improbarunt
1215 2135 1635 2219 frequentem
1681 2137 1866 2201 illam
1918 2145 1988 2200 et
2034 2144 2419 2201 accuratam
2451 2135 2678 2217 prodi-

482 2234 736 2315 giorum
768 2242 1358 2321 portentorumque
1386 2240 1971 2314 enumerationem,
2005 2259 2141 2321 qua
2166 2238 2497 2321 sapienter
2526 2237 2682 2301 abs·

479 2339 753 2403 tinuisse
805 2339 1160 2424 Polybium
1213 2342 1359 2426 jam
1435 2341 1707 2425 Xiphil.
1773 2341 1875 2427 (in
1926 2341 2099 2423 Aug.
2145 2363 2212 2425 p.
2258 2342 2369 2406 41.
2423 2341 2529 2405 ed.
2586 2342 2681 2406 H.

481 2440 750 2528 Steph.)
783 2441 1140 2531 judicavit,
1171 2467 1459 2531 quaeque
1490 2446 1836 2531 praecipua
1878 2447 2168 2511 creditur
2214 2464 2426 2510 causa
2452 2443 2681 2524 fuisse,

481 2563 601 2608 cur
629 2544 999 2630 Gregorius
1032 2548 1131 2612 M.
1165 2549 1616 2633 propagandae
1644 2548 1986 2631 religionis
2019 2547 2417 2612 Christianae
2458 2553 2526 2612 et
2569 2568 2682 2612 su·

478 2648 897 2729 perstitionis
927 2651 1238 2717 tollendae
1269 2652 1829 2729 studiosissimuS,
1855 2670 1944 2716 ex
1979 2652 2291 2716 omuibus
2334 2650 2684 2715 bibliothe-

480 2749 581 2815 cis
612 2750 931 2815 historias
955 2751 1134 2817 Livii
1161 2756 1488 2818 curaverit
1516 2755 1945 2819 amovendas.
2037 2754 2527 2820 Fastidiremus
2553 2754 2691 2843 uti-

483 2869 613 2932 que
660 2851 826 2916 talia
862 2852 1080 2935 legere
1111 2854 1175 2917 in
1197 2855 1539 2923 historicis
1577 2858 1784 2922 nostri
1814 2858 1972 2935 aevi,
2002 2877 2141 2942 quo
2166 2857 2587 2943 philosophia
2616 2861 2684 2921 et

545 3055 563 3086 ²
595 3053 662 3101 V.
685 3053 750 3102 ad
775 3053 898 3103 Tac.
921 3052 1054 3104 Ann.
1076 3067 1115 3103 r.
1140 3058 1218 3104 12.
1241 3061 1290 3106 3.
1623 3059 1690 3107 de
1715 3073 1817 3123 qno
1842 3059 2017 3109 libello
2042 3073 2094 3108 v.
2116 3074 2231 3122 sup.
2257 3065 2366 3109 not.
2386 3063 2435 3108 1.

547 3138 570 3163 ⁸·
604 3130 672 3180 V.
696 3138 877 3180 auctor
899 3130 1089 3196 dialogi
1115 3132 1180 3183 de
1209 3133 1361 3186 Orat.
1386 3150 1433 3186 c.
1455 3139 1539 3187 21.
1686 3145 1707 3171 ⁸
1739 3136 1940 3186 Livium
1965 3143 2021 3185 et
2042 3135 2327 3185 Patavinos
2359 3148 2533 3184 earum
2570 3146 2686 3197 par·

482 3213 538 3256 et
577 3206 762 3256 Senec.
796 3206 927 3256 Exc.
964 3207 1210 3259 Controv.
1246 3217 1302 3261 et
1338 3208 1426 3261 lib.
1462 3226 1539 3262 ιν.
1623 3212 1767 3270 tium,
1794 3210 2028 3262 Asinium
2069 3227 2191 3262 vero
2214 3212 2504 3262 Pollionem
2527 3212 2684 3261 Pom·

484 3283 656 3347 princ.
1232 3280 1235 3283 ’
1623 3289 1819 3352 peianis
1842 3288 2115 3338 adversum
2138 3285 2320 3349 fuisse,
2340 3288 2534 3339 docent
2552 3288 2683 3337 Tae.

547 3366 572 3391 ¹
607 3361 670 3408 V.
697 3360 918 3413 Quintil.
941 3362 985 3411 1.
1010 3362 1079 3413 0.
1104 3378 1141 3414 1.
1164 3369 1214 3415 5.
1237 3369 1320 3416 56.
1340 3373 1397 3415 et
1417 3380 1542 3417 vm.
1621 3364 1761 3415 Ann.
1781 3379 1861 3416 ιν.
1882 3369 1962 3416 34.
1996 3365 2232 3415 Macrob.
2251 3365 2361 3415 Sat.
2389 3368 2523 3415 r.ll.
2563 3364 2683 3414 Vel·

489 3440 537 3485 1.
558 3440 608 3487 3.
1621 3440 1709 3489 lei.
1733 3455 1795 3492 ιι.
1817 3444 1898 3491 63.
1922 3439 2003 3491 Cf.
2028 3438 2252 3491 Morhof.
2275 3442 2309 3489 Ι.
2335 3455 2373 3490 ι.
2396 3456 2441 3490 c.
2462 3444 2511 3490 2.

547 3521 569 3557 1
606 3515 701 3565 Cui
722 3515 1035 3579 conjecturae
1049 3512 1364 3584 favet,quod
1382 3519 1550 3572 Quin·
1687 3526 1712 3552 ⁸
1745 3519 1873 3567 Enni
1910 3517 1997 3568 Jo.
2038 3517 2292 3566 Buherins
2332 3516 2396 3566 de
2434 3515 2680 3566 Patavin-

485 3591 565 3641 til.
585 3605 622 3641 r.
646 3596 696 3642 7.
721 3597 803 3644 24.
824 3592 997 3654 docet,
1014 3594 1213 3645 Livium
1232 3596 1332 3646 sibe
1353 3604 1409 3646 et
1430 3612 1545 3661 qua-
1626 3593 1756 3643 Livii
1787 3594 1863 3643 ita
1898 3592 2107 3656 festive,
2146 3594 2267 3643 licet
2291 3592 2534 3655 maligne,
2572 3591 2681 3643 dic-

482 3682 534 3716 ει
557 3669 826 3732 scripsisse
851 3683 943 3732 pro
964 3670 1060 3719 sibi
1088 3678 1141 3720 et
1176 3672 1329 3736 quasi.
1372 3674 1548 3722 Enim·
1628 3677 1732 3720 tam
1755 3670 2023 3735 censebat,
2044 3669 2165 3736 quia
2183 3669 2551 3719 Patavinorum
2576 3683 2684 3718 rnn-

488 3759 609 3794 vero
635 3746 685 3795 id
713 3761 815 3795 non
840 3748 1102 3812 proprium
1129 3750 1418 3814 Patavinis,
1453 3749 1544 3800 sed
1629 3746 1782 3795 lieres
1806 3746 1857 3794 in
1882 3746 2135 3795 Venerem
2159 3743 2452 3809 frigidiores
2470 3754 2522 3794 et
2541 3759 2685 3794 seve·

483 3820 754 3872 literarum
789 3840 816 3873 e
853 3832 908 3874 et
941 3825 963 3873 i
994 3839 1141 3876 usum
1183 3827 1235 3875 in
1273 3827 1546 3890 permultis
1626 3836 1709 3871 ras
1725 3820 2119 3872 moribusfnisse
2134 3827 2527 3886 cognoveratex
2544 3821 2685 3871 Mar·

484 3900 698 3950 vocibus
736 3903 1079 3965 promiscuum
1120 3903 1282 3954 fuisse
1315 3904 1543 3970 antiquis
1611 3899 1738 3950 αἱαὶ.
1765 3913 1842 3949 rx.
1866 3903 1945 3949 17.
1968 3906 2023 3949 et
2044 3899 2180 3949 Plin.
2205 3900 2303 3963 Ep.
2322 3913 2365 3949 r.
2391 3904 2469 3950 14.

485 3976 843 4041 scriptoribus,
864 3994 930 4028 ex
954 3979 1214 4042 inscriptt.
1254 3981 1382 4032 Mas.
1404 3980 1543 4031 Geli.
1685 3976 1709 4011 ὓ
1744 3977 1879 4027 Haec
1916 3983 1973 4025 et
2009 3975 2248 4026 Morhofii
2277 3975 2535 4026 sententia
2558 3973 2684 4036 fuit,

484 4064 542 4101 x.
563 4056 646 4104 24.
702 4054 920 4104 Quintil.
946 4068 982 4104 r.
1005 4058 1056 4106 4.
1081 4063 1135 4106 et
1155 4060 1204 4106 7.
1254 4057 1463 4106 Donato
1488 4057 1543 4106 in
1624 4057 1712 4120 qui
1752 4056 1865 4105 illas
1906 4052 2134 4123 aliasque
2174 4057 2499 4121 conjecturas
2546 4055 2678 4106 bene

484 4129 694 4180 Terent.
719 4131 928 4180 Phorm.
945 4145 985 4180 ι.
1005 4137 1053 4180 1.
1075 4138 1132 4183 et
1147 4133 1261 4182 aliis
1284 4133 1397 4195 jam
1424 4147 1543 4197 pro·
1626 4131 1877 4189 refutavit
1899 4134 1936 4184 Ι.
1962 4147 2001 4183 1.

485 4202 630 4256 havit
653 4205 878 4261 Mothof.
901 4206 966 4256 de
1003 4207 1242 4258 Patavin.
1265 4208 1399 4261 Livii
1422 4223 1468 4260 c.
1488 4213 1538 4259 ³.
