3034 4925
565 414 702 481 543
1400 419 1406 425 '
1494 428 1562 478 τ.
1609 427 1803 478 mvn

568 575 825 640 sulibus
865 574 1271 650 absentibuS,
1302 582 1489 640 ratus
1517 575 1745 639 locum
1778 574 2153 640 tribuniciis
2181 576 2618 640 actionibus?
2663 574 2785 636 da·

570 685 733 754 tum,
767 699 893 763 per
938 679 1193 761 aliquot
1228 676 1373 741 dies
1402 676 1685 742 Patrum
1716 679 2099 762 superbiam
2132 680 2219 744 ad
2257 680 2534 764 plebem
2562 678 2783 742 crimi-

569 790 790 861 natus,
836 784 1120 847 maxime
1168 780 1236 843 in
1281 781 1631 845 consulare
1684 782 2058 864 imperium,
2104 788 2428 867 tanquam
2477 782 2781 857 nimium,

569 904 692 949 nee
732 885 1079 950 tolerabile
1122 884 1351 948 liberae
1390 884 1671 961 civitati,
1704 884 2177 951 invehebatur:
2228 891 2248 920 ‘
2279 886 2559 949 nomine
2607 884 2783 948 enim

571 995 830 1051 tantum
885 987 1105 1052 minus
1155 986 1578 1064 invidiosum,
1624 1007 1711 1051 re,
1736 988 1894 1071 ipsa
1936 1007 2149 1072 prope
2201 988 2535 1064 atrocius,
2586 1005 2783 1068 quam

572 1089 844 1171 regium,
889 1109 1063 1163 esse.
1153 1087 1427 1173 Quippe
1471 1089 1648 1153 duos
1691 1109 1814 1174 pro
1859 1110 1993 1154 uno
2036 1088 2309 1153 domino
2333 1089 2384 1127 ¹⁸
2430 1093 2786 1171 acceptos»,

572 1191 1027 1264 immoderata,
1066 1192 1322 1257 infinita
1364 1197 1731 1276 potestate:
1754 1199 1848 1243 ¹⁹⁰
1892 1193 2029 1276 qui,
2068 1193 2272 1257 soluti
2317 1197 2530 1274 atque
2572 1189 2789 1254 effrae·

573 1295 713 1358 nati
757 1294 914 1377 ipsi,
941 1314 1173 1359 omnes
1203 1305 1423 1358 metus
1452 1295 1669 1376 legum
1701 1294 2053 1379 omniaque
2084 1295 2422 1380 supplicia
2454 1299 2790 1357 verterent

575 1396 642 1460 in
695 1397 1018 1479 plebemst'
1108 1397 1283 1478 Quae
1332 1417 1413 1461 ne
1462 1384 1717 1464 aeterna
1760 1397 1898 1462 illis
1945 1399 2216 1462 lieentia
2268 1399 2384 1474 sit,
2429 1396 2662 1479 legem
2719 1416 2789 1459 se

575 1499 1197 1581 promulgaturum,q
1239 1506 1310 1564 ut
1353 1500 1652 1583 quinque
1701 1501 1822 1566 viri
1866 1506 2172 1565 creentur
2212 1499 2484 1581 legibus
2535 1497 2627 1560 de
2674 1497 2791 1559 im-

576 1602 759 1683 perio
803 1604 1148 1667 consulari
1193 1603 1610 1668 scribendis.¹'
1698 1603 1904 1684 Quod
1950 1603 2240 1689 populus
2284 1604 2356 1665 in
2396 1621 2473 1665 se
2505 1601 2634 1684 jus
2680 1600 2793 1663 de·-

578 1703 772 1780 derit,
803 1724 888 1767 eo
937 1706 1276 1770 consulem
1322 1726 1633 1773 usurum:
1676 1725 1812 1771 non
1852 1706 2041 1789 ipsos
2067 1705 2415 1770 libidinem
2447 1724 2536 1779 ac
2580 1703 2793 1767 lieen-

579 1804 741 1873 tiam
774 1824 966 1871 suam
996 1826 1120 1895 pro
1148 1809 1296 1891 lege
1327 1808 1717 1875 habituros.’
1805 1805 1964 1885 Qua
1989 1808 2407 1890 promulgata
2430 1807 2611 1888 lege,
2638 1824 2792 1869 cum

580 1905 881 1971 timerent
920 1908 1182 1988 Patres,
1211 1930 1317 1989 ne,
1348 1912 1739 1977 absentibus
1783 1911 2190 1988 oonsulibuS‚
2225 1909 2466 1992 jugum
2515 1907 2793 1990 accipe·

644 2081 668 2114 ⁹
697 2074 1026 2124 Accusator-iis
1047 2076 1349 2127 concionibus
1370 2077 1681 2130 tribunorum.

1501 2208 1646 2231 005«
1651 2207 1766 2230 0000
1770 2210 1860 2231 OOO

585 2307 649 2353 18
688 2303 919 2355 Domitios
956 2306 1089 2357 Edd.
1126 2314 1251 2358 ante
1287 2276 1737 2362 Dulce-luvet.
1773 2311 1865 2363 lib.
1895 2325 1979 2376 ap.
2017 2309 2193 2374 Sigon.
2229 2306 2511 2372 infinitoque
2535 2308 2797 2368 potestate.

1569 2442 1786 2493 No'rAE

595 2579 602 2582 .
647 2540 672 2565 ⁰
694 2519 1026 2607 Immodernta‚
1040 2537 1231 2603 infinita
1244 2539 1500 2604 potestate]
1519 2541 1643 2590 Cre·
1725 2556 1896 2606 posse,
1910 2539 2232 2606 ‘generaliter
2253 2536 2458 2603 quidem
2485 2548 2680 2584 verum
2702 2540 2798 2591 est,

587 2608 641 2658 di
674 2611 783 2659 vult
809 2613 1327 2678 tribunusfeonsules
1347 2620 1643 2681 potestatis

586 2698 685 2734 nec
725 2687 930 2738 modum
968 2704 1066 2740 nee
1108 2691 1274 2756 finem*
1303 2693 1412 2742 sive
1451 2693 1643 2742 limites

587 2761 777 2813 habere
800 2780 814 2812 z
848 2779 964 2815 uam
986 2767 1044 2816 τὸ
1079 2769 1272 2833 infinita
1293 2784 1396 2820 non
1422 2771 1484 2819 ad
1510 2777 1641 2819 tem-

588 2852 685 2902 pus
710 2839 954 2907 refertur,
990 2846 1399 2910 quandoquidem
1427 2862 1561 2895 auno
1584 2846 1642 2895 fi-

560 2915 831 2991 ·uiebatur
885 2919 1154 2983 imperium
1207 2924 1495 2979 consulare,
1552 2922 1641 2971 sed

587 2990 656 3038 ad
699 2994 1124 3057 magnitudinem.
1206 2998 1358 3047 Unde
1404 2998 1644 3049 subtilius

594 3080 745 3127 quam
770 3071 959 3128 verius,
995 3074 1081 3136 qui
1119 3074 1445 3132 emendabat,
1478 3076 1644 3125 immo-

590 3141 759 3227 deret«
790 3146 858 3230 vi,
885 3146 1038 3209 finita
1071 3155 1324 3214 potestate.
1389 3152 1644 3204 Defectus

593 3221 967 3280 conjuncttonis
1029 3225 1313 3275 orationem
1356 3241 1456 3277 uon
1501 3229 1644 3279 biau-

594 3297 720 3354 tem,
743 3293 834 3343 sed
858 3298 1149 3359 graviorem
1180 3299 1361 3365 efficit,
1394 3317 1511 3353 eum
1555 3319 1646 3368 po·

595 3377 757 3422 testas
789 3375 1050 3426 consulum
1083 3379 1149 3427 ad
1190 3379 1429 3431 invidiam
1463 3382 1514 3430 iu
1557 3397 1647 3433 eos

594 3451 952 3510 concitandam
1003 3457 1194 3507 dicitur
1235 3459 1647 3524 ‘immoderata,’

594 3525 611 3552 ‘
634 3526 873 3579 infinita!

659 3604 859 3671 Infinita
868 3610 1122 3674 potestate]
1139 3613 1338 3665 Revera
1353 3614 1497 3677 regia
1513 3619 1651 3678 erat,

596 3680 817 3754 durante
840 3686 1139 3747 magistratu
1156 3706 1171 3750 ;
1192 3704 1293 3754 quo
1310 3689 1515 3747 exactoss
1533 3699 1649 3756 pot-

597 3765 710 3828 erat
732 3761 929 3810 consuli
950 3762 1058 3812 dies
1098 3764 1220 3814 dici.
1287 3766 1427 3816 Hinc
1463 3768 1652 3817 intelli·

596 3847 719 3894 gere
738 3842 821 3885 est
839 3846 1032 3903 quanta
1053 3848 1191 3891 esset
1213 3843 1547 3905 patriciorum
1565 3858 1649 3893 su«

599 3908 876 3972 perbia‚et
894 3915 1145 3978 ambiti03
1181 3919 1317 3983 quod
1342 3934 1445 3969 non
1476 3919 1650 3985 obser-

599 3993 746 4049 vant,
768 3992 857 4053 qui
883 3996 1079 4056 priscos
1100 3998 1359 4048 Romanos
1389 3999 1653 4062 aequitatis

600 4070 832 4126 amantes
853 4068 1072 4135 fingunt,
1097 4084 1158 4124 nt
1183 4075 1476 4140 Sallustius,
1507 4076 1655 4128 initio

599 4136 737 4202 Belli
761 4140 1069 4200 Catilinarii.
1098 4153 1155 4200 J.
1177 4152 1407 4204 Clericus.

625 4273 636 4286 ι
665 4224 692 4264 Ρ
730 4217 976 4272 Verterat
1000 4226 1053 4274 iu
1076 4229 1278 4294 plebem]
1330 4231 1485 4285 Quod
1507 4236 1657 4282 notat

603 4290 748 4343 Glor.
789 4301 1025 4349 verterent
1058 4316 1152 4365 pro
1171 4311 1463 4358 verterentur
1486 4308 1655 4373 accipi

1723 2619 1815 2667 sed
1841 2618 2076 2667 hocloco
2098 2615 2271 2666 active
2308 2613 2434 2662 sumi
2478 2610 2649 2660 debet
2668 2627 2685 2659 ε
2722 2615 2799 2658 est.

1721 2695 1857 2743 enim
1876 2708 2019 2743 ruens
2039 2692 2184 2742 Arsae
2205 2690 2420 2747 tribuni,
2439 2687 2713 2747 consules,
2727 2686 2794 2733 le-

1722 2770 1869 2834 gibus
1891 2770 2110 2832 solutos,
2135 2782 2309 2818 earum
2323 2767 2508 2830 jugum
2535 2763 2689 2826 plebi
2707 2763 2796 2810 irn-

1726 2861 1934 2911 ponere.

1789 2930 1814 2965 ‘¹
1846 2923 2026 2981 Legem
2043 2936 2092 2973 se
2112 2915 2549 2984 promulgaturum]
2589 2917 2791 2965 Narrat

1723 3001 1812 3051 lib.
1825 3014 1881 3050 x.
1902 3000 2200 3064 Dionysius,
2217 2997 2478 3045 Romanos
2504 2994 2667 3043 initio
2688 2995 2797 3045 sine

1725 3076 1924 3141 legibus
1949 3077 2153 3138 vixisse,
2175 3075 2310 3139 quod
2335 3089 2366 3121 a
2389 3072 2606 3134 regibus
2625 3072 2800 3121 omnia.

1726 3168 1881 3208 manu
1902 3153 2329 3217 gubernarentur.
2394 3147 2618 3198 Deinde
2642 3156 2799 3197 trans·

1727 3233 1834 3286 lato
1851 3231 1916 3280 ad
1939 3231 2179 3281 eonsules
2203 3226 2437 3291 imperio,
2452 3227 2547 3288 jus
2571 3226 2801 3274 maxim

1730 3323 1798 3362 ex
1841 3313 1989 3371 parte
2013 3304 2333 3371 praejudiciis
2369 3311 2533 3362 atque
2577 3302 2798 3352 arbitrio

1729 3400 1903 3437 eorum
1926 3384 2370 3434 administratum=
2399 3393 2520 3427 cum
2545 3378 2670 3441 ejns
2689 3393 2801 3442 pars

1730 3461 1919 3526 exigna
1962 3458 2109 3509 libris
2163 3454 2464 3521 pontificum
2506 3454 2801 3504 continere·
2850 3507 2859 3530 ι

1728 3545 1835 3601 tur,
1871 3537 1958 3601 qui
1994 3533 2189 3585 libriin
2212 3532 2557 3595 patriciorum
2594 3537 2799 3580 tantun

1728 3603 1964 3666 manibus
1981 3618 2145 3662 eraut.
2208 3609 2422 3659 Idcirco
2444 3608 2587 3656 hune
2612 3609 2799 3657 Teren·

1730 3693 1857 3741 tium
1900 3690 2171 3740 consulare
2202 3685 2485 3749 imperium
2526 3686 2700 3734 certis
2736 3686 2799 3734 le·

1729 3768 1882 3833 gibus
1917 3762 2340 3836 circumscribere
2387 3766 2653 3817 tentasse,
2692 3774 2801 3811 eun

1729 3846 1933 3896 diceret
1946 3842 2134 3902 ,liberae
2157 3839 2356 3890 civitati
2380 3838 2512 3887 nihil
2537 3852 2661 3887 esse
2691 3850 2802 3887 cou-

1734 3920 2045 3982 venientius,
2070 3932 2221 3983 quam
2261 3916 2304 3965 si
2338 3914 2543 3976 omnia,
2565 3921 2683 3964 tum
2706 3913 2800 3977 pri·

1735 3998 1911 4061 vatim,
1949 4003 2059 4045 tum
2084 3993 2308 4058 publice,
2345 4005 2415 4040 ex
2457 3992 2638 4054 legum
2676 4003 2801 4055 prt-

1735 4075 1932 4138 scripto
1952 4078 2274 4137 gererentur.

1802 4157 1823 4185 ¹·
1860 4152 1929 4202 Ut
1949 4149 2153 4213 quinque
2179 4146 2276 4195 oiri
2306 4144 2801 4207 creentur-legibus&

1736 4228 1934 4293 imperio
1953 4223 2188 4276 consulari
2207 4220 2502 4286 scribendis]
2539 4221 2799 4283 Quinque·

1739 4307 1964 4358 virorum
1986 4302 2128 4353 nulla
2148 4298 2341 4372 mentio
2378 4298 2524 4366 apud
2563 4295 2798 4364 Dionysi·
